2125 3084
122 198 218 263 [11‚
248 194 381 259 ast]
501 200 582 245 {N
623 200 976 247 GENESIN.
1016 202 1272 249 annuo
1307 206 1392 254 lv.
1656 200 1751 255 ⁴27

212 330 353 390 Quid
389 341 461 381 est
494 315 727 395 ,jServua
760 333 923 383 domus
954 350 1072 383 suae
1104 326 1288 397 senior',
1338 338 1436 399 qui.
1441 349 1673 403 praeerat

457 400 691 463 omnibus,
740 417 865 464 quae
900 401 946 450 ei
978 404 1194 451 ermffl‘?
1230 406 1337 466 (24,
1365 404 1440 467 2.)

247 486 338 538 85.
393 477 685 540 Manifesta
716 493 799 539 est
819 486 1026 549 littera,
1060 486 1325 557 quoniam
1345 498 1748 558 procuratorem

134 560 257 613 sive
293 558 617 629 principem
649 557 946 615 famulatus
979 560 1066 615 vel
1095 560 1412 631 praesidem
1439 579 1625 617 rerum
1649 564 1750 618 do-

135 634 275 687 mini
306 648 436 687 esse
468 633 748 689 hominem
779 643 929 689 notat
958 634 1266 705 Scriptura.
1344 637 1408 690 In
1437 637 1582 691 serie
1620 654 1750 692 vero
1825 698 1832 707 ,

134 708 443 779 allegoriae
481 709 648 763 etiam
686 717 879 764 natura
906 717 1120 773 nostra,
1167 717 1230 763 ut
1259 708 1509 774 videtur,
1552 709 1751 765 huius-

130 783 288 838 modi
320 782 611 837 aestimata
642 792 745 837 est.
824 783 983 838 Servi
1015 800 1079 837 ac
1107 784 1350 839 ministri
1377 785 1630 840 ordinem
1649 784 1751 840 ha-

126 859 227 913 bet
255 860 319 911 in
350 857 514 911 nobis
546 856 778 913 verbum
807 858 1084 929 prolatum
1115 865 1268 912 extra
1297 868 1536 917 mentem
1552 901 1565 925 ,
1607 876 1750 931 quae

126 932 311 989 verbo
330 930 631 1003 perfectior
650 941 733 987 est
752 941 805 987 et
826 934 1086 1004 princeps
1108 941 1272 1003 atque
1291 932 1570 989 dominus.
1636 936 1750 989 Hoc

124 1024 270 1081 ergo
309 1007 551 1063 verbum
584 1006 857 1078 prolatum
897 1016 981 1061 est
1019 1008 1199 1078 ipsius
1245 1009 1498 1063 minister
1541 1010 1743 1073 senior,

124 1082 517 1155 principatum
539 1082 749 1137 habens
774 1100 846 1137 ex
874 1090 1069 1137 natura
1098 1090 1378 1152 tamquam
1409 1100 1438 1137 a
1467 1100 1568 1138 suo
1595 1100 1744 1155 rege,

126 1160 259 1213 sive
280 1157 496 1211 ratione
516 1174 686 1228 super
703 1157 1006 1228 corporalia
1026 1157 1394 1211 instrumenta
1421 1166 1476 1213 et
1501 1157 1743 1213 obieeta:

126 1233 279 1287 haee
306 1233 461 1286 enim
488 1232 749 1287 universa
776 1230 876 1304 per
906 1231 1109 1289 virtute
1139 1238 1392 1288 ornatum
1429 1232 1748 1288 ministrum

130 1307 390 1379 disponit
409 1307 569 1361 ratio.

194 1402 219 1429 ⁶
251 1412 329 1479 [¹²]
372 1412 471 1464 Gur
504 1414 705 1465 dixerit.-
764 1414 947 1478 „Pone
978 1431 1166 1464 manum
1201 1425 1330 1465 tuam
1361 1417 1448 1465 aab
1469 1416 1634 1481 femur

747 1484 975 1531 meum“?
1018 1483 1137 1547 (ib.)

249 1570 339 1623 86.
380 1566 566 1633 Quum
585 1567 936 1622 adiuraturus
958 1575 1102 1623 esset
1122 1566 1384 1641 (servum)
1405 1568 1474 1622 de
1503 1568 1745 1640 despon-

134 1644 354 1698 satione
381 1643 663 1705 mulieris,
706 1659 931 1697 manum
960 1642 1115 1697 iubet
1143 1659 1454 1713 supponere
1481 1658 1654 1713 prope
1683 1642 1745 1695 in

136 1718 325 1773 locum
345 1718 731 1789 generativum
744 1758 757 1781 ,
790 1716 1114 1789 significans
1133 1716 1404 1771 illibatam
1425 1716 1747 1769 collocutio-

133 1809 268 1847 nem
298 1791 371 1847 de
400 1791 663 1847 affinitate
694 1799 749 1846 et
785 1791 1198 1846 matrimonium
1233 1787 1742 1860 irreprehensibile,

132 1865 292 1938 quod
320 1883 421 1937 pro
450 1866 559 1921 fine
586 1866 784 1921 habeat
810 1884 919 1923 non
948 1864 1300 1937 cupidinem,
1349 1862 1448 1917 sed
1477 1862 1749 1933 genuino—

135 1958 267 1995 rum
297 1940 539 1995 filiorum
566 1942 1019 2013 procreationem.
1100 1937 1408 2009 Allegorice
1435 1951 1567 1989 vero
1605 1935 1749 1988 acci-

133 2018 359 2087 pientes
389 2014 641 2071 dicamus
671 2016 861 2080 liceat,
906 2014 1179 2070 veraciter
1222 2011 1401 2067 femur
1435 2009 1549 2065 dici
1586 2009 1747 2064 illum

136 2091 359 2144 animae
380 2090 564 2145 locum
579 2132 591 2155 ,
636 2091 734 2162 qui
756 2106 865 2144 non
886 2087 1035 2153 fluit,
1082 2087 1181 2142 sed
1201 2085 1419 2141 stabilis
1441 2093 1523 2140 est
1541 2084 1746 2139 duritia

138 2166 587 2237 constantiaque:
622 2182 789 2237 supra
811 2181 979 2235 quem
1000 2162 1157 2217 iubet
1175 2162 1384 2217 ratione
1404 2177 1608 2233 ponere
1627 2178 1747 2214 ma-

140 2255 278 2293 num
300 2238 371 2293 ob
392 2240 760 2294 reverentiam
782 2239 1153 2309 honoremque
1174 2238 1296 2291 eius
1318 2237 1452 2300 loci,
1477 2236 1570 2289 cui
1592 2233 1748 2288 dedit

140 2322 335 2367 natura
358 2314 505 2367 sicut
524 2314 854 2386 dignitatem
873 2314 1153 2385 propriam
1181 2310 1558 2366 immutabiles
1587 2310 1747 2360 inva-

138 2386 483 2459 riabilesque
524 2388 768 2459 species3
840 2388 939 2460 qui
978 2386 1173 2441 itidem
1204 2404 1266 2441 ac
1295 2384 1555 2439 similiter
1581 2380 1749 2465 habet

138 2460 404 2527 fluxum,'
428 2478 539 2516 non
569 2471 633 2516 ut
669 2462 875 2517 dixerit
903 2462 1210 2534 quispiam,
1251 2474 1428 2531 pauca
1457 2462 1744 2537 receperit,

140 2536 241 2589 sed
271 2544 334 2591 ut
360 2544 683 2607 permaneat
712 2544 765 2590 et
794 2536 916 2606 ipse
943 2536 1066 2591 sine
1093 2534 1396 2590 mutatione
1433 2527 1750 2583 mendaclo-

140 2626 250 2681 que
272 2610 331 2665 in
350 2609 823 2681 promissionibus
832 2608 906 2683 ³¹⁵).

242 2744 285 2792 ⁸)
313 2744 461 2785 Locus
488 2743 818 2785 obscurissimus
842 2743 1100 2783 verbotenus
1129 2748 1156 2779 a
1180 2737 1304 2777 nobis
1331 2734 1537 2776 redditus.
1591 2732 1750 2773 Auch-
