2125 3084
340 162 400 212 46
794 163 1164 222 RHILONIS
1213 163 1486 209 umam
1783 158 1853 225 [L
1877 163 1963 228 7.]

334 275 444 331 set,
484 265 709 321 initium
736 263 1019 320 habuisse.
1097 262 1316 318 Etenim
1343 263 1393 318 si
1429 279 1558 334 pars
1593 267 1964 336 corruptioni

334 341 573 399 obnoxia
592 349 677 395 est
690 381 703 404 ,
732 337 1070 411 corruptioni
1089 337 1393 406 obnoxium
1413 346 1467 392 et
1485 346 1658 395 totum
1678 341 1754 394 sit
1771 358 1962 412 opor,

332 425 437 474 tet:
464 417 609 472 siout
618 416 779 480 etiam
793 423 974 487 partes
985 412 1181 468 mundi
1193 413 1490 485 etpartium
1505 423 1707 484 partes,
1725 418 1964 471 anima-

335 493 410 548 lia
438 493 742 555 terrestria,
786 489 1025 544 natantia
1056 497 1110 542 et
1139 490 1321 552 aerea,
1363 488 1585 544 arbores
1619 489 1960 548 fructiferae

336 577 415 633 et,
439 567 539 639 qui
560 565 866 622 dominium
885 564 1053 619 habet
1069 579 1238 635 super
1255 564 1360 618 ista
1377 565 1563 620 omnia
1577 606 1590 629 ‚
1616 565 1802 620 homo.

450 688 531 740 ⁴0.
569 683 715 751 Quid
744 699 875 738 vero
902 689 1012 746 est,
1054 680 1205 752 quod
1225 688 1375 738 extra
1395 681 1664 736 mundum
1687 683 1976 750 initium,-

334 772 395 818 ut
415 769 558 819 esset
576 769 739 832 atque
760 765 1014 822 exstaret,
1029 757 1248 828 uspiam
1271 756 1576 828 acceperit?
1595 756 1761 823 Quid,
1787 760 1949 830 quod

332 854 443 892 non
479 835 729 911 genitum
771 832 935 888 fuerit
971 849 1100 886 cum
1139 830 1348 886 mundo
1383 833 1672 898 universo,
1725 835 1831 904 qui
1869 852 1945 890 ex

334 909 780 984 contingentibus
810 908 1157 979 inceptisque
1187 907 1439 978 partibus
1460 916 1543 962 est
1563 908 1944 980 compositus?

230 1049 239 1059 ,
333 989 526 1044 Nonne
548 985 695 1057 apud
715 1001 906 1039 omnes
926 983 985 1037 in
1007 980 1255 1039 confesso
1277 989 1385 1046 est,
1417 981 1566 1053 quod
1586 1000 1714 1055 pars
1736 983 1938 1050 mundi

332 1071 416 1118 est
433 1063 559 1117 talis
579 1061 742 1115 homo
757 1101 770 1124 ,
794 1061 912 1130 ‘quo
934 1057 1156 1114 homine
1177 1056 1491 1114 humanitas
1512 1057 1758 1124 exstitit?
1787 1061 1938 1116 Nus-

332 1145 500 1209 quam
526 1136 673 1190 enim
704 1135 1017 1190 humanitas
1038 1133 1169 1202 erit,
1209 1134 1318 1188 nisi
1335 1134 1492 1206 prius
1511 1133 1674 1188 homo
1696 1133 1928 1207 aliquis:

334 1212 487 1281 atqui
509 1210 670 1264 homo
692 1210 788 1264 ille
809 1210 1033 1264 initium
1054 1207 1219 1262 habet
1237 1210 1606 1282 generationis
1617 1208 1759 1280 (sive
1781 1228 1936 1266 crea-

329 1286 498 1362 tionis
518 1284 764 1356 suae)*)‚
808 1283 861 1339 et
888 1292 971 1338 est
992 1301 1120 1357 pars
1151 1283 1533 1350 humanitatis3
1576 1301 1758 1356 neque
1785 1288 1937 1344 enim

332 1360 493 1414 datur
512 1357 967 1414 humanitas'sine
988 1359 1174 1429 aliquo
1194 1359 1444 1423 homine,
1488 1369 1541 1414 et
1569 1360 1790 1416 sublato
1814 1362 1936 1433 ipso

332 1435 556 1493 homine
576 1431 815 1506 quodam
836 1434 1003 1488 simul
1025 1425 1243 1500 tollitur‘
1257 1444 1310 1490 et
1328 1434 1660 1508 humanitas,
1719 1434 1782 1490 Si
1803 1454 1936 1510 ergo

332 1509 495 1565 homo
532 1508 758 1580 quidam
797 1508 1071 1574 humanae
1109 1511 1479 1583 generationis
1518 1511 1936 1584 initiumsum-

330 1587 469 1659 psit,
510 1585 733 1639 omnino
764 1601 988 1639 necesse
1015 1593 1099 1640 est
1127 1594 1182 1644 et
1211 1585 1604 1646 humanitatem
1641 1586 1937 1644 subiacere

332 1660 621 1716 creationi:
675 1660 763 1714 sin
801 1668 983 1715 autem
1019 1677 1166 1716 unus
1196 1660 1293 1715 ille
1323 1662 1534 1733 accepit
1565 1661 1828 1729 initium,
1875 1671 1934 1718 ut

332 1746 503 1802 esset,
534 1734 793 1792 fatebitur
810 1736 991 1792 omnis
1011 1735 1176 1790 homo
1193 1753 1256 1790 se
1275 1736 1506 1792 subesse
1532 1737 1821 1795 creationi.

448 1867 527 1920 Η.
569 1863 631 1918 Si
651 1864 836 1934 itaque
850 1855 945 1916 'res
965 1863 1042 1916 ita
1060 1879 1120 1922 se
1141 1861 1334 1927 habet,
1378 1861 1531 1922 nulla
1559 1873 1820 1934 superest
1848 1883 1934 1920 ra-

331 1941 434 2005 tio,
478 1957 577 1997 cur
607 1939 919 2000 humanitas
948 1936 1163 1994 dicatur
1182 1954 1303 1992 esse
1323 1938 1445 1992 sine
1465 1937 1706 2010 origine3
1737 1937 1933 2010 {luan-

334 2013 634 2087 doquidem
653 2022 834 2086 partes
854 2013 974 2067 eius
994 2012 1258 2068 creationi
1280 2021 1411 2066 sunt
1429 2011 1730 2078 subiectae,
1755 2031 1932 2086 quum

332 2091 555 2146 initium
572 2089 910 2160 sumpserint
928 2105 958 2142 a
980 2087 1083 2142 deo
1108 2088 1372 2159 principii
1401 2096 1643 2160 experte.
1726 2087 1932 2145 Omnes

333 2165 481 2219 enim
502 2171 563 2218 u‘t
582 2181 829 2219 essemus
844 2205 857 2226 ,
886 2162 1118 2235 produci
1141 2162 1463 2217 debuimus:
1497 2179 1677 2234 neque
1700 2165 1856 2219 enim
1877 2167 1930 2220 in

329 2239 608 2294 infinitum
634 2236 705 2313 [⁴¹⁵]
730 2236 1095 2310 protrahenda
1115 2238 1287 2306 series
1308 2254 1496 2297 eorum
1510 2279 1522 2302 ‚
1554 2241 1934 2311 quae'produ-

330 2315 509 2368 ctione
532 2322 720 2386 egent,
743 2321 805 2368 ut
824 2313 960 2380 sint;
987 2329 1112 2367 nam
1134 2312 1355 2371 tandem
1377 2313 1435 2366 in
1457 2312 1771 2386 ingenitum
1791 2315 1934 2388 (sive

328 2387 653 2456 increatum)
671 2405 768 2441 ens
788 2388 1135 2442 incurramus
1157 2405 1382 2443 necesse
1401 2394 1503 2443 est.

428 2554 472 2601 ⁸)
500 2556 705 2604 Quamvls
724 2561 769 2598 in
788 2557 864 2598 Gr.
882 2555 1033 2606 γένεσις
1048 2567 1220 2606 proprie
1246 2560 1303 2598 sit
1317 2538 1429 2607 fleri*
1445 2570 1486 2600 s.
1509 2561 1679 2606 creatio,
1711 2565 1758 2602 et
1783 2562 1941 2613 riv-nq—

328 2614 391 2646 σις
421 2607 638 2652 minitas,
691 2609 924 2656 ymeratio.
970 2617 1076 2646 usus
1119 2613 1263 2647 tamen
1300 2611 1460 2656 tenuit,
1506 2613 1734 2658 utramque
1777 2624 1942 2656 vocem

326 2651 531 2738 ἕζὲξιηῗ
540 2656 674 2742 αίὲιῗξι·
704 2669 752 2698 se
785 2659 969 2697 invicem
994 2656 1231 2700 secundum
1257 2661 1548 2720 exarationem
1573 2667 1625 2699 ao
1649 2662 1944 2711 significatio-
