2125 3084
176 183 266 248 ΠΙ,
292 179 419 246 513.]
549 186 630 232 ΙΝ
666 187 1011 237 Exontm.
1052 190 1311 236 SERMO
1348 193 1418 237 11.
1691 187 1790 240 359

549 331 710 392 Quare
741 337 929 400 „aurei
958 337 1281 387 tornatiks“?
1317 338 1434 404 (ib.)

292 441 381 493 63.
432 444 635 493 Aurum
663 438 977 511 symbolum
1008 447 1093 494 est
1120 440 1395 511 pretiosae
1424 441 1784 509 substantiae,

179 517 427 569 tornatile
463 530 595 568 vero
634 513 959 568 artificiosae
1000 531 1063 568 ac
1103 515 1470 587 intelligentia
1507 516 1788 587 praeditae

176 596 427 644 naturae.
489 587 714 660 Oportet
733 589 881 644 enim
898 590 1108 661 primas
1132 590 1274 645 entis
1295 591 1547 655 virtutes,
1573 593 1788 663 species

176 665 493 736 specierum
504 662 557 737 ³¹⁶)
587 681 735 728 esse,
781 672 835 729 et
861 665 1142 736 puriores,
1183 665 1469 737 simplices
1500 683 1564 720 ac
1582 669 1794 738 pretio-

176 737 559 810 sissimas**),
604 739 833 812 insuper
863 740 1029 795 etiam
1069 739 1558 813 intelligentiorem
1597 757 1788 797 essen-

176 815 312 870 tiam
342 814 545 870 sortiri.

306 955 401 1005 Cur
430 956 483 1005 in
516 956 742 1006 ambobus
776 955 1000 1006 lateribus
1034 957 1205 1008 altaria
1243 955 1492 1008 Cherubim
1525 958 1668 1010 collo·

818 1025 995 1074 nabat?
1030 1026 1150 1087 (ib.)

292 1127 379 1180 64.
440 1127 722 1182 Terminos
762 1128 931 1182 totius
968 1127 1110 1182 caeli
1139 1127 1446 1199 mundique
1475 1125 1692 1182 duabus
1723 1145 1786 1184 ac

172 1201 560 1274 superioribus
600 1201 868 1256 custodiis
913 1200 987 1277 [⁴¹⁵]
1028 1203 1235 1259 muniri
1275 1202 1596 1278 (designat):
1673 1220 1784 1258 una

170 1273 489 1334 secundum
506 1277 649 1332 illud
662 1318 675 1343 ,
699 1291 811 1350 quo
829 1279 1014 1333 omnia
1035 1277 1270 1336 faciebat
1289 1279 1456 1348 deus3
1517 1287 1570 1334 et
1591 1277 1778 1343 altera,

169 1349 486 1409 secundum
504 1352 653 1424 quod
673 1353 933 1426 princeps
956 1361 1039 1409 est
1058 1349 1451 1411 creaturarum.
1511 1353 1784 1422 Quoniam

168 1427 335 1484 velut
362 1424 623 1482 familiari
653 1445 717 1482 ac
748 1437 1009 1500 cognatae
1041 1431 1380 1503 possessioni
1408 1431 1566 1502 prius
1593 1447 1783 1486 curam

170 1503 435 1560 habitura
455 1512 572 1558 erat
590 1505 831 1560 creativa
850 1504 1098 1579 (virtus),
1131 1523 1201 1560 ne
1222 1506 1658 1562 dissolverentur
1683 1523 1782 1578 per

170 1595 299 1636 eam
336 1587 544 1647 creata3
608 1579 763 1651 regia
801 1595 931 1635 vero
948 1597 1040 1644 ,ne
1074 1581 1365 1654 quidpiam
1395 1580 1776 1644 redundasset,

169 1654 484 1730 symbolice
506 1654 808 1710 concilians
828 1655 1117 1711 victoriam
1137 1657 1349 1712 indicio
1367 1658 1618 1728 paritatis
1633 1699 1646 1720 ‚
1669 1673 1781 1727 qua

165 1749 265 1788 res
304 1737 677 1800 perseverant.
756 1729 1048 1802 Siquidem
1085 1749 1319 1787 excessu
1357 1732 1782 1802 imparitateque

165 1804 525 1863 incursiones
544 1803 814 1859 bellorum
834 1805 1226 1861 dissolutiones
1247 1813 1378 1860 sunt
1407 1806 1618 1860 entium
1634 1845 1646 1868 ,
1681 1804 1781 1858 be-

167 1897 247 1938 ne
267 1895 403 1936 vero
421 1877 701 1934 ordinatae
720 1888 883 1952 atque
904 1897 1114 1953 aequae
1128 1922 1140 1945 ,
1171 1881 1328 1952 pacis
1357 1881 1568 1934 semina
1583 1919 1596 1943 ,
1629 1879 1780 1933 salu-

171 1959 250 2012 tis
272 1971 474 2010 causae
495 1961 658 2025 atque
677 1964 942 2030 perpetuo
962 1953 1352 2028 perseverandi
1365 1953 1443 2028 ἦ).

178 2096 344 2155 Quare
378 2095 518 2148 dicit:
568 2133 605 2162 „
619 2096 871 2148 Extendat
913 2100 981 2162 (s.
1018 2097 1331 2160 Extendant)
1367 2094 1474 2145 alas
1513 2061 1775 2157 Cherubim,

260 2178 267 2184 ’
502 2165 509 2172 ’
628 2175 681 2216 ut
716 2167 1035 2216 obumbret“?
1071 2170 1178 2230 (25,
1212 2165 1320 2230 20.)

288 2269 375 2323 65.
414 2267 512 2322 Dei
531 2269 765 2324 virtutes
787 2285 977 2324 omnes
996 2271 1173 2326 alatae
1199 2268 1638 2338 comperiuntur,
1683 2281 1780 2319 su-

169 2341 403 2416 pernam
442 2342 511 2398 ad
546 2352 759 2415 patrem
795 2345 947 2399 viam
980 2343 1378 2398 desiderantes.
1459 2341 1779 2398 obumbrare

278 2519 322 2567 Ι·)
348 2529 385 2558 s.
410 2519 527 2560 ideas
552 2521 765 2574 {aem-um,
790 2519 837 2557 ut
854 2521 1134 2567 prototwum.
1187 2517 1349 2558 Auch-

274 2587 345 2634 ’ἢ
372 2589 703 2632 arctabimus,
732 2585 809 2624 ubi
833 2595 921 2624 vox
944 2585 1066 2626 Arm.
1093 2587 1137 2624 in
1165 2586 1352 2634 genitivo
1379 2593 1480 2624 canu
1507 2585 1680 2622 exarata
1706 2585 1780 2621 aut

169 2647 353 2678 erronea
378 2641 465 2684 est,
500 2641 575 2678 aut
599 2639 655 2676 ad
680 2646 862 2686 sequens
888 2637 1132 2694 retempta,
1167 2637 1251 2676 hoc
1276 2635 1427 2675 modo:
1473 2638 1511 2673 et
1536 2644 1618 2674 non
1645 2635 1776 2674 solum

163 2689 539 2740 pretiosissimam,
568 2690 643 2727 sed
668 2689 793 2726 etiam
818 2691 891 2726 etc.
942 2687 1107 2726 Anch.

274 2757 315 2805 1)
344 2755 511 2795 Similis
535 2755 660 2794 Philo
687 2754 853 2794 dixerat
876 2753 920 2792 in
948 2752 1054 2794 Gen.
1083 2755 1121 2800 8,
1149 2753 1215 2792 49.
1267 2751 1428 2792 Auch.
