2125 3084
383 200 477 250 ⁴40
622 201 814 247 PHIL.
853 201 999 245 IUD.
1039 200 1361 257 QUAEST.
1398 200 1497 245 ΕΤ
1536 200 1695 245 801..
1737 194 1821 260 [11,
1847 199 1981 263 325.]

380 303 768 375 comperiatur,
797 301 1020 355 omnino
1039 301 1222 354 statim
1243 300 1489 354 ascendit
1516 317 1765 367 sursum3
1828 302 1981 356 sicut

379 379 545 433 etiam
573 394 643 430 ex
673 376 930 438 adverso,
969 375 1311 446 quicumque
1340 374 1601 445 superbia
1623 391 1685 427 ac
1706 374 1851 428 fastu
1872 394 1978 430 ex-

378 451 576 507 tollens
595 450 796 505 collum
825 448 1169 511 intumescit,
1218 448 1505 503 descendit
1534 456 1587 503 et
1614 448 1971 504 dissolvitur:

379 528 456 581 ita
485 534 548 580 ut
575 526 742 579 nimis
774 522 1020 578 naturale
1047 524 1122 577 sit
1157 523 1215 576 in
1253 522 1445 577 ordine
1485 521 1815 594 disciplinae
1852 542 1977 578 mo-

379 617 502 654 rum
516 640 528 663 ‚
571 599 720 672 quod
739 597 1038 653 descensus
1063 598 1278 651 animae
1296 605 1381 651 est
1400 597 1657 654 exaltatio
1676 605 1867 668 suapte
1890 596 1969 671 [*]

379 675 680 731 sententiae
693 714 706 737 ‚
731 680 786 727 et
811 687 1068 727 ascensus
1089 672 1147 724 in
1168 671 1341 728 altum
1361 672 1632 741 repressio
1650 672 1967 741 superbiae.

379 750 582 805 Verum
605 748 722 802 lieri
741 747 959 817 nequit,
991 753 1052 799 ut
1070 746 1199 815 quis
1220 744 1291 799 ad
1310 746 1601 803 caelestem
1628 746 1853 799 virtutis
1884 746 1969 799 le-

379 839 507 879 cum
535 821 750 875 evolare
781 822 980 891 possit,
1022 820 1133 873 nisi
1160 820 1387 889 impleat
1414 828 1692 891 tamquam
1714 818 1967 892 hydriam

380 904 546 951 totam
568 895 804 951 animam
823 911 893 948 ex
913 894 1004 947 dei
1025 893 1170 947 fonte
1186 935 1199 956 ‚
1224 909 1391 964 quem
1410 892 1651 948 dicimus
1670 910 1965 965 perennem

379 986 499 1024 esse
521 970 844 1041 sapientiam
861 968 1279 1039 intelligentiae.

586 1107 743 1167 Quare
771 1107 978 1157 accur-rit
1009 1123 1170 1160 servus
1206 1107 1389 1160 obviam
1418 1106 1493 1157 ei?
1528 1110 1631 1171 (24,
1661 1108 1765 1170 17.)

495 1197 609 1247 tol.
649 1192 863 1263 Duplex
889 1199 972 1245 est
993 1190 1113 1246 laus
1140 1192 1315 1254 servi,
1347 1199 1463 1248 tum
1484 1190 1705 1245 obviam
1726 1207 1957 1253 currere,

378 1278 495 1322 tum
523 1282 824 1322 occurrere.
901 1266 1082 1321 Primo
1108 1265 1256 1319 enim
1292 1265 1691 1320 demonstratur
1718 1264 1961 1319 studium

379 1339 702 1412 proficiendi
733 1347 786 1393 et
817 1339 1015 1409 peritia
1051 1340 1412 1411 perveniendi
1452 1339 1521 1395 ad
1557 1339 1782 1394 bonum.
1863 1340 1963 1393 Se—

379 1415 559 1468 cundo
585 1430 715 1467 vero
745 1412 904 1467 facile
932 1414 1229 1469 admodum
1266 1431 1488 1469 censere
1524 1422 1578 1469 et
1602 1414 1875 1468 exsultare
1904 1416 1960 1469 in

381 1488 562 1542 animo
589 1504 708 1551 eos,
751 1504 982 1559 quorum
1008 1488 1146 1544 deus
1165 1497 1355 1544 votum
1365 1488 1417 1561 *)
1438 1488 1789 1561 integerrime
1808 1505 1963 1542 acce-

378 1570 539 1633 ptans
569 1561 891 1633 adimplevit
916 1563 1255 1635 perfecitque
1282 1563 1646 1635 intelligentia
1672 1571 1725 1617 et
1744 1563 1963 1633 sapien-

379 1639 452 1691 tia
473 1653 544 1691 ex
559 1654 658 1691 sua
679 1639 948 1709 sapientia
961 1680 974 1702 ‚
1003 1656 1173 1709 quam
1190 1638 1343 1693 velut
1362 1636 1565 1697 fontem
1584 1637 1803 1707 copiosa
1820 1638 1963 1692 libe-—

378 1712 590 1767 ralitate
609 1713 908 1768 extendens
929 1712 1171 1767 diffudit.
1246 1712 1515 1778 Quoniam
1540 1719 1669 1766 sunt
1692 1712 1790 1781 qui
1816 1713 1963 1783 pigri

377 1795 506 1841 sunt
525 1786 596 1841 ad
615 1787 757 1846 bona
775 1786 1048 1859 operanda
1062 1829 1075 1851 ,
1105 1786 1415 1841 voluntario
1432 1802 1583 1841 more
1603 1786 1741 1841 haec
1764 1786 1963 1841 abhor-

376 1870 583 1930 rentes3
617 1871 745 1919 sunt
773 1871 980 1926 autem,
1013 1863 1112 1933 qui
1142 1861 1355 1916 invidia
1382 1862 1529 1931 capti
1548 1869 1704 1923 sunt,
1736 1878 1807 1915 ne
1826 1878 1964 1932 gau-

377 1937 540 1992 deant
567 1936 636 1990 de
663 1938 851 2000 bonis,
893 1938 1006 1991 imo
1042 1936 1261 1991 vultum
1288 1937 1453 1990 etiam
1490 1942 1741 1990 avertunt
1770 1935 1839 1989 ab
1868 1936 1958 1997 ἰίε,

376 2011 474 2079 qui
501 2011 558 2061 in
587 2010 760 2079 gloria
787 2027 1060 2081 operaque
1087 2010 1466 2082 prosperitatis
1494 2018 1649 2063 sunt:
1693 2010 1844 2080 quod
1876 2027 1964 2063 re-

375 2082 668 2152 prehendit
691 2082 1032 2142 dominicum
1065 2085 1295 2140 verbum
1332 2083 1606 2140 laudando
1644 2083 1961 2155 exemplum

377 2155 710 2225 oppositum.

449 2275 604 2335 Quare
635 2294 809 2341 aquam
834 2278 1098 2341 pauxillam
1130 2280 1335 2344 quaerit,
1385 2281 1569 2331 dicens.-
1613 2317 1647 2344 „
1664 2280 1749 2329 Da
1784 2280 1898 2329 mihi

575 2345 727 2395 bibere
737 2344 982 2408 paululum
1001 2362 1159 2409 aquae
1176 2346 1234 2395 de
1256 2347 1427 2413 hydria
1445 2358 1528 2399 tua
1540 2350 1605 2396 “5
1641 2349 1757 2411 (ib.)

490 2440 602 2494 ⁴02.
652 2436 874 2508 Oportet
909 2455 1015 2493 non
1055 2438 1368 2496 desiderare
1394 2450 1457 2496 ut
1484 2442 1819 2512 recipiantur
1846 2456 1963 2494 am-

473 2576 516 2623 *)
541 2578 677 2617 Deest
694 2578 738 2617 in
763 2577 882 2619 ,Λα-ιιι.
906 2588 1065 2619 nomen
1080 2579 1391 2619 substantivum
1404 2609 1414 2627 ,
1443 2581 1557 2633 quod
1574 2590 1652 2621 nos
1670 2580 1962 2629 supplevimus

373 2625 428 2662 ad
455 2635 646 2672 sensum3
687 2627 790 2666 allas
825 2628 995 2667 vacillat
1024 2630 1247 2668 sententia.
1300 2630 1473 2671 Poterat
1502 2632 1630 2670 etlam
1662 2631 1724 2669 sic
1752 2632 1883 2668 verti:
1919 2630 1965 2667 in

374 2675 533 2719 animo,
564 2686 736 2722 quorum
760 2681 975 2726 armaque
1001 2680 1100 2717 deus
1120 2683 1333 2726 acceptam
1353 2686 1447 2728 etc..
1476 2682 1513 2720 si
1539 2690 1713 2729 quorum
1735 2680 1809 2727 (al.
1830 2680 1964 2727 cneius)

371 2724 428 2762 ad
445 2726 657 2764 anteriora
673 2726 784 2765 facta
797 2729 1010 2777 respiciat.
1060 2728 1219 2768 Auch-
