2125 3084
186 157 261 223 [IL
290 156 410 221 257]
526 160 609 205 IN
648 160 1003 207 GENESIN.
1056 162 1314 208 SERMO
1349 165 1435 212 lv.
1715 158 1782 212 ’79

184 264 423 334 pienteS,
458 277 651 325 sanae,
694 263 900 327 iustae,
945 262 1294 334 ingeniosae,
1335 264 1489 335 piae,
1533 266 1788 322 libertate

182 339 375 409 plenae
404 344 463 390 et
497 335 835 391 confidentes
872 347 1136 409 cognatae
1175 339 1498 408 sapientiae.
1585 342 1789 398 Mulie-

182 430 297 466 rum
330 420 519 466 autem
549 411 930 466 babitaculum
959 420 1094 483 puta
1127 412 1338 475 locum,
1383 430 1492 484 quo
1516 425 1789 488 vagantur

182 496 237 541 ut
254 486 515 542 habitent
536 503 717 541 mores
737 486 1039 541 muliebres
1069 488 1275 542 aemuli
1297 490 1517 559 generis
1537 490 1784 547 feminei.

180 564 506 617 Femineum
526 578 659 616 vero
679 578 857 634 genus
877 561 1196 616 irrationale
1218 570 1328 626 est,
1369 561 1610 617 ferarum
1631 568 1790 637 cupi-

178 636 413 692 ditatum
456 645 750 709 cognatum
767 678 779 700 ,
832 637 1077 701 timoris,
1129 638 1416 702 tristitiae,
1467 638 1786 710 voluptatis,

177 713 693 783 concupiscentiae,
736 728 807 765 ex
836 712 1044 783 quibus
1075 712 1418 781 insanabiles
1457 716 1794 785 proveniunt

173 788 529 842 infirmitates
557 795 611 841 et
639 787 819 841 moi-bi
847 785 1198 841 indicibiles:
1251 787 1460 858 quibus
1494 789 1594 860 qui
1625 806 1794 861 supe-

174 870 331 917 ratus
352 862 488 927 fuit,
521 863 695 915 miser
715 870 823 929 est3
868 862 968 933 qui
990 879 1123 916 vero
1145 878 1278 916 usus
1300 862 1406 917 fuit
1427 862 1786 938 (prudenter),

174 937 338 992 felix.
418 936 599 1003 Quam
627 935 951 992 felicitatem
979 936 1195 991 fervide
1224 936 1538 993 desiderare
1567 948 1621 994 et
1649 947 1792 994 tem-

170 1029 311 1085 pore
349 1020 657 1084 opportuno
694 1028 859 1084 posse
899 1011 1164 1084 aufugere
1204 1028 1430 1067 saevum
1468 1014 1792 1069 intolerabi-

175 1088 404 1158 lemque
443 1104 772 1152 moerorem‚
814 1087 966 1158 quod
1007 1095 1092 1141 est
1127 1086 1372 1158 profecto
1407 1087 1643 1143 deficere
1673 1088 1792 1143 fieri

175 1162 507 1227 muliebria,
553 1164 861 1217 animarum
885 1170 966 1217 est
985 1162 1278 1233 plenarum
1300 1162 1599 1235 religione,
1633 1164 1794 1217 simi·—

174 1238 323 1293 lium
348 1234 421 1311 [³¹⁵]
447 1254 646 1309 nempe
674 1237 895 1310 generis
924 1238 1242 1291 masculini.
1325 1238 1484 1293 Tales
1515 1238 1666 1293 enim
1695 1255 1793 1293 su-

174 1320 377 1385 perant
412 1328 603 1367 omnes
644 1312 976 1385 cupiditates
1011 1313 1331 1377 victoriose,
1375 1322 1428 1367 et
1458 1314 1790 1371 excedentes

176 1404 403 1441 omnem
421 1387 763 1459 voluptatem
786 1404 848 1441 ac
868 1388 1371 1459 concupiscentiam
1399 1398 1586 1444 carent
1615 1391 1791 1445 tristi-

178 1463 255 1516 tia
277 1464 615 1534 timoreque3
677 1464 848 1517 immo
865 1504 878 1527 ,
909 1463 959 1516 si
980 1480 1172 1518 verum
1194 1480 1436 1518 asserere
1457 1465 1646 1529 liceat,
1682 1465 1791 1519 im-

176 1537 483 1608 passibiles
515 1546 671 1602 sunt,
716 1554 825 1593 non
851 1538 1210 1609 vituperabili
1232 1538 1483 1609 apathiae
1503 1539 1792 1595 studentes

178 1614 385 1667 —ista
404 1614 558 1667 enim
577 1614 899 1667 exsistentia
926 1628 1116 1668 carens
1146 1613 1444 1685 impudens
1475 1622 1558 1669 est
1587 1622 1642 1669 et
1670 1613 1792 1667 affi-

178 1688 269 1742 nis
310 1688 611 1759 superbiae
648 1688 1080 1760 temerariaeque
1109 1688 1348 1742 fiduciae
1373 1718 1476 1753 —,
1520 1687 1620 1743 sed
1651 1705 1794 1757 quae

178 1763 439 1818 consistit
458 1763 615 1819 iuxta
635 1764 981 1835 praedictum
1000 1762 1238 1817 verbum
1253 1803 1265 1825 ,
1299 1761 1512 1816 decisio
1533 1759 1797 1817 videlicet

178 1839 403 1893 animae
423 1855 455 1893 a
474 1839 877 1911 cupiditatibus
898 1836 1382 1893 conturbantibus.

187 1994 324 2053 Quid
373 2006 445 2045 est
494 1995 671 2061 „Risit
722 2006 879 2047 autem
925 1996 1092 2047 Sarra
1139 1996 1190 2045 in
1230 2003 1374 2044 semet
1416 1992 1553 2059 ipsa,
1611 1992 1795 2043 dicens.-

321 2061 541 2113 Necdum
582 2064 703 2113 milti
740 2064 929 2129 aliquid
955 2065 1146 2129 sactum
1195 2072 1265 2112 est
1305 2078 1454 2126 usque
1495 2078 1646 2123 nunc3
1713 2062 1795 2111 do·

319 2132 473 2181 minus
506 2141 661 2183 autem
696 2148 825 2181 meus
857 2148 999 2181 senex
1034 2133 1181 2181 esst?
1217 2134 1324 2193 (18,
1360 2130 1466 2194 12.)

303 2236 385 2287 ⁴6.
447 2234 569 2289 Non
610 2232 798 2288 adhuc
826 2240 941 2287 erat
971 2234 1215 2296 animuS,
1259 2240 1446 2304 postea
1477 2231 1798 2302 implendus

182 2306 393 2379 gaudio
414 2317 469 2363 et
488 2308 685 2364 divino
713 2308 859 2371 rien,
902 2308 1043 2363 liber
1073 2326 1104 2362 a
1132 2308 1384 2370 tristitia,
1429 2306 1626 2359 timore
1643 2345 1656 2368 ,
1699 2321 1801 2359 vo-

182 2383 399 2453 luptate
429 2390 483 2437 et
511 2382 846 2454 cupiditate,
896 2400 925 2436 a
955 2383 1162 2455 quibus
1203 2390 1356 2437 actus
1395 2380 1612 2449 cogitur
1650 2378 1802 2431 insa-

180 2458 333 2524 nire3
386 2465 441 2512 et
468 2460 649 2512 risum
680 2455 926 2512 nondum
952 2474 1131 2529 usque
1160 2456 1229 2511 ad
1257 2452 1542 2509 visibilem
1583 2451 1800 2525 vultum

179 2539 415 2587 noverat
429 2574 441 2596 ,
465 2533 579 2587 nisi
600 2532 741 2587 forte
762 2532 878 2586 solo
899 2533 1184 2587 intellectu
1204 2536 1380 2589 mom,
1407 2525 1582 2578 donec
1603 2523 1805 2577 funda-

184 2614 441 2661 mentum
458 2615 703 2678 ponatur
726 2606 945 2660 firmum
968 2606 1037 2660 ad
1056 2604 1390 2661 validiorem
1421 2598 1804 2660 constantiam.

182 2681 255 2737 Ut
274 2680 348 2736 ad
368 2698 621 2737 normam
640 2682 858 2754 ingenii
878 2679 1278 2753 agriculturae,
1303 2689 1412 2727 non
1435 2673 1492 2727 in
1515 2672 1810 2743 superficie
