2125 3084
364 206 431 258 82
816 206 1186 253 munoms
1233 206 1504 253 mnam
1797 202 1870 270 [ῐ,
1899 206 2004 271 843

364 309 715 383 speciesque,
756 325 917 363 casus
950 315 1005 363 et
1028 307 1440 362 coniunctiones
1468 314 1522 360 et
1539 308 1836 379 quicquid
1857 328 2002 367 con-

364 384 549 439 simile
566 386 668 447 sit,
698 401 797 455 per
816 382 1222 455 providentiam
1243 381 1362 436 fieri
1385 399 1630 439 asserere
1649 401 1892 441 summa
1913 397 2000 441 est

364 460 628 515 amentia:
700 459 811 513 nisi
836 459 993 531 prius
1026 458 1416 521 constituatur,
1459 459 1719 513 omnium
1751 464 1996 516 omnino

364 536 807 607 incorporeorum
846 534 1130 587 materiam
1167 532 1227 587 vi
1272 540 1497 587 naturae
1543 550 1684 601 suae
1725 545 1991 591 vacatam

364 628 485 665 esse
504 617 780 681 oportere3
845 608 992 663 unde
1013 609 1292 679 sequitur,
1326 608 1508 679 ne'que
1525 610 1753 679 species
1776 613 1988 667 artium

362 702 543 757 neque
566 692 707 739 artes
728 683 1062 757 ingeniaque
1085 700 1155 737 ex
1175 682 1278 739 deo
1299 700 1439 737 esse.
1509 682 1569 737 Si
1593 700 1732 756 ergo
1753 694 1866 741 nec
1893 705 1988 741 va-

364 778 531 816 cuum
562 776 663 815 nec
693 767 910 831 tempus
941 775 1041 813 nec
1071 758 1294 813 termini
1323 775 1424 812 nec
1445 756 1658 830 figurae
1678 777 1876 833 neque
1897 780 1986 816 se-

362 838 593 899 ctiones,
612 843 709 889 aut
726 848 1109 909 quaecumque
1129 850 1228 904 per
1239 850 1402 887 voces
1417 832 1746 905 significata
1767 838 1982 893 soleant

364 911 658 985 appellari,
702 916 905 981 queant
935 909 1049 964 dici
1091 908 1284 963 divino
1325 908 1549 980 ingenio
1587 906 1741 965 facta
1775 910 1971 974 fuisse,

362 986 501 1059 quid
533 984 685 1041 aliud
714 985 782 1039 de
812 983 1052 1039 residuis
1082 984 1246 1038 liceat
1275 980 1494 1037 dicere?

474 1082 560 1133 55.
584 1078 795 1153 Puteo.
836 1075 1002 1140 Audi,
1026 1093 1059 1130 ο
1077 1077 1166 1129 vir
1185 1074 1558 1141 admirabilis;
1603 1074 1969 1151 interroganti

362 1155 510 1209 enim
522 1152 855 1224 respondere
870 1150 1116 1224 expedit,
1142 1152 1254 1206 imo
1274 1158 1330 1206 et
1348 1150 1510 1205 illum
1529 1166 1785 1221 quoque,
1811 1169 1967 1224 quem

362 1244 521 1281 nemo
540 1228 750 1298 passim
771 1230 1068 1299 interrogat
1083 1268 1096 1290 ,
1125 1225 1276 1281 hunc
1295 1225 1454 1280 decet
1471 1224 1748 1281 adhibere
1772 1228 1969 1283 libera-

362 1302 486 1357 liter
510 1310 569 1356 et
598 1300 721 1355 sine
748 1300 965 1355 invidia
990 1301 1315 1357 doctrinam.
1403 1300 1553 1355 Dicis
1583 1299 1762 1356 deum
1795 1304 1965 1359 locum

361 1393 566 1431 novum
594 1391 703 1430 non
730 1376 967 1431 condere
994 1375 1231 1449 ideoque
1265 1392 1448 1447 neque
1485 1392 1692 1447 corpus
1730 1394 1962 1451 creasse.

360 1452 519 1505 Disce
547 1459 758 1513 tamen,
801 1450 951 1521 quod
980 1451 1108 1507 dico
1134 1451 1266 1515 tibi,
1311 1452 1515 1505 certius
1537 1451 1806 1509 civitates
1827 1454 1966 1525 aspi-

360 1524 575 1581 ciendo.
654 1526 790 1585 Istas
822 1526 971 1580 enim
998 1526 1209 1599 singuli
1227 1526 1512 1597 principes
1531 1526 1758 1597 antiqui
1781 1528 1966 1583 condi-

360 1600 516 1655 dere:
571 1599 817 1655 Theseus
834 1599 1076 1655 Athenas
1097 1604 1155 1655 in
1175 1602 1354 1655 Attica
1379 1608 1433 1655 et
1460 1600 1735 1656 Laconica
1769 1603 1966 1677 (regio-

360 1675 447 1748 ne)
464 1718 476 1741 ,
510 1684 563 1731 et
582 1674 893 1731 Alexander
912 1676 1134 1731 Macedo
1167 1673 1239 1750 [³¹⁶]
1274 1675 1780 1731 nominatissimam
1802 1678 1964 1735 Alex-

361 1752 611 1808 andriam
646 1753 801 1807 iuxta
840 1749 1174 1825 Aegyptum.
1269 1750 1522 1805 Attamen
1568 1767 1674 1805 nec
1719 1752 1961 1809 Theseus

358 1829 595 1884 Atticam
625 1816 1059 1898 Lacoiiicamque
1099 1842 1280 1897 neque
1307 1824 1620 1881 Alexander
1646 1826 1960 1901 Aegyptum

361 1905 448 1960 vel
468 1904 699 1977 Libyam
732 1902 1098 1975 (formarunt),
1139 1900 1239 1958 sed
1257 1917 1398 1973 opus
1419 1908 1644 1957 naturae
1665 1919 1962 1975 praepara-

358 1989 473 2035 tum
498 1980 852 2051 reperientes,
880 1978 981 2033 hoc
1002 1985 1085 2032 est
1105 1993 1196 2031 eas
1217 1976 1490 2049 regiones,
1521 1985 1669 2031 certa
1691 1978 1958 2048 quaedam

357 2056 535 2127 spatia
557 2053 1039 2110 circumdederunt
1059 2051 1370 2117 moenibuS‚
1401 2060 1730 2123 caeteraque
1749 2054 1957 2124 privata

358 2139 411 2185 et
449 2130 675 2201 publica
714 2128 965 2187 aedificia
1004 2136 1381 2183 construentes
1421 2128 1733 2182 nominatas
1770 2127 1958 2182 edide—

357 2214 485 2260 runt
521 2204 711 2260 urbes.
790 2203 1061 2258 Similiter
1097 2212 1150 2257 et
1181 2202 1346 2269 deuS,
1389 2204 1526 2274 quin
1557 2219 1767 2256 novum
1793 2201 1954 2275 quid-

358 2281 505 2352 piam
547 2280 906 2343 elaborasset,
966 2278 1034 2333 de
1073 2296 1215 2333 novo
1253 2294 1510 2351 magnam
1546 2277 1712 2331 istam
1743 2276 1948 2340 urbem,

359 2355 656 2418 mundum,
692 2355 900 2409 creavit
930 2370 993 2407 ac
1021 2370 1131 2408 una
1161 2370 1289 2409 cum
1319 2370 1384 2407 eo
1414 2353 1594 2407 locum
1632 2354 1801 2407 etiam
1827 2353 1952 2407 oriri

360 2429 506 2483 fecit.
584 2429 853 2495 Quoniam
893 2426 1242 2499 plenitudine
1281 2428 1524 2499 corporis
1565 2426 1719 2491 data,
1770 2427 1948 2499 spatii,

360 2502 503 2555 sicut
540 2510 594 2556 et
634 2510 691 2556 tu
733 2504 1051 2557 existimare
1091 2520 1330 2573 aequum
1361 2502 1600 2565 duxisti,
1645 2503 1801 2557 nulla
1828 2518 1952 2573 pars

358 2573 487 2632 erit,
531 2591 673 2643 quae
693 2594 800 2629 non
819 2578 891 2630 sit
912 2576 1084 2630 locus.
1163 2577 1464 2647 Evidenter
1485 2578 1672 2647 itaque
1691 2576 1766 2631 de
1786 2594 1956 2632 vacuo

358 2642 583 2710 locoque
602 2647 737 2701 haec
758 2650 979 2703 interim
998 2650 1134 2704 satis
1153 2646 1300 2705 dicta
1323 2652 1454 2705 sint.

462 2730 547 2779 56.
598 2732 799 2801 Figura
826 2745 1007 2801 autem
1034 2738 1230 2793 mundi
1246 2779 1258 2802 ,
1301 2739 1448 2796 sicut
1474 2746 1528 2792 et
1547 2736 1792 2793 mundus
1815 2740 1952 2811 ipse,
