2125 3084
171 214 271 279 [1],
297 208 417 274 426]
531 216 613 261 IN
653 216 1011 261 GENESIN.
1052 216 1307 261 SERMO
1344 218 1429 266 lv.
1690 213 1786 267 271

175 316 409 371 dolosus
468 315 694 387 sibique
749 316 1058 370 contrarius
1116 323 1169 370 et
1226 316 1445 370 rixosus
1493 318 1553 371 in
1598 334 1794 389 opera-

173 388 420 463 tione*)‚
455 391 786 462 cogitatione
813 399 866 445 et
895 390 1088 444 verbo.
1166 390 1361 444 Viden’
1402 391 1608 461 itaque,
1642 395 1793 464 quod

173 464 352 519 simul
390 464 836 520 benedictionem
874 472 1052 535 optat,
1113 464 1283 519 simul
1324 471 1507 519 autem
1545 465 1785 535 invidet3

174 548 347 611 atque
385 540 554 594 simul
595 540 675 603 ei,
721 540 812 594 cui
851 539 1086 603 invidit,
1128 537 1453 609 confirmare
1491 541 1792 595 orationem

171 622 307 671 voto
347 612 582 669 factam?
643 615 784 669 Nam
824 614 924 685 qui
965 612 1130 667 dicit:
1196 612 1438 668 Benedic
1475 614 1642 669 etiam
1680 632 1788 681 me,

171 688 458 753 concedit,
502 689 654 759 quod
682 696 738 744 et
763 688 850 743 illi
877 690 998 743 iure
1029 688 1216 743 evenit
1245 687 1561 743 benedictio
1595 687 1668 764 [³⁶⁵]
1704 706 1793 745 se-

173 762 426 819 cundum
461 771 680 818 votum:
761 762 913 834 quod
949 771 1135 818 tamen
1174 763 1345 818 verbo
1376 761 1586 829 insane,
1627 780 1791 836 opere

169 856 286 894 non
306 838 516 911 patitur
535 854 654 893 mos
673 838 934 909 proprius
955 838 1136 911 magis
1156 854 1325 910 quam
1346 838 1530 894 homo.

172 996 280 1047 Gur
313 995 554 1058 respondit
588 995 677 1045 hoc
712 1002 900 1045 tenore.-
951 994 1205 1059 „Veniens
1222 995 1393 1059 frater
1420 1004 1525 1045 tuus
1551 1012 1653 1045 cum
1682 994 1789 1045 dolo

425 1064 608 1127 accepit
644 1062 1008 1113 benedictionem
1045 1064 1251 1111 tuam“?
1296 1067 1401 1127 (27,
1434 1064 1545 1123 35.)
1698 1072 1707 1081 ’

297 1166 420 1220 228.
442 1162 608 1234 Atqui
627 1164 676 1218 si
694 1167 1062 1233 fraudulenter
1081 1165 1294 1235 accepit
1302 1163 1391 1237 **)
1408 1206 1420 1229 ,
1451 1165 1658 1219 dixerit
1677 1164 1789 1220 for-

167 1248 230 1295 te
261 1238 599 1308 quisquam„
657 1256 770 1294 non
802 1237 1105 1294 laudabilis
1137 1247 1272 1294 erat.
1351 1238 1635 1305 Quomodo
1656 1256 1788 1312 ergo

166 1313 403 1377 asserit,
440 1312 656 1367 dicens:
719 1314 838 1385 Erit
867 1312 1202 1369 benedictus?
1250 1313 1539 1369 Caeterum
1564 1314 1789 1370 videtur

166 1388 470 1461 designare
488 1405 589 1460 per
609 1387 820 1443 dictum
835 1428 848 1452 ,
891 1387 1042 1459 quod
1063 1405 1174 1444 non
1194 1390 1375 1451 omnis
1396 1388 1784 1446 fraudulentus

275 1528 318 1576 ¹¹)
355 1528 516 1569 Codd.:
561 1528 852 1577 emptionibus
887 1539 924 1569 s.
961 1530 1104 1576 libris,-
1156 1530 1233 1569 sed
1266 1504 1462 1580 sus-pico:-
1494 1531 1625 1571 simili
1656 1541 1786 1571 voca-

168 1580 273 1619 bulo
307 1578 428 1619 Arm.
463 1579 697 1627 legendum
731 1588 825 1617 esse
859 1580 1069 1627 operibns.
1138 1581 1371 1629 Postquam
1405 1584 1467 1621 sic
1511 1582 1783 1627 indicassem,

165 1632 317 1669 inveni
343 1631 474 1669 etiam
500 1629 616 1677 apud
641 1628 915 1677 Anonymum
939 1630 1060 1670 Lata
1106 1632 1151 1671 in
1177 1633 1367 1681 neqottis.
1419 1631 1581 1672 Auch-

272 1694 344 1743 *ἢ
373 1695 442 1735 Cf.
469 1704 602 1745 supra
624 1696 724 1735 Vol.
750 1695 825 1737 VI.
851 1707 896 1745 p.
923 1698 998 1736 2⁷0
1012 1708 1048 1737 s.

167 1912 452 1969 dictiones
475 1911 766 1981 appetivit,
805 1914 865 1967 in
886 1913 1138 1985 idipsum
1158 1912 1435 1968 invidiose
1460 1921 1670 1979 motuS‚
1704 1922 1787 1970 at-

165 1998 358 2043 tamen
401 1986 486 2039 in·
501 1986 624 2040 viso
662 1987 948 2043 confirmat
990 1996 1116 2043 vota
1132 2029 1145 2052 ‚
1206 2003 1484 2042 asserens:
1546 1988 1787 2043 Benedic

166 2063 340 2119 etiam
359 2078 450 2115 me
471 2068 650 2132 pater,
689 2070 974 2133 tamquam
993 2072 1046 2117 et
1067 2064 1155 2118 illi
1176 2064 1321 2117 iusta
1342 2060 1581 2134 optando
1596 2103 1610 2128 ,
1642 2080 1786 2134 quae

165 2147 355 2194 tamen
377 2152 471 2190 ore
495 2137 874 2193 tantummodo
895 2136 1213 2202 confitetur,
1252 2154 1369 2191 rem
1396 2144 1580 2191 autem
1606 2138 1787 2210 ipsam

166 2213 294 2267 sine
319 2212 718 2281 compromisso
746 2212 1111 2284 subscripsit,
1154 2213 1273 2267 suis
1294 2212 1545 2267 moribus
1565 2212 1786 2267 satisfa-

167 2303 347 2341 ciens.

263 2406 424 2466 Quare
461 2409 611 2459 clzzcit:
659 2444 693 2472 ‚,
706 2407 977 2471 Respondit
1009 2410 1107 2458 sic.-
1160 2411 1361 2461 Veniens
1385 2412 1555 2476 frater
1594 2421 1697 2461 tuuc

394 2493 498 2525 cum
536 2475 670 2538 dolo,
721 2476 909 2539 accepit
952 2476 1317 2529 benedictionem
1355 2481 1567 2527 tuam“?

274 2570 405 2637 228..
443 2575 602 2643 Quod
624 2577 674 2631 si
697 2593 814 2631 cum
833 2580 952 2631 dolo
969 2579 1217 2645 tulisset,
1262 2595 1463 2650 nempe
1483 2581 1785 2635 nonnullus

166 2653 318 2707 dicat
333 2692 346 2716 ‚
365 2650 487 2706 'non
509 2668 633 2705 esse
655 2650 958 2705 laudabile.
1037 2652 1186 2719 Quid
1210 2670 1343 2726 ergo
1364 2653 1591 2709 adiecit:
1627 2656 1787 2709 Bene-

165 2733 342 2783 dictus
361 2724 500 2783 erit‘?
517 2724 754 2782 Videtur
771 2725 922 2779 enim
943 2726 1301 2800 subsignare,
1324 2730 1458 2801 quia
1478 2746 1587 2785 non
1604 2731 1786 2785 omnis
