2125 3084
1118 201 1189 248 VI

358 323 467 370 tres
495 325 812 386 praesentes
847 316 1123 389 dialogoS,
1172 318 1273 388 qui
1311 317 1513 390 integri
1552 318 1764 374 ibidem
1802 335 1955 374 eom·-

357 407 666 478 periuntur.
737 408 922 463 Codex
947 418 1030 462 eet
1047 417 1303 462 exaratus
1325 425 1465 464 anno
1486 423 1645 465 aerae
1664 409 1956 466 Armeniae

355 499 650 555 DCCXLV.
683 489 788 554 hoc
816 509 900 554 est
923 500 1130 556 Christi
1160 499 1487 556 Mccxcvl.
1520 501 1591 555 nd
1619 517 1785 558 usum
1812 504 1952 557 Hae—

355 590 514 645 thum
543 609 590 646 s.
632 591 894 665 Haytonis
921 593 988 645 II.
1019 592 1267 663 piissimi
1304 593 1453 664 regis
1489 591 1893 648 Armeniorum.
1912 603 1947 624 ⁸·

355 682 442 738 Ad
463 683 614 739 Tom.
636 685 711 739 11:
763 682 1060 748 „Armenii
1082 683 1340 747 Codices,
1382 683 1591 755 quibus
1618 686 1707 738 usi
1732 701 1945 750 sumus,

355 774 578 830 fuerunt
606 775 692 829 hi:
743 774 1024 838 CodexA,
1063 777 1187 830 sive
1212 777 1398 848 regius
1430 773 1599 851 [idem
1632 784 1740 840 est,
1782 793 1951 847 quem

359 883 525 937 supra
546 867 706 920 tertio
726 865 846 920 loco
868 865 1103 940 posuit];
1152 868 1337 922 Codex
1354 869 1423 932 B,
1455 867 1951 939 Constantinopoli·

355 965 544 1022 tanus,
588 973 657 1012 ex
681 973 794 1028 quo
811 958 1044 1030 paginae
1066 959 1335 1030 quaedam
1352 1001 1365 1024 ,
1407 959 1628 1030 quaein
1648 961 1831 1031 priore
1850 960 1950 1016 de-

354 1056 524 1113 erant,
548 1048 834 1120 suppletae
853 1058 1006 1118 sunt;
1032 1050 1219 1106 Codex
1240 1051 1299 1115 C,
1326 1051 1470 1122 apud
1493 1067 1591 1107 nos
1612 1060 1943 1116 asservatae,

352 1142 554 1213 partim
573 1141 717 1196 xm.
748 1141 956 1196 saeculi
983 1142 1220 1214 vestigia
1246 1157 1381 1211 prae
1404 1157 1467 1196 se
1496 1141 1706 1207 ferens,
1746 1146 1949 1214 partim

352 1233 460 1287 alia
487 1243 654 1286 manu
683 1231 1046 1303 sequentihus
1074 1231 1313 1286 saeculis
1342 1234 1679 1303 exscriptus,
1728 1233 1789 1286 in
1816 1247 1943 1303 quo,

353 1325 457 1378 etsi
487 1325 694 1396 passim
725 1323 1096 1377 omnimodam
1122 1321 1514 1393 perfectionem
1530 1361 1543 1386 ,
1584 1335 1753 1393 quem
1774 1323 1948 1379 codex

350 1412 397 1468 Α
417 1413 670 1478 exhibet,
709 1413 1022 1468 desiderare
1039 1411 1231 1478 liceat,
1262 1413 1539 1468 interdum
1558 1421 1739 1468 tamen
1758 1415 1944 1487 ipsum

351 1513 600 1577 superam
639 1504 827 1560 Codex
845 1506 890 1560 D
907 1531 982 1546 -—-
1000 1506 1339 1560 novissimus
1354 1547 1367 1569 ‚
1408 1505 1669 1562 videlicet
1694 1509 1947 1578 proxime

352 1597 652 1667 superioris
699 1597 934 1660 saeculi,
1002 1592 1363 1668 Philonisque
1419 1597 1685 1653 duntaxat
1740 1599 1946 1654 librum

350 1696 606 1759 quartum
627 1690 684 1742 in
706 1689 946 1744 Genesin
973 1687 1212 1757 habenS,
1257 1688 1442 1744 Codex
1468 1690 1513 1744 E
1530 1717 1605 1732 --
1631 1692 1817 1763 potius
1846 1705 1947 1761 ap-

347 1779 642 1851 pellandus
689 1779 954 1835 Glossarii
1001 1780 1381 1852 antiquissimi
1426 1782 1734 1854 exemplar,
1796 1781 1945 1836 unde

253 1851 260 1864 ¹
349 1873 483 1927 certi
513 1872 618 1928 loci
648 1872 876 1928 fidenter
905 1871 1224 1928 conferendi
1254 1880 1385 1926 sun-t
1412 1869 1576 1928 nobie
1600 1873 1669 1928 de
1694 1871 1942 1928 Philonis

346 1963 608 2034 operibus
645 1965 942 2018 universis.
961 1971 998 1996 “
1079 1964 1315 2035 (Praeter
1360 1981 1425 2018 ea
1470 1979 1612 2036 quae
1659 1979 1731 2019 ex
1774 1963 1943 2018 altera

350 2051 686 2122 praefatione
733 2054 825 2112 hic
865 2058 1290 2130 exscripsimu5‚
1345 2061 1487 2116 nihil
1524 2060 1663 2114 haec
1701 2061 1947 2113 continet

349 2143 452 2197 hoc
479 2143 598 2198 loco
623 2157 923 2203 memoratu
949 2148 1227 2220 dignum.)

456 2265 532 2319 De
557 2263 660 2317 hac
688 2278 817 2316 vero
846 2260 1084 2315 Aucheri
1113 2261 1367 2316 versione
1394 2259 1585 2313 Latina
1614 2257 1673 2309 in
1702 2261 1943 2308 nostram

349 2355 598 2410 Philonis
629 2353 924 2408 editionem
953 2349 1325 2407 transferenda
1356 2350 1565 2405 nullam
1595 2345 1759 2400 aliam
1779 2343 1940 2400 nobis

351 2448 530 2520 legem
552 2443 793 2500 scribere
812 2459 972 2516 posse
991 2441 1311 2515 putavimus
1326 2481 1339 2504 ‚
1373 2455 1539 2511 quam
1560 2446 1647 2502 ut,
1679 2437 1937 2493 omnibus

352 2548 405 2593 et
425 2537 663 2612 singulis
679 2578 691 2600 ‚
716 2535 970 2607 inprimis
990 2531 1339 2608 gravioribus
1361 2529 1756 2586 mutationibus
1772 2529 1945 2584 omis-

354 2633 458 2696 si3‚
511 2646 726 2686 summa
755 2627 862 2682 fide
892 2635 944 2682 et
971 2641 1139 2698 quam
1178 2619 1619 2676 emendatissime
1658 2617 1801 2674 nihil
1830 2621 1941 2673 nisi

353 2733 563 2780 textum
627 2721 1034 2777 Aucherianum
1104 2709 1526 2785 exprimendum
1604 2727 1936 2775 curaremus„
