2125 3084
177 203 505 273 [11,45o.451.]
560 210 642 255 IN
679 209 1017 256 Exomm.
1058 211 1315 258 sERMo
1354 216 1394 258 1.
1469 216 1478 230 ³
1681 211 1780 263 303

179 311 280 366 soli
302 311 559 365 homines
580 316 859 366 transitum
886 318 1152 376 mactant,
1196 329 1370 383 quum
1401 313 1518 368 loca
1547 324 1777 380 mutant,

178 402 372 440 verum
392 385 561 440 etiam
580 387 797 440 animae
822 385 1154 441 familiarius
1169 427 1182 450 ,
1228 386 1450 458 quando
1479 393 1776 460 coeperint,

177 461 483 516 iuventutis
512 461 697 516 studio
726 469 779 516 et
806 461 977 516 cruda
999 463 1322 533 insipientia
1343 463 1552 518 relictis
1573 465 1642 519 ad
1662 483 1781 522 me-

176 535 369 591 liorem
390 536 733 610 senilemque
754 535 1005 592 ordinem
1032 536 1339 592 transferri.
1387 534 1460 612 [³¹⁵]
1503 539 1781 596 Mutentur

175 613 362 684 itaque
392 611 565 666 animi
595 612 769 666 nostri
798 628 867 666 ex
895 613 1206 684 ignorantia
1234 613 1564 684 insaniaque
1592 614 1662 668 ad
1693 614 1781 676 di-

173 687 471 760 sciplinam
490 695 545 741 et
564 685 917 757 prudentiam
932 727 944 751 ‚
990 696 1156 758 atque
1177 705 1248 742 ex
1267 689 1690 760 intemperantia
1719 691 1778 744 in

170 763 496 832 patientiam
514 772 569 817 et
588 770 828 832 mentem
845 778 1035 816 sanam
1050 803 1063 826 ,
1107 769 1160 818 et
1179 780 1250 818 ex
1268 764 1464 820 timore
1481 764 1540 818 in
1560 764 1780 846 fortitq-

172 837 389 901 dinem,
431 846 485 892 et
506 853 585 891 ex
610 836 875 893 aviditate
904 837 1290 910 iniustitiaque
1318 839 1376 892 in
1417 838 1687 894 iustitiam
1726 849 1779 896 et

170 913 525 984 aequitatem.
602 912 701 968 Est
722 922 775 968 et
793 912 930 968 alter
949 913 1114 968 istius
1133 914 1396 968 transitus
1411 955 1424 979 ,
1459 931 1632 986 quum
1655 917 1776 970 ani-

167 1004 293 1042 mae
314 987 563 1042 immolat
579 988 999 1061 ⁸emigrationem
1022 988 1093 1044 de
1113 1005 1336 1061 corpore
1352 1030 1364 1054 ,
1391 997 1444 1044 et
1464 991 1635 1046 menti
1658 990 1777 1046 dis-

166 1079 391 1118 cessum
421 1062 492 1117 de
518 1063 779 1124 sensibus
795 1105 808 1128 ‚
852 1064 1172 1136 cogitationi
1203 1072 1384 1119 autem
1401 1106 1414 1129 ‚
1453 1074 1514 1120 ut
1535 1083 1642 1120 non
1665 1085 1694 1120 a
1716 1085 1776 1121 se

164 1138 421 1209 capiatur
436 1178 448 1202 ‚
492 1137 591 1192 sed
616 1140 801 1210 potius
822 1127 967 1194 ultro
988 1140 1191 1216 cogitet
1211 1139 1532 1214 (superiora)
1552 1150 1774 1213 propter

163 1212 514 1268 desiderium
538 1214 1073 1286 aemulationemque
1094 1212 1390 1286 spirituum
1421 1216 1776 1288 prophetico-

161 1305 315 1342 rum.

169 1403 358 1468 Quare,
406 1404 451 1454 εἰ
472 1406 625 1469 pauci
642 1407 831 1472 fiaerim
864 1406 913 1456 in
948 1405 1108 1469 domo,
1166 1407 1292 1456 iubet
1324 1409 1502 1458 vicinos
1537 1426 1772 1460 assumere

410 1473 660 1522 secundum
693 1491 929 1524 numerum
964 1475 1260 1548 animasum?
1303 1477 1409 1542 (12,
1450 1478 1526 1539 4.)

274 1579 329 1631 5.
370 1577 635 1631 Litteram
654 1575 832 1641 videS‚
855 1587 1125 1648 quantum
1147 1578 1507 1635 humanitatis
1530 1598 1768 1636 amorem

160 1651 827 1724 communicationemque
863 1653 1142 1718 ostendat,
1187 1657 1561 1726 praecipiente
1599 1657 1768 1710 verbo

160 1727 359 1782 divino
374 1768 387 1791 ‚
427 1743 538 1781 non
558 1727 734 1782 solum
755 1745 975 1784 servare
990 1771 1003 1794 ‚
1036 1719 1136 1784 sed
1157 1732 1322 1784 etiam
1341 1731 1546 1784 vicinis
1569 1739 1623 1783 et
1639 1747 1768 1800 pro-

161 1803 337 1856 ximis
366 1800 615 1856 studiose
644 1801 827 1859 favere
852 1814 956 1877 per
982 1804 1464 1878 participationem
1482 1805 1544 1857 in
1566 1820 1771 1874 aequa·
1829 1827 1836 1832 ·

146 1877 320 1936 ,litate
350 1875 407 1931 et
433 1877 819 1934 similitudine.
900 1878 1195 1952 Siquidem
1213 1885 1436 1951 propter
1457 1894 1630 1932 unum
1651 1895 1770 1931 ma-

158 1954 251 2026 gis
282 1952 591 2024 pretiosum
608 1983 683 1996 ——-
699 1963 753 2009 et
777 1957 918 2028 quid
947 1953 1220 2010 sacrificio
1239 1949 1574 2026 pretiosius?
1594 1983 1668 1992 —
1689 1963 1771 2006 et—

160 2033 275 2082 iam
304 2029 365 2084 in
394 2028 563 2100 rebus
582 2031 835 2086 minimis
855 2032 1118 2088 honorem
1140 2038 1194 2084 et
1217 2027 1769 2084 communicationem

162 2104 387 2160 videtur
407 2105 513 2160 hoc
532 2104 846 2163 decernere.
924 2108 1130 2162 Littera
1158 2105 1248 2159 his
1277 2103 1606 2158 continetur.
1685 2103 1769 2156 Ad

160 2175 403 2235 m‘ent‘em
431 2197 561 2236 vero
592 2183 902 2237 animarum
932 2183 1152 2253 aliquae
1182 2188 1338 2244 sunt,
1377 2195 1519 2252 quae
1547 2177 1768 2250 plenam

161 2255 370 2310 habent
396 2257 806 2329 cognationem,
848 2257 917 2311 ad
943 2257 1273 2328 probitatem
1293 2253 1618 2311 concordiae
1638 2269 1770 2308 con-

161 2332 475 2396 venienteS,
507 2332 935 2404 cogitationibus
957 2348 1084 2388 cum
1107 2331 1473 2396 sermonibuS‚
1499 2329 1770 2384 sermoni-

160 2407 267 2461 bus
315 2414 497 2462 autem
546 2423 687 2460 cum·
718 2408 903 2478 operis
953 2407 1445 2463 consentientibus.
1475 2445 1494 2464 .
1533 2404 1770 2476 Aliquae

160 2499 291 2536 vero
322 2490 479 2546 sunt,
523 2497 667 2552 quae
696 2482 787 2536 his
812 2480 1126 2554 indigeant,
1167 2483 1419 2555 partibus
1439 2489 1706 2555 perpetuo
1717 2481 1770 2552 *)

160 2576 189 2611 a
208 2557 483 2630 probitate
505 2555 919 2625 deficientibus3
952 2555 1025 2632 [³¹⁶]
1049 2568 1234 2631 partes
1257 2566 1436 2613 autem
1459 2559 1596 2612 istae
1618 2573 1770 2611 amo-

160 2649 217 2687 re
246 2630 511 2702 effluunt,
554 2631 869 2688 humaniter
896 2633 1228 2705 recipientes
1258 2633 1472 2688 vicinos
1505 2643 1558 2689 et
1577 2635 1768 2705 proxi-

261 2775 305 2822 ·)
332 2784 369 2814 s.
397 2773 615 2822 indiacum
636 2774 829 2822 partebus
856 2753 1114 2818 aeter-unitatis
1140 2785 1177 2817 a.
1205 2777 1398 2817 aeternis.
1450 2776 1613 2818 Auen.
