2125 3084
383 204 482 259 236
620 207 820 252 PHIL.
857 206 1008 252 ιω).
1048 206 1371 265 QUAEsT.
1410 206 1511 251 ET
1560 208 1717 255 soL.
1758 204 1984 274 [11,4o2.]
2080 219 2098 251 s

382 310 564 373 illam,
609 316 851 363 teneram
874 315 927 361 et
944 306 1219 379 placidam
1240 307 1648 381 amabilemque
1670 310 1865 365 factam
1881 354 1893 376 ‚
1930 324 1988 367 et

383 384 612 439 afferens
630 400 902 455 proponas
921 383 1034 437 tuis
1053 383 1443 455 progressibus
1456 424 1469 448 ‚
1500 393 1621 440 oret
1639 403 1739 457 pro
1758 395 1811 441 te
1824 428 1837 451 ‚
1870 405 1983 443 non

381 460 602 531 sapiens
627 458 792 513 homo
821 457 959 511 mihi
987 458 1219 521 similis»,
1268 457 1368 513 sed
1398 460 1583 514 anima
1611 461 1670 515 in
1698 478 1787 515 me
1823 464 1985 534 prin-

381 552 510 608 ceps
529 533 846 607 praecipua.

383 726 456 793 [Ἴ
491 726 586 777 Cur
621 724 843 775 Rebecca
878 724 951 774 his
985 723 1162 774 auditis
1196 722 1317 773 dixit
1352 723 1423 772 ad
1453 722 1601 773 Iacob
1622 724 1781 785 filium
1815 742 1976 776 suum.-

514 831 548 857 ‚,
562 793 694 843 Ecce
719 792 884 843 audivi
897 802 1087 857 patrem
1114 802 1239 842 tuum
1267 791 1490 840 dicentem
1521 791 1589 839 ad
1610 790 1747 841 Esau
1761 792 1973 857 fratrem

513 863 720 911 munst&
757 862 864 925 (27,
893 862 968 921 6.)
1913 918 1925 925 ⁸
2100 868 2109 955 ἱ

492 988 606 1039 499.
656 986 800 1040 Bene
827 994 883 1041 et
909 984 1208 1057 diligenter
1232 983 1392 1039 Iacob
1421 982 1600 1039 filium
1626 984 1771 1040 dixit
1804 1002 1969 1048 auum,

376 1060 524 1117 Esau
543 1068 725 1115 autem
743 1067 962 1131 fratrem
981 1062 1165 1122 Iacob,
1204 1076 1369 1115 suum
1390 1067 1575 1115 tamen
1594 1058 1775 1115 filium
1794 1060 1974 1115 nulla-

377 1144 538 1191 tenus
561 1135 724 1191 dixit.
797 1135 1067 1203 Quoniam
1086 1134 1185 1189 ille
1203 1133 1575 1189 moderatione
1594 1135 1975 1207 probitateque

377 1228 592 1265 morum
610 1218 832 1265 ornatus
853 1218 992 1276 erat,
1029 1211 1177 1265 sicut
1196 1208 1515 1281 exemplum
1536 1212 1976 1282 perseverantiae

378 1285 646 1356 (nominis
683 1285 988 1359 Rebeccae)
1023 1293 1187 1341 natus
1222 1302 1359 1340 suus
1396 1286 1802 1355 conscribatur3
1873 1288 1977 1342 iste

376 1378 508 1415 vero
546 1361 825 1431 exemplar
861 1360 1243 1415 immodestiae
1278 1368 1332 1415 et
1370 1360 1770 1432 improbitatis,
1826 1361 1976 1417 haud

376 1450 654 1505 quaquam
667 1474 680 1497 ‚
703 1436 856 1505 pacis
875 1444 958 1491 est
973 1436 1125 1491 enim
1145 1435 1466 1491 moderatio.
1542 1436 1613 1492 Et
1632 1436 1826 1493 fratres
1845 1454 1978 1492 cen-

377 1516 568 1562 sentur
595 1510 740 1563 sicut
764 1510 942 1582 impar
971 1519 1025 1565 et
1049 1527 1177 1581 par,
1218 1512 1303 1566 sic
1331 1510 1612 1566 modestus
1632 1521 1686 1567 et
1703 1512 1978 1567 immode—

374 1762 486 1817 tuis
507 1762 978 1827 meliorationibus
1009 1774 1175 1839 atque
1212 1765 1593 1819 successibus:
1642 1766 1857 1838 optabit
1876 1784 1977 1821 au-

375 1846 486 1893 tem
505 1838 608 1894 tibi
631 1839 773 1895 bona
793 1857 900 1895 non
919 1841 1256 1913 compositus
1276 1856 1377 1913 ego
1399 1840 1580 1905 homo,
1602 1840 1701 1895 sed
1722 1842 1877 1913 quod
1894 1850 1978 1897 est

375 1918 433 1968 in
453 1932 542 1969 me
563 1917 953 1989 augustissima
973 1916 1239 1971 sobrietas
1260 1916 1495 1971 animae.

383 2110 565 2175 thuid
604 2111 824 2161 Rebecca
874 2112 946 2161 his
990 2113 1166 2163 auditis·
1212 2115 1282 2163 ait
1329 2114 1399 2164 ad
1429 2114 1579 2165 Iacob
1609 2112 1773 2175 filium
1814 2132 1976 2165 suum.-

508 2215 541 2242 ,‚
556 2177 734 2293 Auc‘i‘iaegi
766 2190 954 2243 patrem
999 2190 1125 2229 tuum
1172 2178 1453 2245 loquenten(
1478 2182 1549 2231 ad
1588 2180 1729 2231 Esau
1760 2182 1977 2246 fratrem

507 2256 630 2295 tuum
1759 2264 1765 2269 “

487 2368 600 2419 199.
660 2366 804 2419 Bene
841 2372 1006 2435 atque
1041 2366 1531 2422 observantissime
1560 2368 1711 2423 hunc
1739 2368 1980 2440 quidem

372 2440 552 2503 Iacob,
595 2439 774 2494 filium
809 2448 992 2493 autem
1027 2457 1193 2495 suum
1228 2442 1457 2497 minime
1473 2482 1486 2506 ‚
1536 2444 1983 2501 constantissimi

373 2513 521 2566 enim
560 2522 613 2567 et
648 2513 988 2569 ornatissimi
1023 2530 1202 2569 mores
1230 2520 1699 2586 perseverantiae,
1748 2536 1821 2574 ne
1848 2530 1983 2591 post

373 2587 568 2640 merito
595 2596 844 2654 vacatur3
897 2604 1101 2658 procax
1128 2606 1259 2643 vero
1278 2599 1333 2644 et
1352 2591 1501 2645 iners
1522 2610 1877 2663 nequaquam
1905 2596 1983 2651 il-

374 2657 516 2719 lum,
557 2661 742 2730 itaque
769 2679 886 2716 sors
915 2662 974 2715 in
999 2679 1133 2731 pace
1162 2662 1522 2721 foecundatur
1548 2666 1737 2737 (mar-9.
1766 2670 1986 2725 funda-

371 2728 478 2799 tur)
505 2740 558 2783 et
585 2736 803 2803 requie,
845 2736 1012 2789 huius
1040 2753 1169 2791 vero
1198 2754 1305 2792 non
1336 2741 1431 2793 ita.
1520 2740 1787 2806 Quamvis
1820 2747 1982 2800 enim
