2125 3084
373 173 470 225 336
620 176 814 220 prun.
854 174 1014 235 iun.
1057 172 1382 230 QUAE-ST.
1424 173 1525 220 ET
1562 176 1725 221 son.
1768 173 1973 240 [imas]

369 293 493 331 rum
511 274 828 346 prolixitate
843 314 855 336 ‚
899 273 998 328 sed
1017 273 1385 344 perfectorum
1404 289 1767 331 numerorum
1786 295 1974 334 ascen-

367 354 548 414 sione,
591 365 735 421 quae
765 349 970 404 honore
997 356 1131 402 sunt
1158 347 1361 420 dignae
1382 356 1545 419 atque
1559 355 1966 424 praerogativa.
2038 357 2045 364 ‘

441 504 600 563 Quare
636 505 776 554 dicit.-
827 503 1161 566 „Adorabunt
1194 520 1229 554 a
1258 503 1400 568 ‘longe
1434 501 1661 554 dominum
1678 507 1747 553 “5
1782 508 1899 571 (ib.)

411 687 418 694 ,
477 605 565 679 28⁸.
605 621 1081 688 Quemadmodum
1100 623 1200 692 qui
1220 637 1394 693 prope
1414 617 1599 694 ignem
1619 630 1776 686 sunt,
1818 641 1964 678 com-

367 699 667 760 buruntur,

365 771 682 834 intervallo,
719 713 808 844 Ἐξ]
845 771 1194 825 securitatem
1224 769 1455 824 habent:
1506 771 1590 825 sic
1617 785 1703 824 res
1730 770 1961 826 habetur

364 848 423 900 in
445 846 669 900 animis.
746 843 1139 916 Quaecumque
1166 845 1316 900 enim
1336 845 1519 902 anima
1540 843 1773 900 nimium
1792 861 1959 916 prope

365 918 603 984 accedit,
667 917 987 974 desiderans
1028 918 1121 974 dei
1163 919 1465 984 visionem,
1526 937 1637 974 non
1679 917 1954 992 intelligit,

364 994 514 1066 quod
550 995 911 1050 eonsumitur.
990 993 1142 1061 Quae
1179 1010 1310 1049 vero
1346 993 1539 1065 procul
1578 1002 1686 1050 stat
1715 1012 1747 1049 a
1780 993 1954 1066 longe,

365 1087 474 1124 non
505 1069 744 1140 amplius
772 1069 1053 1124 radiorum
1082 1067 1345 1139 splendor
1374 1085 1496 1123 eam
1521 1069 1822 1133 comburit,
1862 1071 1960 1124 sed

365 1143 640 1198 moderate
659 1142 1041 1200 calefacientes
1063 1141 1373 1197 refocillant
1393 1142 1682 1198 vitalitate.
1734 1145 1844 1198 Hoc
1864 1161 1962 1198 au·-

363 1226 474 1272 tem
504 1217 708 1273 dicitur
745 1217 1055 1273 secundum
1085 1216 1504 1272 dissolutionem
1534 1226 1588 1272 et
1622 1217 1959 1273 avulsionem

362 1291 591 1364 perfecti
620 1291 1043 1366 propheticique
1070 1290 1411 1355 intellectuS,
1454 1290 1546 1346 cui
1567 1290 1698 1347 licet
1718 1294 1850 1347 etin
1870 1309 1963 1347 ca-

363 1367 594 1437 liginem
634 1366 837 1420 intrare
877 1374 930 1420 et
964 1367 1024 1421 in
1068 1367 1205 1422 atrio
1242 1367 1427 1438 regiae
1470 1364 1721 1421 habitare
1766 1370 1958 1439 patris,

361 1438 539 1504 Quare
561 1439 728 1493 etiam
749 1439 1009 1500 animalia
1029 1439 1303 1512 quaedam
1323 1448 1451 1496 sunt
1464 1481 1477 1504 ,
1516 1457 1659 1511 quae
1679 1441 1963 1496 ambulant

362 1512 625 1584 degentes
647 1513 706 1566 in
727 1514 858 1587 igne
877 1513 927 1586 (a
948 1532 1058 1589 quo
1080 1523 1291 1570 caetera
1310 1516 1783 1590 corrumpuntur),
1809 1537 1964 1591 πυρι-

359 1590 486 1660 γενῆ
507 1585 808 1663 (ignigena)
829 1587 996 1650 dicta.

366 1759 462 1810 Cur
503 1759 698 1824 dixerit,
757 1763 890 1827 quod
921 1761 1168 1828 „Moyses
1208 1763 1335 1814 eolus
1368 1763 1561 1813 accedet
1596 1764 1667 1812 ad
1696 1763 1861 1826 deum,
1916 1775 1964 1812 ee

493 1829 566 1878 illi
609 1846 704 1878 non
755 1831 1232 1895 appropinquabunt.-
1282 1830 1490 1895 populus
1540 1841 1697 1884 autem
1738 1847 1833 1881 non
1876 1831 1963 1880 ad-

493 1897 683 1946 scendet
716 1914 819 1948 eum
854 1899 998 1950 eis‘w
1035 1903 1141 1962 (24,
1169 1900 1241 1959 l.)

471 2017 554 2070 29.
598 2015 739 2070 Proh
766 2016 1026 2087 optimam
1056 2014 1335 2088 deumque
1353 2014 1639 2072 decentem
1658 2015 1962 2071 ordinatio-

360 2090 514 2143 nem!
545 2090 931 2162 propheticum
953 2089 1135 2146 solum
1156 2091 1500 2146 intellectum
1518 2093 1961 2164 appropinquare

358 2163 428 2217 ad
459 2163 650 2231 deum;
705 2165 978 2220 secundos
1010 2173 1193 2221 autem
1224 2184 1443 2222 sursum
1467 2166 1791 2230 ascendere,
1832 2183 1965 2238 per-

358 2247 549 2310 gentes
571 2240 722 2292 viam
742 2240 800 2293 in
823 2240 1036 2294 caelum
1057 2241 1375 2308 ducentem3
1422 2241 1609 2296 tertios
1628 2258 1759 2296 vero
1780 2256 1966 2312 popu-

359 2313 499 2367 lares
520 2330 697 2368 mores
719 2313 1071 2368 conturbatos
1090 2332 1193 2369 nec
1213 2333 1435 2370 sursum
1454 2315 1749 2370 ascendere
1779 2331 1968 2386 neque

358 2403 485 2441 cum
506 2389 579 2441 iis
601 2387 896 2442 ascendere
910 2427 924 2451 ,
961 2387 1153 2442 videre
1174 2398 1354 2445 tamen
1372 2432 1385 2455 ‚
1427 2392 1525 2462 qui
1546 2391 1820 2444 visionem
1842 2405 1971 2444 me-

356 2470 477 2515 rent
491 2502 504 2524 ‚
557 2461 775 2516 felicem
812 2463 870 2515 in
909 2475 1132 2516 sursum
1160 2464 1330 2518 viam.
1416 2463 1562 2519 Illud
1600 2471 1783 2519 autem
1819 2467 1972 2531 solua

356 2541 569 2590 accedat
589 2537 757 2590 nimis
783 2535 1105 2591 naturaliter
1126 2536 1337 2594 dictum
1358 2548 1465 2594 est:
1508 2539 1772 2610 quoniam
1790 2538 1972 2592 intel-

358 2609 532 2661 lectus
563 2611 946 2680 propheticuS‚
990 2627 1165 2681 quum
1196 2613 1406 2668 divinis
1436 2614 1687 2668 initiatus
1710 2613 1884 2668 fuerit
1904 2629 1973 2666 ac

357 2679 558 2745 deifer,
589 2685 787 2736 unitati
807 2683 1008 2738 similis
1029 2693 1139 2748 est,
1161 2689 1370 2741 nemini
1391 2689 1613 2758 penitus
1634 2689 1845 2742 mixtus
1868 2703 1972 2742 eo-

798 698 819 749 i
845 713 978 750 vero
1011 696 1204 768 procul
1234 703 1378 751 stant
1403 713 1434 749 a
1464 696 1623 768 longe
1651 709 1962 753 mensurato
2028 747 2033 751 .

2084 2131 2087 2274 l

2084 2583 2086 2666 l
