2125 3084
345 168 445 221 382
582 172 775 218 PHIL.
814 170 960 218 run.
1000 170 1324 229 QUAEs'r.
1366 170 1468 217 ET
1505 170 1675 217 son.
1719 164 1810 231 sn,
1839 168 1960 233 538]

342 272 492 347 apud
521 272 773 345 patrem).
852 271 965 328 Sed
990 270 1236 327 fortassis
1265 275 1428 326 honor
1463 290 1490 325 a
1528 274 1707 340 gloria
1747 272 1964 329 distin—

344 348 600 424 guendus
638 348 768 403 erit:
834 348 1098 419 quoniam
1137 347 1312 419 gloria
1350 345 1470 401 laus
1511 347 1580 400 ab
1621 345 1960 403 hominibus

345 432 453 489 est,
496 423 669 479 honor
698 431 879 478 autem
907 422 1057 495 apud
1086 421 1450 477 essentialiter
1474 421 1782 477 nobiliores
1825 441 1962 478 sus-

347 500 553 572 ceptio;
614 498 912 553 nobiliores
929 515 1061 552 vero
1081 506 1211 552 sunt
1229 513 1317 552 res
1338 496 1582 551 divinae.
1661 496 1958 553 Pontifieis

346 592 475 648 ergo
513 573 673 629 talari
702 574 948 639 exornati
976 572 1328 645 participatio
1355 580 1435 627 est
1462 571 1783 642 utriusque,
1829 581 1955 637 tum

346 649 715 706 venerationis
734 647 881 720 apud
901 647 1068 703 deum
1089 648 1388 720 gloriosae,
1433 655 1548 701 tum
1580 645 1731 718 apud
1762 646 1955 703 homi·-

344 743 443 781 nes
472 740 697 780 securae
734 724 1123 794 susceptionis.
1202 724 1345 777 Haeo
1386 720 1582 777 littera.
1659 719 1746 776 Ad
1784 738 1953 777 men-

344 811 454 857 tem
475 816 605 855 vero
626 798 798 854 illud:
850 796 1175 871 Symbolum
1195 800 1385 852 talaris
1403 804 1488 851 est
1503 795 1773 869 quicquid
1793 797 1948 851 mul-

344 877 417 931 tis
455 875 737 946 variisque
766 872 931 928 rebus
960 873 1190 938 texitur3
1257 876 1430 941 qloria
1456 880 1667 937 autem,
1709 880 1770 927 ut
1798 873 1944 926 anti-

344 968 489 1023 quus
520 967 699 1005 sermo
726 948 874 1012 vult,
922 946 1060 1003 falsa
1089 955 1172 1001 est
1199 948 1416 1018 opini03
1481 948 1670 1019 opinio
1701 964 1826 1002 vero
1851 947 1942 999 in-

346 1034 597 1099 constans
618 1042 717 1098 per
736 1040 795 1079 se
813 1022 1131 1095 imperfecta
1149 1021 1291 1097 (est).
1349 1021 1507 1088 Quod
1527 1024 1578 1077 si
1599 1022 1786 1095 opinio
1803 1029 1942 1076 tem-

347 1109 530 1174 perata
558 1118 686 1155 eum
718 1098 947 1155 veritate
974 1098 1067 1153 fiat
1086 1105 1229 1152 certa
1250 1098 1468 1169 opinio,
1500 1105 1860 1153 commutatur
1880 1097 1940 1151 in

346 1176 665 1232 honorabile
684 1173 751 1247 (s.
774 1172 1116 1246 pretiosum).
1181 1173 1312 1228 Vult
1338 1173 1524 1243 itaque
1547 1172 1934 1234 demonstrare,

345 1250 494 1323 quod
516 1250 648 1305 mali
674 1246 747 1325 [*]
771 1248 887 1303 vita
906 1249 1013 1303 sub
1032 1248 1292 1320 opinione
1311 1256 1411 1311 est,
1436 1247 1504 1302 de
1527 1246 1664 1303 falsa
1683 1248 1940 1320 opinione

346 1325 592 1397 pendens
613 1341 675 1379 ae
693 1323 1071 1395 prehendens:
1123 1323 1390 1394 sapientis
1411 1340 1542 1377 vero
1563 1324 1794 1395 verique
1812 1340 1944 1392 pon-

348 1396 501 1469 tificis
517 1402 819 1454 honoranda
840 1408 920 1454 est
935 1440 947 1461 ,
980 1399 1110 1470 quia
1137 1398 1380 1457 veritatis
1400 1406 1482 1452 est
1508 1396 1782 1466 effectrix3
1833 1413 1942 1469 qua

348 1481 402 1529 et
422 1472 558 1529 falsa
577 1472 647 1529 ad
666 1472 948 1529 meliorem
968 1474 1137 1530 suam'
1148 1482 1397 1529 naturam
1415 1472 1518 1529 rite
1539 1472 1804 1529 demutat.

456 1670 552 1723 clar
584 1671 707 1723 duae
742 1690 857 1723 orae
888 1674 982 1725 sibi
1012 1674 1207 1725 invicem
1241 1674 1540 1736 commixtae,
1575 1672 1627 1722 in
1660 1672 1844 1721 duabus

760 1743 984 1806 partibus
1017 1746 1265 1791 annexae?
1301 1744 1409 1804 (28,
1440 1741 1513 1804 7.)

465 1880 579 1931 ⁴08.
623 1878 733 1933 Ora
753 1877 962 1933 indicat
982 1877 1195 1933 labores
1222 1878 1503 1941 honestos,
1545 1877 1678 1948 quia
1707 1894 1834 1947 pars
1861 1883 1944 1931 est

348 1953 520 2007 vestis
538 1961 783 2021 sancta03
822 1962 1007 2009 sancta
1028 1961 1212 2007 autem
1231 1952 1456 2009 honesta
1474 1960 1603 2007 sunt
1623 1960 1677 2007 et
1695 1950 1942 2006 studium

349 2028 634 2083 merentia.
710 2028 987 2083 Laborum
1013 2045 1146 2083 vero
1181 2028 1324 2083 duae
1363 2035 1493 2082 sunt
1528 2028 1771 2098 species:
1831 2043 1941 2081 una

348 2101 669 2157 desiderans
697 2103 963 2174 placitum
997 2103 1090 2158 dei
1129 2112 1183 2159 et
1217 2103 1464 2175 pietatis;
1535 2103 1704 2157 altera
1737 2109 1938 2165 autem,

347 2176 663 2251 benignitas
687 2217 701 2241 ,
768 2194 911 2249 quae
958 2186 1185 2233 vocatur
1229 2179 1475 2234 suavitas
1512 2186 1567 2232 et
1605 2177 1940 2232 humanitas.

348 2253 599 2308 Hortatur
626 2252 813 2323 itaque
839 2270 1060 2325 operam
1090 2254 1220 2308 dare
1245 2254 1396 2308 omni
1417 2251 1592 2308 labori
1611 2251 1942 2307 sufferendo.

346 2326 421 2379 De
440 2334 671 2397 utroque
690 2336 865 2382 certos
886 2328 1066 2382 faeere
1085 2328 1362 2383 auditores
1383 2327 1502 2383 vult
1520 2327 1830 2401 Theologus
1847 2369 1860 2393 ‚
1883 2334 1951 2384 ut

348 2399 495 2469 quod
518 2400 652 2455 alibi
670 2400 882 2456 dictum
900 2411 1001 2466 est,
1014 2403 1365 2458 confirmetur
1381 2403 1670 2475 operibus:
1707 2403 1835 2458 Cum
1853 2407 1950 2458 deo

348 2489 549 2539 compos
584 2479 733 2542 fuisti
769 2486 817 2530 et
858 2494 973 2530 cum
1000 2480 1286 2531 hominibus
1313 2482 1466 2547 tortis
1493 2483 1618 2534 eris,
1704 2478 1954 2533 Duarum

347 2561 479 2628 vero
498 2562 715 2602 orarum
734 2566 961 2604 neeesse
980 2558 1066 2605 est
1083 2567 1250 2605 unam
1273 2569 1302 2606 a
1321 2551 1512 2607 dextra
1533 2568 1655 2609 esse
1670 2594 1684 2617 ,
1719 2553 1956 2609 alteram

348 2632 379 2668 a
408 2619 651 2673 Sinistra.
718 2622 828 2685 Jlla
856 2640 985 2695 ergo
1012 2640 1155 2693 quae
1183 2642 1213 2677 a
1241 2625 1434 2681 dextra
1462 2635 1572 2691 est,
1613 2628 1806 2683 sortita
1845 2628 1962 2685 fuit

349 2697 569 2756 propter
596 2694 863 2761 placitum
892 2696 984 2752 dei
1012 2698 1376 2755 aemulatione
1405 2700 1639 2774 dignum
1669 2702 1956 2775 laborem;
