2125 3084
376 189 441 242 32
826 192 1198 240 1³111Loms
1235 192 1510 240 mnam
1801 187 1870 254 [1,
1897 190 1999 255 23.]

374 311 491 351 ram
512 293 829 349 adhibentis
850 292 1106 364 nihilque
1133 292 1376 366 amplius
1405 293 1646 366 agentis,
1689 294 1808 348 nisi
1837 296 1998 366 quod

376 370 486 442 ipsi
504 368 759 424 decorem
777 367 933 434 ferat,
946 385 1148 440 nempe
1167 377 1248 434 ut.
1261 385 1402 440 puer
1419 368 1524 423 etsi
1543 367 1750 422 similis
1769 369 1850 424 sit
1869 387 1998 425 ma-

380 446 449 501 tri
468 461 601 500 suae
614 485 629 509 ‚
662 461 725 500 ea
743 459 965 515 quoque
984 442 1329 507 auferantur,
1363 460 1506 515 quae
1524 442 1730 514 pudori
1749 443 1846 500 illi
1867 463 1994 501 esse

376 527 625 592 possunt.
702 519 861 586 Quod
880 519 930 574 si
950 527 1249 582 contumax
1265 519 1362 574 ille
1383 520 1690 590 reperiatur
1709 536 1992 594 respuens

374 613 535 652 curas
556 595 669 650 sibi
688 594 965 650 adhibitas
978 635 993 658 ‚
1034 611 1144 650 non
1166 594 1291 649 ideo
1311 593 1540 650 desistet
1569 595 1792 659 nutriit,
1839 613 1992 651 nunc

376 689 535 727 aures
556 687 729 744 puero
746 669 1043 734 vellicans,
1083 687 1234 725 nunc
1263 669 1537 740 plectenS,
1589 669 1729 724 alias
1755 686 1988 742 quoque
2064 741 2065 746 ἵ

374 748 541 802 minis
560 745 1041 818 perterrefacienS‚
1075 753 1163 809 ut,
1204 746 1462 816 quamvis
1482 744 1726 809 invituS,
1747 747 1988 818 recipiat
2064 761 2065 768 ¹

376 823 667 894 honestum
686 821 929 892 corporis
948 819 1223 876 habitum.
1301 819 1526 892 Oportet
1543 819 1724 884 enim,
1755 837 1910 892 quae
1929 823 1984 876 in

374 898 488 954 filio
525 898 679 954 velut
716 913 841 954 ossa
876 893 1157 968 superflua
1193 894 1464 968 pudorem
1493 894 1786 961 afferunt‚*
1804 897 1926 952 tolli
1951 915 1980 950 a

375 973 722 1044 parentibuS‚
766 972 869 1027 etsi
900 970 1086 1026 dolore
1115 969 1262 1048 affici
1289 979 1344 1025 et
1367 971 1480 1043 ipsi
1499 969 1831 1037 videantur,
1875 973 1977 1026 imo

376 1050 502 1105 licet
522 1047 853 1122 quandoque
873 1046 1054 1103 doleat
1072 1046 1194 1120 ipsa
1213 1061 1435 1118 quoque
1463 1047 1654 1102 nutrix
1682 1054 1856 1119 atque
1886 1049 1974 1103 tri—

370 1131 561 1180 stetur.

482 1213 570 1268 47.
618 1201 827 1284 ltaque'
837 1210 1187 1284 providentia
1215 1210 1464 1264 immittit
1492 1208 1800 1282 grandines
1817 1252 1832 1276 ,
1875 1210 1975 1266 ful-

370 1288 550 1350 mina,
591 1285 863 1350 locustas,
900 1295 963 1341 ut
992 1286 1163 1341 variis
1193 1283 1428 1358 flagellis
1455 1283 1526 1341 ad
1545 1286 1818 1340 virtutem
1843 1285 1972 1342 filios

372 1361 637 1424 adducat,
680 1362 782 1416 ets·
815 1361 906 1416 isti
940 1361 1261 1433 insipientia
1284 1360 1437 1416 ducti
1458 1368 1820 1418 contumaces
1842 1363 1968 1418 sint:

372 1453 551 1509 neque
572 1436 722 1492 enim
782 1443 902 1496 ecet
917 1436 1352 1508 providentiam,
1385 1435 1703 1507 relinquere
1723 1435 1973 1492 homines
2064 1473 2065 1496 ἦ

369 1512 525 1567 velut
561 1510 911 1587 providentia
948 1509 1262 1567 destitutos,
1354 1511 1494 1566 Nam
1532 1511 1581 1565 si
1621 1512 1975 1582 providentia

370 1604 478 1642 non
498 1595 669 1652 esset,
694 1585 848 1642 nullo
871 1585 1057 1642 dolore
1082 1583 1158 1662 [³¹⁵]
1181 1586 1492 1643 afficeretur
1511 1587 1735 1641 animus
1749 1629 1762 1652 ,
1800 1605 1975 1660 neque
2064 1613 2065 1646 1

371 1663 561 1718 morbo
580 1661 695 1717 ullo
713 1669 1006 1717 vexaretur
1021 1704 1033 1726 ‚
1065 1679 1128 1717 eo
1149 1661 1297 1734 quod
1317 1678 1479 1718 nemo
1497 1669 1643 1717 esset
1661 1664 1766 1733 qui
1787 1662 1974 1737 flagel-
2064 1685 2065 1726 ρ

373 1740 527 1795 laret.
604 1737 674 1794 At
692 1738 740 1793 si
760 1755 870 1794 non
892 1738 1248 1810 corripiatur,
1279 1755 1388 1794 non
1409 1737 1657 1810 acquiret
1681 1739 1972 1794 sanitatem
2064 1737 2065 1740 ’

370 1816 599 1884 mentis3
662 1814 837 1870 deerit
871 1815 1020 1870 enim
1058 1815 1112 1869 ei
1152 1812 1476 1869 admonitor.
1555 1811 1662 1878 Qui
1703 1830 1846 1888 ergo
1875 1831 1972 1869 non

370 1892 651 1966 cognoscit
669 1887 1094 1962 providentiam,
1121 1897 1410 1962 cognoscet
1429 1905 1498 1944 ex
1517 1886 1758 1944 morbis:
1805 1906 1969 1963 quum

371 1967 617 2039 alioquin
646 1974 859 2022 mortua
886 1973 1079 2022 natura
1106 1963 1349 2037 putanda
1369 1965 1470 2030 sit,
1513 1981 1656 2035 quae
1675 1981 1791 2020 non
1813 1966 1969 2020 sentit

370 2043 634 2098 dolorem.

483 2137 569 2190 48.
618 2131 689 2189 At
715 2133 1143 2206 improvidentia
1169 2132 1314 2188 nulli
1345 2133 1425 2187 rei
1457 2140 1580 2204 apta
1609 2147 1734 2186 esse
1761 2139 1962 2202 potest3
2064 2137 2065 2192 j

371 2227 496 2265 nam
517 2209 678 2282 quasi
699 2218 972 2278 mortuum
994 2227 1193 2281 corpus
1215 2209 1363 2262 iners
1383 2217 1466 2263 est
1490 2223 1670 2278 neque
1685 2247 1700 2270 ,
1746 2209 1856 2262 etsi
1883 2207 1964 2268 sit,

368 2286 668 2356 quicquam
697 2291 965 2356 praestat,
1005 2285 1106 2340 sed
1135 2283 1366 2356 perinde
1395 2292 1479 2339 est
1505 2301 1568 2338 ae
1596 2282 1644 2336 si
1673 2298 1785 2336 non
1809 2288 1968 2338 esset.

370 2360 439 2413 At
466 2358 847 2431 providentiae
882 2361 1170 2431 proprium
1205 2368 1288 2414 est
1323 2367 1621 2430 utrumque
1659 2367 1966 2428 praestare:

369 2433 649 2502 siquidem
668 2431 907 2490 florescit
924 2443 985 2489 ut
1004 2435 1156 2497 viva,
1181 2434 1454 2490 afferendo
1469 2433 1622 2505 quod
1639 2432 1839 2502 haben
1881 2431 1976 2488 dat

368 2505 515 2560 sieut
540 2506 884 2573 deliberans,
927 2517 982 2564 et
1010 2507 1210 2582 affligit
1238 2509 1499 2564 tollendo.
1577 2509 1720 2564 Nam
1749 2507 1974 2563 virtutis

368 2576 623 2633 bravium
653 2581 939 2656 (βραβεῖον)
965 2583 1242 2647 honestat,
1285 2601 1416 2654 prae
1433 2601 1495 2638 se
1515 2581 1698 2638 fierens
1721 2581 1977 2638 liberali-

368 2656 533 2730 tatem
552 2655 673 2708 sine
694 2655 935 2712 invidia:
998 2659 1077 2712 ita
1092 2667 1154 2712 ut
1173 2657 1514 2730 congaudeat
1531 2657 1619 2714 iuti
1634 2698 1646 2721 ‚
1687 2659 1793 2728 qui
1825 2657 1978 2712 acci-

370 2728 479 2787 plt2
512 2732 565 2776 εἰ
582 2727 663 2788 ei,
696 2744 728 2782 a
747 2745 858 2799 quo
878 2730 1122 2788 aufertur
1137 2773 1150 2797 ,
1183 2733 1482 2788 condoleat.
