2125 3084
216 193 311 259 [IL
338 190 459 254 316]
583 194 663 239 IN
703 193 1053 239 GENESIN.
1094 194 1346 241 SERMO
1385 196 1469 242 lv.
1731 190 1817 241 131

216 303 469 351 mentem
488 294 742 365 respicit,
773 294 1063 349 concordat
1089 309 1216 347 cum
1234 294 1397 348 dictis
1416 295 1822 367 philosophice.

214 374 409 426 Monet
427 370 578 423 enim
598 368 851 432 verbum,
874 385 1068 423 cavere
1097 385 1222 422 cum
1250 370 1542 424 attentione
1569 378 1623 425 et
1643 371 1827 425 nulla-

216 456 389 501 tenus
428 458 651 498 movere
691 451 1028 497 constantem
1069 458 1275 497 morem
1315 460 1346 497 a
1381 443 1647 515 dignitate
1685 445 1824 518 legis

218 520 594 593 gratissimae.
694 516 841 583 Quid
885 519 1033 572 enim
1080 517 1335 589 digniuS,
1397 534 1562 587 quam
1606 520 1756 589 quod
1795 538 1826 573 a

218 602 469 649 creatore
505 600 771 663 patreque
808 593 1192 647 universorum
1231 591 1438 646 factum
1473 593 1546 645 sit
1579 593 1828 665 gratum?

218 670 299 725 ita
340 676 403 722 ut
434 668 654 723 nullum
682 667 907 721 omnino
935 667 1176 738 patiatur
1209 667 1577 738 vituperium,
1623 675 1684 721 ut
1711 684 1826 722 mos

218 752 306 799 est
324 741 757 796 inconstantium
772 782 785 804 ‚
827 742 927 811 qui
948 758 1055 795 non
1078 741 1283 795 habent
1299 742 1518 795 solitam
1539 742 1828 796 stationem

216 817 492 873 moralem
506 856 518 880 ,
559 814 657 869 sed
676 815 745 869 de
766 816 1014 869 minimis
1034 815 1229 879 rebus,
1260 823 1560 886 utcumque
1581 816 1830 888 contige—

217 894 324 955 rit,
366 892 549 945 animo
571 888 640 944 ad
663 889 1092 962 vituperandum
1112 888 1421 945 declinante
1441 892 1827 961 conquirentes

218 968 484 1020 incusant
515 980 578 1019 ac
608 964 969 1019 criminantur
998 964 1172 1027 illud,
1224 963 1374 1035 quod
1409 973 1491 1020 est
1519 966 1767 1019 immune
1797 982 1828 1019 a

220 1057 393 1095 causa
414 1047 469 1094 et
488 1040 719 1093 crimine
728 1037 801 1111 ³¹⁶).

232 1196 397 1253 Quare
434 1196 571 1247 dicit.-
630 1196 911 1260 „Dominus
948 1196 1061 1247 deus
1099 1196 1224 1246 caeli
1257 1206 1302 1245 et
1338 1196 1452 1245 deus
1487 1206 1643 1245 terrae
1679 1197 1826 1246 mittet

366 1264 578 1328 anyelum
616 1282 747 1313 suum
785 1274 895 1314 ante
915 1264 1102 1329 faciem
1141 1272 1290 1325 tuam,
1332 1274 1378 1313 et
1405 1264 1608 1327 accipies
1635 1280 1823 1313 uxorem

349 1330 463 1393 filio
498 1348 597 1381 meo
634 1329 863 1381 Isaac“?
902 1332 1009 1394 (24,
1050 1333 1124 1393 7.)

337 1452 421 1503 90.
488 1450 643 1504 Certe
690 1448 878 1512 vide0‚
940 1449 1087 1520 quod
1134 1450 1398 1521 propheta
1437 1459 1520 1506 est
1557 1458 1609 1505 et
1641 1449 1822 1522 legem

222 1526 407 1595 ponit,
452 1524 710 1579 divinans
732 1522 913 1578 futura
940 1524 1287 1597 agendaque:
1334 1526 1425 1579 lex
1451 1526 1599 1579 enim
1619 1533 1702 1579 est
1723 1544 1823 1579 na-

221 1607 378 1653 turae
418 1598 763 1661 adinventio,
814 1615 924 1653 non
967 1599 1272 1673 hominum.
1360 1599 1629 1665 Quoniam
1665 1617 1822 1653 mens

221 1673 316 1727 dei
347 1674 582 1727 amatrix
610 1674 854 1745 migrans
885 1690 948 1727 ac
975 1673 1307 1729 transferens
1341 1691 1400 1727 se
1429 1675 1486 1727 in
1517 1674 1682 1727 aliam
1712 1683 1823 1727 ter-

220 1765 342 1801 ram
376 1756 529 1801 extra
566 1754 733 1802 totam
771 1756 968 1802 terram
1004 1748 1356 1810 sensibilem,
1418 1748 1570 1802 illico
1609 1749 1824 1818 capitur

223 1821 439 1893 (divino
459 1821 681 1894 spiritu)
704 1829 757 1876 et
775 1823 1140 1894 prophetizat.
1199 1821 1463 1889 Alioquin
1482 1820 1632 1873 unde
1652 1837 1824 1874 nove-

222 1897 321 1959 rit,
363 1896 515 1966 quod
545 1906 712 1968 queat
738 1896 1001 1967 perficere
1029 1912 1226 1951 servus
1256 1895 1406 1947 viam
1439 1910 1538 1964 per
1566 1894 1824 1965 angelum

222 1970 543 2034 ducentem,
588 1972 699 2025 nisi
730 1971 1037 2026 secundum
1068 1969 1312 2039 aliquam
1341 1967 1738 2023 divinationem
1764 1986 1826 2023 ac

222 2042 607 2115 prophetiam?
655 2042 941 2101 Caeterum
969 2045 1176 2100 dixerit
1209 2043 1337 2114 quis
1372 2041 1626 2098 fortasse:
1678 2041 1825 2109 Quid

220 2135 361 2189 opus
392 2119 637 2173 habebat
664 2136 859 2174 servus
891 2120 1074 2193 angeli
1103 2116 1503 2190 proficiscentis
1539 2136 1664 2173 cum
1702 2119 1824 2190 ipso

223 2193 291 2247 ad
322 2210 436 2248 rem
468 2192 815 2264 implendam
851 2196 1003 2249 iuxta
1043 2192 1362 2248 mandatum
1398 2203 1710 2266 acceptum,
1764 2203 1825 2248 ut

219 2267 507 2338 perficeret
528 2268 1009 2338 desponsationem
1042 2266 1116 2343 [³¹⁶]
1151 2268 1484 2323 matrimonii
1510 2285 1640 2322 cum
1663 2267 1826 2321 fami-

224 2342 293 2395 lia
314 2340 597 2414 virginis‘?
634 2341 721 2396 Ad
740 2358 881 2413 quae
902 2342 1202 2397 dicendum
1223 2352 1330 2397 est:
1373 2344 1493 2395 Non
1515 2342 1638 2393 sine
1659 2342 1827 2395 ratio-
1867 2376 1880 2384 -

221 2433 313 2479 ne,
366 2416 615 2489 benigne
654 2416 849 2481 lector,
900 2418 1078 2473 voluit
1112 2424 1301 2471 natura
1332 2431 1454 2469 esse
1483 2414 1826 2467 intellectum

220 2490 555 2553 humanum,
601 2490 702 2544 sed
738 2508 897 2563 agere
932 2500 984 2547 et
1012 2493 1070 2546 in
1102 2499 1285 2545 actum
1313 2488 1576 2542 reducere
1606 2487 1824 2558 singula

318 2628 361 2676 ²)
388 2630 543 2669 Potest
568 2630 699 2668 etlam
724 2631 857 2669 altera
882 2631 978 2670 ellel
1004 2630 1216 2669 sententia
1239 2628 1322 2666 hoc
1347 2626 1494 2666 modo:
1528 2631 1705 2674 propter
1715 2637 1826 2675 pau-

217 2689 285 2717 cas
310 2690 401 2726 res,
443 2681 595 2727 quibua
625 2682 792 2728 conticit
811 2685 977 2727 partem
997 2680 1150 2719 habere
1167 2678 1384 2724 vituperii,
1414 2678 1604 2715 incusant
1622 2687 1671 2715 ac
1688 2678 1828 2715 crimi—

218 2734 371 2769 nantur
390 2740 506 2775 eum,
538 2729 613 2777 qui
632 2734 745 2770 caret
761 2740 889 2772 cama
905 2734 943 2769 et
959 2730 1146 2769 mmmc-
1200 2727 1359 2765 Auch.

1346 2777 1417 2823 12
