2125 3084
2062 89 2070 126 Ι

380 173 476 223 460
634 174 831 221 PHIL.
859 172 1006 218 IUD.
1038 170 1363 229 QUAEST.
1389 172 1488 217 ΕΤ
1523 173 1678 217 SOL.
1747 165 1832 233 [11,
1855 169 1981 235 aim]
2061 129 2077 285 ἱ

376 275 649 331 ducantur
662 314 676 338 ,
710 272 811 329 sed
832 272 1080 328 volentes
1100 279 1154 326 et
1173 271 1317 334 ultro
1339 272 1672 343 accipientes
1697 274 1985 330 matrimo-

373 352 533 406 nium
546 390 560 413 ,
592 349 653 403 in
674 363 1005 404 consensum
1026 346 1350 401 concordiae
1369 346 1810 419 proficiscantur.
1881 348 1985 405 Se-

374 424 586 489 cundo,
652 424 916 496 quoniam
954 421 1270 477 intellectus
1309 436 1528 494 semper
1569 420 1644 496 [³¹⁵]
1687 423 1983 479 variabilis

371 500 725 571 omnigenam
746 498 1022 570 recipiens
1042 496 1402 551 mutationem
1421 496 1494 551 oh
1513 497 1759 553 exterius
1783 515 1986 570 super-

374 575 661 629 venientes
690 573 1049 646 cogitationes
1079 570 1558 643 frequentissimas
1573 612 1588 637 ,
1633 589 1778 644 quae
1805 575 1986 629 conti-

374 650 503 703 nuis
525 648 759 705 fortunis
781 647 1035 703 torrentis
1056 646 1117 702 in
1134 645 1362 701 modum
1382 646 1804 719 ingrediuntur,
1847 648 1984 703 dili-

373 731 563 797 genter
602 722 889 777 dixerunt:
963 727 1364 791 interrogemus,
1404 737 1512 776 non
1541 722 1752 793 ipsam,
1795 722 1898 777 sed
1925 742 1983 779 oa

372 804 483 853 eius
501 795 747 851 —istud
768 813 838 851 ex
857 812 1024 851 causa
1044 794 1292 850 dicentes
1307 835 1321 859 ,
1363 802 1426 849 ut
1444 794 1735 852 ostendant
1753 813 1816 851 se
1835 798 1980 853 ultro

374 880 693 943 accepturos
742 888 864 925 esse
884 870 939 944 *)
986 870 1316 927 mutationes
1363 878 1646 943 tamquam
1683 879 1979 927 torrentem

373 946 829 1018 supervenientes
858 962 930 1000 ex
957 944 1154 1009 rebuS,
1203 958 1348 1015 quae
1385 945 1456 999 ab
1498 953 1650 1001 extra
1689 947 1973 1011 eveniunt,

372 1029 426 1077 et
462 1019 698 1076 verbum
736 1036 836 1093 pro
873 1020 1084 1076 ratione
1123 1020 1182 1073 in
1219 1016 1468 1074 medium
1498 1019 1628 1076 duci
1659 1020 1972 1077 voluerunt.

370 1095 551 1162 Quare
570 1097 737 1151 etiam
758 1095 882 1168 lege
902 1094 1011 1155 lata
1031 1094 1170 1149 dicit
1187 1108 1438 1160 rursum,¹
1480 1094 1631 1165 quod
1648 1101 1830 1151 omnia·
1845 1114 1976 1166 quae

372 1180 563 1225 exeunt
594 1188 661 1225 σω
689 1174 845 1225 labiis
873 1175 1001 1232 tuis,
1046 1174 1218 1240 [acia-3
1247 1176 1419 1237 (Deut.
1441 1178 1524 1237 23,
1545 1172 1660 1235 24),
1704 1186 1814 1224 non
1845 1188 1976 1226 vero

370 1261 755 1317 quaecumque
784 1245 842 1298 in
863 1252 1046 1299 mente
1068 1260 1284 1299 verses:
1337 1243 1590 1299 homines
1610 1245 1760 1299 enim
1781 1262 1974 1301 vocem

372 1320 635 1383 audiunt,
677 1317 815 1372 deus
846 1325 1031 1373 autem
1058 1318 1438 1389 cogitationes.
1513 1320 1706 1390 Itaque
1723 1322 1976 1392 apposite

369 1409 479 1447 non
510 1394 663 1465 ipsas
692 1391 1051 1464 cogitationes
1081 1392 1447 1465 interrogant,
1490 1392 1590 1449 sed
1617 1410 1844 1451 servum
1883 1412 1978 1453 ea-

368 1482 493 1521 rum
507 1506 520 1529 ‚
562 1481 873 1522 sermonem
900 1480 1037 1527 voce
1061 1466 1359 1538 prolatum.

374 1616 560 1680 Quare,
592 1635 733 1683 quum
758 1618 990 1671 sciscitati
1010 1628 1122 1675 aunt
1145 1635 1278 1673 eam:
1321 1618 1534 1683 „Ibi-*me
1551 1638 1652 1673 eim
1683 1623 1786 1673 viro
1805 1624 1928 1675 isto?
1942 1628 1974 1655 ‘⁴

568 1686 695 1737 illico
727 1686 993 1753 respondit,
1032 1686 1218 1739 dicens.-
1272 1686 1492 1752 „Ibo“?
1525 1690 1628 1755 (24,
1658 1691 1767 1751 58.)

483 1790 599 1843 ⁴33.
658 1789 729 1845 Et
764 1790 1165 1864 interrogantes
1203 1806 1444 1863 aequum
1483 1800 1569 1847 est
1606 1791 1860 1865 laudare,
1909 1812 1974 1850 eo

363 1862 516 1935 quod
542 1864 917 1921 voluntarium
946 1867 1126 1940 magis
1151 1882 1320 1937 quam
1341 1868 1716 1923 necessarium
1736 1868 1975 1924 honora-

365 1940 549 1994 verint
575 1940 1001 2010 praeelectione;
1054 1957 1182 1995 nam
1211 1940 1476 1996 violentia
1495 1942 1555 1995 in
1575 1944 1760 1998 causis
1781 1952 1865 1999 est
1883 1946 1974 2000 in·—

366 2021 685 2075 cunctanter
705 2013 914 2069 fatendi
936 2013 1153 2087 aliquid
1171 2030 1272 2087 per
1290 2022 1658 2086 praetextum.
1698 2018 1770 2073 Et
1787 2020 1974 2075 anima

364 2084 528 2139 laude
549 2084 720 2157 digna
739 2096 823 2143 est
836 2128 850 2152 ‚
893 2088 1027 2153 boni
1046 2090 1286 2155 amatrix
1302 2091 1629 2162 evitansque
1648 2092 1972 2163 superbiam

363 2167 417 2212 et
446 2158 815 2227 impietatem,
856 2169 1022 2233 atque
1057 2180 1160 2235 pro
1195 2162 1376 2221 nihilo
1415 2165 1626 2222 ducens
1667 2170 1972 2223 sententias

362 2232 650 2286 hominum
690 2245 1108 2307 aggregatorum
1147 2236 1721 2312 cohabitantiumque;
1774 2243 1974 2313 'siqui-

365 2306 493 2361 dem
514 2306 689 2379 aliqui
708 2308 851 2363 nihil
874 2309 1136 2368 differunt
1155 2330 1185 2370 a
1207 2312 1340 2369 feris
1359 2315 1602 2371 humana
1622 2314 1973 2389 formaprae-

363 2381 516 2437 ditis.
596 2382 725 2438 Fuit
754 2392 937 2439 autem
951 2426 975 2459 ,ψ
1009 2387 1109 2458 qui
1135 2388 1304 2459 paulo
1333 2398 1458 2445 ante
1488 2390 1671 2446 dictus
1697 2400 1814 2446 erat
1833 2390 1972 2447 ado-

362 2456 601 2521 lescens,
652 2460 824 2524 homo,
875 2476 985 2514 non
1024 2462 1264 2532 amplius
1303 2465 1510 2520 virtute
1545 2466 1813 2531 naturali,
1865 2467 1970 2523 sed

358 2530 695 2599 perfectione
708 2573 721 2594 ,
747 2534 919 2590 multa
940 2534 1152 2589 indicia
1170 2536 1410 2606 prodens
1431 2540 1736 2610 sapientiae
1755 2549 1810 2597 et
1828 2557 1971 2614 pru-

459 2700 502 2745 ¹)
536 2710 573 2739 e.
606 2704 744 2750 mam
777 2706 887 2745 ultro
922 2708 1186 2755 accepturam
1220 2716 1320 2747 me.
1373 2707 1534 2749 Anch.
