2125 3084
175 204 495 274 [1,125.126.]
596 209 737 256 LIB.
776 211 875 256 DE
912 210 1400 258 ANIMALIBUS.
1685 211 1779 262 ⁴⁴5

175 328 321 367 rum
352 318 405 366 et
440 310 700 365 classium
727 305 1078 381 civitatisque
1107 327 1194 365 me
1219 308 1290 384 [*]
1315 313 1781 370 circumduxerint
1831 376 1835 385 ,

178 387 451 442 examina
472 386 813 458 negotiorum
833 387 890 438 in
910 385 1030 458 ipsa
1052 402 1172 440 mea
1192 386 1543 442 habitatione.

260 552 269 556 ,
312 497 365 550 5.
404 495 612 548 Pauo.
654 492 921 559 Quoniam
948 495 1135 566 itaque
1162 495 1276 549 scio
1304 503 1357 549 te
1381 513 1489 551 non
1510 513 1779 562 recusare,

180 578 387 642 utpote
423 586 638 640 semper
677 568 1023 623 sitibundum
1060 569 1348 633 audiendi,
1393 587 1494 644 ego
1521 571 1785 642 incipiam

186 647 385 701 dicere
399 686 413 710 ,
446 645 495 699 si
518 653 578 699 tu
596 652 803 712 taceas;
840 652 892 698 at
910 652 970 698 tu
991 661 1098 698 non
1119 643 1338 699 assidue
1360 646 1498 714 meis
1519 648 1786 702 sermoni-

182 722 307 776 bus
328 723 645 774 immoratus
660 760 673 783 ,
698 727 939 789 perstare
961 720 1018 772 in
1038 720 1110 774 iis
1129 720 1243 774 vim
1263 720 1366 774 tibi
1389 719 1576 775 facies.
1647 763 1655 768 .

313 832 364 884 6.
406 829 814 884 Lrsrncnus.
858 828 1035 884 Grave
1063 836 1146 882 est
1174 837 1226 882 et
1251 846 1280 882 a
1311 827 1659 900 philosophia
1689 829 1788 883 ab-

188 905 428 960 horrens
447 903 761 959 mandatum
780 904 929 958 istud
951 911 1133 970 tuum,
1168 920 1427 974 quaerere
1449 905 1595 959 enim
1618 905 1788 958 inter-

188 995 501 1050 rogareque
520 978 753 1032 multum
776 977 921 1032 favet
942 978 1273 1048 expeditque
1295 977 1596 1047 doctrinae;
1637 980 1787 1032 nihi-

192 1053 443 1108 lominus
472 1052 777 1107 cedendum
807 1053 957 1108 iusso
986 1061 1100 1108 tuo.
1177 1053 1292 1125 Ego
1320 1055 1502 1126 itaque
1528 1053 1617 1108 hic
1643 1054 1787 1108 infe-

192 1129 321 1184 rius
348 1127 713 1198 tranquilliter
735 1127 1145 1199 humiliterque,
1170 1137 1229 1182 ut
1251 1127 1404 1183 decet
1425 1128 1781 1200 discipulum,

196 1202 435 1258 sedebo:
477 1210 538 1256 tu
566 1210 747 1257 autem
776 1220 846 1256 ex
873 1211 1166 1273 conspectu
1207 1202 1452 1257 residens
1490 1205 1548 1258 in
1590 1204 1695 1260 alto
1733 1212 1786 1259 et

194 1276 576 1333 venerabilem
586 1279 658 1332 'ac
676 1295 929 1332 severum
948 1285 999 1332 te
1020 1277 1287 1350 effingens
1315 1287 1575 1351 apparatu
1596 1280 1786 1351 sophi-

198 1354 341 1408 stico
355 1393 367 1417 ,
401 1352 585 1424 incipe
602 1351 813 1407 tradere
834 1351 1156 1406 doctrinam.

314 1445 365 1500 7.
406 1445 611 1500 Pano.
652 1444 889 1516 Incipi0‚
912 1443 1011 1500 sed
1031 1462 1140 1500 non
1161 1444 1485 1514 doctrinam3
1518 1446 1784 1518 interpres

199 1521 349 1576 enim
382 1537 533 1584 sum,
584 1537 692 1574 non
722 1520 926 1575 doctor.
1002 1521 1204 1574 Docent
1232 1522 1378 1576 enim
1409 1522 1477 1585 ii,
1525 1522 1624 1592 qui
1659 1537 1786 1593 pro-

198 1597 378 1669 priam
398 1595 687 1650 scientiam
707 1594 935 1650 edocent
954 1595 1108 1650 alios.
1168 1595 1460 1667 Exponunt
1479 1605 1656 1652 autem
1677 1597 1782 1662 illi,

200 1673 299 1743 qui
330 1670 399 1724 ab
428 1670 553 1726 aliis
584 1669 776 1724 auditu
807 1678 1062 1742 percepta
1092 1681 1278 1725 exacte
1317 1673 1606 1738 memoriae
1645 1670 1785 1726 refe-

200 1753 349 1808 runt,
372 1761 480 1798 non
504 1759 707 1813 paucos
726 1742 1218 1800 Alexandrinorum
1239 1747 1707 1815 Romanorumque
1727 1747 1785 1799 in

200 1836 376 1874 unum
396 1818 577 1873 locum
598 1828 985 1890 congregantes
1000 1861 1012 1883 ,
1054 1821 1203 1875 viros
1231 1822 1464 1892 optimos
1485 1829 1537 1873 et
1557 1819 1784 1874 selectos

204 1902 365 1966 atque
398 1892 711 1962 praecipuis
736 1893 1055 1964 principiis,
1098 1896 1310 1949 musica
1339 1895 1572 1964 aliisque
1599 1893 1785 1948 erudi-

205 1967 448 2024 tionibus
468 1975 701 2020 ornatos.

315 2063 367 2113 8.
432 2059 837 2115 Lrsrmcnus.
900 2057 973 2134 [³¹⁶]
1010 2061 1072 2120 In
1111 2059 1354 2114 medium
1394 2075 1517 2113 ecce
1558 2059 1783 2114 veniens

206 2133 517 2190 adolescens
532 2133 585 2206 ⁴²²)
622 2134 957 2189 ostendendo
994 2151 1053 2189 se
1091 2134 1241 2188 haud
1278 2133 1585 2205 impudenti
1615 2133 1786 2188 confi-

204 2210 413 2274 dentia,
464 2209 606 2264 sicut
633 2209 883 2264 hodierni
914 2209 1116 2274 solent,
1167 2209 1264 2263 sed
1293 2227 1401 2264 una
1427 2225 1551 2263 cum
1583 2208 1783 2264 fiducia

202 2283 408 2357 pudore
447 2284 771 2349 rubescenS,
820 2293 883 2339 ut
921 2283 1078 2338 decet
1115 2284 1356 2338 nobilem
1394 2283 1782 2355 nobilibusque

204 2367 387 2412 natum
403 2400 415 2423 ,
455 2355 598 2414 sedit
615 2362 673 2413 in
695 2359 877 2414 medio
891 2400 904 2424 ,
946 2367 1062 2412 tum
1083 2358 1154 2413 ob
1175 2375 1330 2414 suam
1349 2359 1777 2424 instructionem,

202 2443 317 2489 tum
336 2433 405 2488 ob
427 2435 597 2505 patris
621 2434 1003 2489 liberalitatem
1019 2474 1031 2497 ,
1063 2450 1228 2504 quam
1260 2435 1546 2504 usurpavit
1563 2443 1782 2506 propter

200 2508 287 2573 id,
316 2509 463 2580 quod
483 2510 640 2580 prius
662 2510 871 2589 dietum
892 2507 1184 2580 fuerat**).

301 2647 343 2694 *ὶ
386 2647 445 2688 Ut
468 2652 660 2697 putatur,
701 2647 946 2688 Alexander
978 2649 1070 2697 ipse
1105 2651 1370 2689 constructor
1394 2653 1606 2700 sequentis
1636 2653 1780 2700 apolo-

198 2703 295 2751 giae
322 2699 373 2736 de
400 2699 535 2738 brutis
562 2700 829 2738 animalibus.
880 2698 1041 2738 Auch.

300 2747 367 2796 **)
410 2759 446 2788 s.
490 2750 712 2800 quodiam
742 2751 901 2799 scriptis
932 2751 1216 2790 mandaverat.
1267 2749 1425 2792 Auch.

1271 2803 1373 2854 112
