2125 3084
351 203 451 257 356
583 209 780 253 Pan..
817 207 969 254 IUD.
1012 207 1334 266 QUAEs'r.
1371 209 1473 255 ET
1513 211 1691 290 801...
1718 209 1803 272 [11‚
1831 211 1941 276 510]

350 325 448 364 ens
478 305 637 362 fluvii
677 323 826 364 more
864 306 1171 362 secundum
1213 316 1413 363 aetates
1449 313 1943 386 pervenientesque

349 381 693 439 infirmitates
711 384 1071 438 variationem
1092 381 1279 437 subire
1302 384 1456 438 solet.
1506 386 1686 440 Tertio
1708 387 1963 460 humana,

349 458 491 523 vita,
534 458 736 512 similis
765 466 979 529 reperta
1005 457 1322 512 vastissimo
1358 459 1522 522 mari,
1564 457 1941 518 fluctuationes

350 542 644 604 aestusque
673 534 1006 588 circulorum
1034 534 1358 606 omnigenos
1386 534 1620 605 suscipit
1637 537 1941 593 secundum

350 607 677 682 fortunas*).
757 608 1048 680 Siquidem
1077 607 1219 662 nihil
1248 617 1525 663 terrenum
1552 618 1809 665 constans
1839 621 1935 676 est,

350 683 448 738 sed
486 684 596 738 huc
631 689 686 738 et
724 682 860 738 illuc
893 680 1162 738 vacillans
1199 684 1399 738 titubat
1435 683 1506 737 ad
1532 682 1755 739 modum
1782 687 1940 741 navis

352 775 502 814 mare
522 759 806 814 lustrantis
825 765 1012 814 contra
1029 766 1221 813 ventos
1242 759 1559 814 contrarios,

408 915 568 973 Quare
603 913 807 980 quatuor
839 915 1038 964 annulos
1072 915 1278 980 adaptat
1310 931 1477 979 arcae,
1518 917 1635 966 duos
1667 917 1717 966 in
1749 915 1887 966 latere

692 999 784 1032 uno
820 992 866 1032 et
899 982 1016 1032 duos
1048 983 1098 1031 in
1133 983 1317 1032 altero?
1350 989 1457 1046 (25,
1496 986 1601 1046 12.)

456 1089 541 1140 56.
593 1085 783 1140 Latera
813 1084 922 1139 duo
951 1085 1181 1158 contigit
1216 1101 1337 1139 esse
1374 1086 1432 1138 in
1472 1085 1730 1150 auribus,
1772 1102 1940 1139 unum

348 1159 692 1232 intelligibili
713 1160 771 1214 in
801 1167 980 1232 parte,
1023 1160 1255 1215 alterum
1284 1161 1342 1213 in
1374 1160 1658 1216 sensibili:
1712 1175 1941 1232 quorum

349 1243 645 1307 utrumque
673 1234 940 1290 ambobus
971 1235 1149 1308 signis
1178 1233 1484 1307 sigillatum
1513 1244 1622 1304 est3
1685 1236 1819 1306 quia
1856 1236 1944 1288 in-

347 1309 676 1364 tellectualis
694 1311 867 1381 partis
889 1307 1030 1365 duae
1052 1318 1181 1364 sunt
1202 1310 1471 1365 sectiones
1487 1352 1499 1375 ‚
1537 1327 1651 1364 una
1679 1327 1778 1382 per
1796 1309 1945 1365 indi-

317 1375 496 1438 'cium
524 1384 946 1448 immortalium,
990 1385 1159 1440 altera
1188 1402 1286 1455 per
1314 1384 1588 1439 indicium
1607 1385 1940 1460 mortalium.

349 1457 647 1514 Sensibilis
667 1475 798 1514 vero
818 1459 875 1513 in
903 1459 1013 1514 duo
1032 1459 1331 1516 dividitur:
1374 1477 1548 1532 quum
1569 1457 1849 1532 quoddam
1874 1461 1947 1516 sit

349 1533 492 1588 levis
513 1541 566 1587 et
585 1550 807 1588 sursum
828 1535 1105 1591 tendentis
1126 1543 1351 1591 naturae
1365 1575 1377 1599 ‚
1462 1553 1588 1590 uam
1618 1537 1842 1591 sortitus
1864 1543 1946 1590 est

347 1611 436 1664 ae'r
465 1617 628 1681 atque
655 1609 868 1678 aether;
933 1609 1160 1682 aliquod
1189 1618 1369 1665 autem
1392 1607 1445 1685 [³²²
1488 1612 1677 1683 gravis
1706 1620 1761 1666 et
1786 1610 1947 1666 deor-

347 1702 472 1740 sum
491 1684 768 1740 tendentis
796 1685 1017 1750 indolis,
1043 1703 1212 1757 quam
1231 1687 1418 1740 sortita
1440 1695 1523 1740 est
1542 1695 1685 1741 terra
1706 1695 1760 1741 et
1780 1702 1941 1758 aqua.

347 1760 601 1817 Secundo
628 1760 738 1816 duo
769 1758 935 1816 latera
962 1761 1218 1817 nonnulli
1248 1761 1528 1832 accipiunt
1551 1778 1653 1833 pro
1679 1761 1947 1833 aequino-

347 1837 472 1891 ctiis
486 1877 499 1901 ‚
544 1854 615 1892 ex
633 1837 841 1908 quibus
861 1844 1097 1908 quatuor
1116 1844 1361 1907 tempora
1382 1845 1629 1907 separata
1652 1836 1833 1892 fuere:
1885 1844 1947 1890 ut

345 1929 444 1983 pro
465 1912 643 1966 calore
664 1919 718 1966 et
746 1929 938 1966 sereno
964 1911 1101 1976 duc,
1138 1920 1315 1966 aestas
1344 1917 1397 1965 et
1427 1919 1783 1980 auctumnus3
1846 1927 1946 1983 pro

346 1995 528 2042 autem
546 1986 749 2059 frigore
769 1987 902 2042 haec
923 1987 1032 2042 duo
1046 2028 1060 2051 ‚
1094 1986 1273 2041 hiems
1294 1994 1347 2041 et
1364 2001 1480 2040 ver.
1559 1987 1669 2041 Ista
1688 1987 1747 2040 in
1766 1987 1947 2040 sensi-

344 2061 450 2117 bili
467 2062 674 2117 mundo
691 2058 1057 2134 perfectorum
1084 2061 1561 2132 constantiumque
1588 2077 1817 2132 operum
1844 2060 1946 2115 ha-

345 2138 478 2192 bent
506 2137 808 2202 calculum,
852 2139 909 2192 in
941 2137 1291 2210 intelligibili
1319 2151 1451 2191 vero
1479 2135 1676 2190 indicii
1708 2154 1771 2191 ac
1792 2135 1947 2190 aeni-

345 2215 566 2286 gmatiS.

419 2353 548 2412 Quid
577 2364 685 2404 sunt
715 2355 981 2418 qestatoria
1016 2353 1075 2402 de
1110 2354 1250 2418 liquis
1284 2351 1583 2418 impavidis?
1624 2358 1733 2418 (25,
1773 2352 1881 2417 13.)
1932 2383 1944 2396 ·

459 2459 544 2512 57.
594 2458 710 2511 Duo
740 2453 907 2509 verba
936 2452 1226 2527 divina**)
1262 2453 1565 2528 significat:
1640 2471 1818 2509 unum
1856 2469 1956 2508 co·-

345 2533 591 2587 lumnam
613 2549 675 2586 ac
696 2530 934 2585 fulcrum
954 2533 1289 2586 constantiae
1316 2529 1694 2604 intelligibilis
1724 2527 1952 2592 mundi,

445 2671 491 2714 ὓ)
519 2669 626 2708 Ood.
653 2670 716 2709 A:
761 2681 842 2709 non
869 2673 1171 2720 prosperitates
1206 2683 1241 2712 s.
1276 2674 1532 2720 infortunia
1585 2670 1640 2712 0:
1678 2671 1968 2720 prosper-ita-

345 2721 402 2757 tes
431 2729 466 2756 s.
488 2720 704 2764 fortunas.
757 2719 917 2760 Aaou.

447 2765 515 2812 *ἢ
543 2778 578 2805 s.
607 2769 719 2806 Duas
746 2772 926 2809 rationes
955 2772 1132 2810 divinas.
1184 2771 1345 2812 Auch.
