2125 3084
114 194 357 264 [ῐῐ,“326.]
474 200 557 244 IN
600 200 959 245 GENESIN.
1001 202 1254 247 SERMO
1287 205 1377 252 IV.
1622 200 1710 251 ΗΑ

116 304 294 374 pliora
331 299 455 354 suis
492 298 736 353 viribus:
786 316 949 355 omne
987 301 1162 363 enim,
1221 301 1370 371 quod
1405 320 1719 361 mensuram

120 377 311 439 habet,
372 372 655 427 laudabile
692 382 795 429 est.
887 373 1227 445 Quapropter
1265 383 1319 430 et
1358 375 1492 432 alibi
1532 378 1719 435 cibum

124 448 471 521 spiritualem
492 446 659 502 fontis
674 448 847 503 instar
866 449 1256 503 scaturientem
1275 448 1346 503 de
1361 450 1576 506 aethere
1596 470 1720 509 cae-

126 527 307 595 loque,
354 522 622 577 Hebraeis
646 524 848 577 Manna
866 522 1105 586 dictum,
1147 524 1330 578 metiri
1353 525 1516 579 iussit
1541 525 1721 581 domi-

126 602 308 653 nicum
328 596 567 652 verbum
583 638 596 659 ‚
620 612 725 651 non
741 594 815 671 [³¹⁵]
826 596 1144 653 redundans
1159 638 1172 660 ‚
1196 614 1298 653 nec
1318 597 1582 653 deficiens
1601 603 1720 655 cui-

123 690 313 745 quam:
364 672 630 743 quoniam
656 686 881 726 necesse
910 680 1018 736 est,
1061 679 1124 727 ut
1159 672 1456 727 solertibus
1489 674 1722 744 amplior

122 750 189 802 sit
209 747 463 802 doctrina
479 786 492 808 ‚
534 747 714 799 minor
740 754 923 800 autem
943 746 1282 810 amentibuS‚
1325 747 1398 801 ob
1419 748 1722 818 aequalita—

120 834 226 877 tem
247 828 503 875 exactam
517 859 531 884 ‚
555 836 697 889 quae
716 821 967 875 consistit
985 822 1044 875 in
1063 822 1432 891 proportione.
1511 821 1724 877 Asserit

116 906 165 951 et
209 896 379 959 alias,
442 902 689 966 oportere
727 894 1032 949 secundum
1072 896 1190 949 vim
1227 912 1491 949 manuum
1529 894 1721 950 offerre

116 972 359 1032 hostiaS‚
402 969 513 1021 iam
541 968 685 1023 dicta
711 968 1002 1033 denotans,
1046 985 1115 1022 ne
1135 970 1322 1023 minus
1341 984 1481 1024 neve
1498 970 1626 1041 plus
1648 971 1720 1025 sit

116 1046 467 1115 adaptatum,
520 1043 705 1096 minus
743 1043 1051 1099 minoribus
1090 1050 1144 1097 et
1177 1044 1356 1096 maius
1383 1044 1714 1098 maioribus:

116 1130 167 1173 et
199 1120 311 1172 hoc
336 1125 421 1171 est
450 1115 751 1187 aequalitas
780 1118 1185 1189 proportionata
1219 1117 1516 1172 utilissima
1550 1120 1715 1173 vitae.

116 1197 241 1248 lure
291 1193 481 1262 itaque
523 1191 836 1263 pauxillum
882 1208 1055 1263 aquae
1094 1192 1334 1263 quaerit,
1395 1209 1718 1247 mensurans

117 1268 403 1339 propriam
430 1274 706 1330 naturam,
756 1267 964 1339 quippe
998 1283 1140 1337 quae
1178 1266 1426 1338 pauxilla
1462 1274 1544 1321 est
1579 1276 1719 1321 tam-

117 1359 291 1413 quam
331 1341 506 1395 servi:
563 1340 769 1399 adhaec
804 1358 934 1395 vero
970 1341 1102 1412 quia
1141 1340 1444 1395 secundum
1484 1342 1716 1397 verbum

118 1416 626 1487 pronuntiativum,
664 1414 813 1486 quod
840 1416 1078 1469 animam
1097 1414 1332 1479 refovet,
1374 1414 1715 1487 perfectioris

120 1500 235 1545 erat
265 1498 521 1552 naturae,
572 1489 782 1543 nullam
810 1490 1035 1561 reliquit
1062 1498 1272 1561 partem
1308 1507 1564 1555 vacuam,
1617 1490 1712 1545 sed

120 1574 297 1620 totum
327 1582 400 1618 ex
427 1571 537 1617 toto
566 1580 663 1617 vas
693 1564 906 1619 animae
934 1564 1276 1635 implendum
1303 1574 1455 1635 pater
1476 1564 1711 1637 novit*).

120 1638 482 1701 Naturaliter,
525 1654 634 1691 non
674 1656 743 1693 ex
771 1639 1031 1702 habente,
1077 1638 1176 1693 sed
1203 1637 1272 1693 de
1302 1639 1500 1711 hydria
1527 1647 1715 1709 potum

119 1715 286 1784 petit,
331 1722 395 1767 ut
424 1712 731 1777 discamus,
764 1712 912 1783 quod
941 1730 1049 1768 non
1079 1713 1241 1768 homo
1261 1712 1506 1767 mortalis
1527 1713 1719 1781 irrigat

122 1790 331 1842 bonum
346 1828 359 1851 ,
404 1786 505 1841 sed
523 1803 666 1857 quae
686 1804 851 1859 super
868 1787 1149 1841 hominem
1168 1793 1391 1859 apparet
1411 1787 1584 1856 gratia
1606 1784 1715 1845 dei,

122 1864 190 1917 de
231 1879 345 1932 qua
374 1869 531 1933 rogat
570 1861 679 1915 sibi
718 1862 907 1934 largiri
944 1860 1192 1933 dignari,
1236 1866 1289 1913 et
1324 1858 1506 1920 illam,
1555 1874 1721 1927 quam

122 1938 281 2006 prius
298 1935 601 1991 introducit
618 1934 695 2009 (in
713 1952 773 1991 os
794 1936 1056 2007 animae),
1092 1941 1276 2004 potare
1298 1930 1495 1986 facere.

194 2116 359 2173 Quare
394 2116 531 2165 addit
566 2114 750 2163 dicens.-
798 2150 831 2176 „
848 2114 1076 2176 Domine,
1095 2117 1127 2142 ‘¹
1173 2128 1294 2177 quae
1329 2112 1519 2163 domnina
1543 2114 1656 2177 fere

639 2184 743 2230 emt
774 2182 929 2230 servi?
978 2183 1086 2246 (24,
1114 2182 1218 2240 18.)

242 2296 359 2349 ⁴03.
400 2294 510 2347 Hae
542 2301 673 2347 sunt
702 2299 857 2347 notae
884 2309 947 2347 ac
971 2291 1184 2346 indices
1205 2292 1577 2362 speculativae
1597 2304 1725 2341 sen-

122 2369 355 2430 tentiae,
389 2368 601 2437 quibus
629 2366 820 2421 videre
850 2367 1088 2436 quisque
1117 2365 1307 2429 debet,
1341 2363 1490 2435 quod
1519 2377 1627 2414 non
1657 2360 1728 2413 de

126 2443 349 2496 homine
376 2440 595 2496 mortali
625 2449 707 2495 est
734 2456 993 2511 praesens
1023 2456 1228 2503 serm0‚
1261 2438 1360 2492 sed
1387 2437 1458 2489 de
1476 2433 1728 2502 exemplo

124 2517 297 2570 moris
324 2516 475 2586 apud
505 2514 663 2577 illos,
707 2516 807 2585 qui
833 2522 1128 2586 properant
1155 2514 1214 2567 in
1239 2508 1725 2591 immortalitatem.

128 2590 265 2643 Vere
287 2590 472 2659 itaque
490 2587 771 2643 desiderat
790 2588 859 2642 de
877 2596 1012 2660 potu
1026 2628 1038 2651 ‚
1062 2604 1134 2641 ex
1151 2602 1260 2657 quo
1282 2582 1492 2653 accepit
1509 2595 1730 2650 saplen—

225 2730 272 2774 “)
298 2738 331 2767 s.
360 2726 551 2777 implevit
560 2730 702 2775 pater.
758 2727 877 2773 Quod
890 2734 1061 2765 noscens
1079 2723 1330 2763 naturaliter·
1345 2724 1418 2760 ete.
1473 2718 1633 2759 Anch.
