2125 3084
379 180 479 230 348
615 180 811 225 mm.
847 180 994 225 mn.
1033 176 1362 235 QUAEST.
1400 175 1500 221 ET
1538 176 1696 222 soL.
1745 170 1833 236 m,
1857 177 2002 242 5⁰1.]

381 293 543 354 atque
574 281 835 336 victoriae
862 280 1086 351 signum
1115 278 1390 332 adhibens
1419 275 1594 332 dubio
1622 278 1804 332 animo
1847 278 2008 334 hae-

379 358 629 413 rentibus
650 355 907 410 conciliat
925 353 1171 427 legitime
1191 354 1422 408 iustum.
1501 353 1707 407 Littera
1725 353 1852 408 talis
1875 366 1974 410 est
1987 399 2002 411 .

378 433 465 489 Ad
486 441 725 488 mentem
744 447 875 485 vero
892 429 1003 484 duo
1020 428 1216 483 fratres
1243 435 1372 482 sunt
1400 427 1460 480 in
1485 427 1697 482 anima:
1759 429 2006 484 intelle-

380 519 500 565 ctus
522 517 575 563 et
594 507 846 562 verbum.
912 505 1195 561 Meliorem
1215 505 1422 574 itaque,
1446 501 1556 557 alio
1575 504 1798 558 nomine
1819 521 1996 560 mens

380 591 607 640 vocatus
622 623 635 646 ,
676 583 844 638 Moses
864 581 1090 635 sortitus
1111 587 1195 634 est
1213 587 1424 650 partem
1439 618 1452 642 ‚
1496 577 1664 634 deum
1683 577 1954 634 videlieet
1974 601 1990 648 3

382 660 651 714 minorem
669 673 817 720 vero,
840 654 1073 710 verbum
1095 653 1309 708 scilicet
1327 653 1654 725 appellatus,
1668 654 1860 716 Aaron,
1876 654 1998 710 ho—

381 735 596 788 minum
632 732 957 806 portionem.
1051 730 1295 785 Verbum
1332 737 1516 785 autem
1555 727 1766 783 vilioris
1807 737 1991 799 atque

382 808 621 881 improbi
669 807 961 861 obscurius
1004 813 1121 872 est;
1201 804 1459 876 quamvis
1501 805 1646 858 enim
1683 803 1991 876 magnifice

383 890 709 938 consecutus
740 880 904 936 fuerit
932 879 1234 954 (verbum),
1275 879 1660 934 obnubilatum
1691 887 1791 933 est.
1868 879 1988 933 Do-

383 960 521 1013 mini
542 974 672 1013 vero
692 955 964 1029 (verbum)
985 954 1397 1011 lucidissimum
1417 963 1528 1018 est,
1567 956 1670 1009 etsi
1699 957 1759 1009 in
1786 971 1877 1009 ore
1903 955 1986 1008 sit

384 1043 545 1106 atque
564 1033 755 1105 lingua
774 1031 1156 1086 instrumentis
1175 1029 1326 1084 haud
1346 1031 1515 1084 nimis
1535 1031 1821 1101 coaptatis.
1849 1029 1986 1084 Ideo

384 1125 513 1166 sane
533 1109 699 1163 etiam
721 1108 847 1171 Hor,
876 1104 949 1181 [⁴⁵]
970 1107 1071 1179 qui
1092 1105 1158 1160 lu
1171 1123 1205 1162 x
1228 1103 1409 1169 audit,
1434 1105 1744 1178 adiungens
1765 1103 1986 1160 ordinat

384 1202 510 1238 cum
530 1184 797 1254 sapiente,
812 1199 911 1253 per
931 1181 1247 1255 symbolum
1267 1196 1514 1243 monenS,
1531 1181 1680 1251 quod
1693 1178 1983 1235 luciforme

385 1267 466 1314 est
487 1258 753 1329 sapientis
774 1257 1008 1311 verbum
1022 1298 1035 1320 ‚
1071 1273 1178 1311 non
1199 1257 1339 1328 ipsis
1361 1254 1548 1309 verbis
1563 1296 1576 1320 ,
1615 1256 1715 1310 sed
1736 1256 1792 1310 in
1815 1254 1982 1311 rebus

385 1333 651 1403 expositis
672 1331 1049 1385 demonstrans
1069 1329 1562 1404 pulchritudinem.

502 1528 629 1586 Quid
660 1539 727 1579 est
763 1529 881 1592 „Et
916 1493 1153 1580 descendit
1185 1531 1344 1595 yloria
1381 1529 1462 1586 dei
1489 1546 1632 1594 super
1677 1539 1874 1579 montem

926 1597 1134 1648 Sina“?
1181 1599 1288 1664 (24,
1330 1599 1435 1659 16.)

495 1737 580 1790 45.
621 1732 919 1790 Evidenter
936 1733 1149 1806 pudore
1179 1733 1412 1808 afficit*)
1439 1751 1561 1799 eos,
1599 1735 1698 1805 qui
1727 1734 1848 1788 sive
1878 1734 1986 1786 im-

386 1812 477 1881 pie
496 1811 617 1865 sive
638 1810 803 1865 stulte
824 1809 1143 1865 existimant
1164 1809 1392 1864 localem
1420 1827 1483 1864 ac
1511 1807 1838 1864 mutabilem
1867 1825 1985 1862 mo-

385 1897 503 1940 tum
524 1888 707 1940 inesse
728 1886 1028 1941 divinitati.
1079 1885 1221 1940 Ecce
1239 1886 1389 1940 enim
1407 1883 1697 1940 manifeste
1717 1901 1828 1939 non
1849 1884 1983 1938 sub-

386 1962 643 2016 stantiam
664 1961 784 2025 dei,
817 1977 958 2033 quae
978 1960 1287 2015 secundum
1307 1961 1604 2016 essentiam
1624 1960 1798 2014 solam
1820 1959 1982 2015 intel-

387 2035 607 2107 ligitur,
651 2035 1076 2092 descendentem
1097 2037 1199 2100 ait,
1241 2035 1339 2091 sed
1362 2036 1596 2109 gloriam
1615 2052 1796 2090 suam.
1871 2037 1980 2088 Du-

386 2111 519 2181 plex
538 2120 721 2166 autem
742 2121 824 2166 est
843 2113 1050 2184 gloriae
1076 2113 1297 2167 notitia:
1342 2129 1451 2166 una
1466 2153 1478 2176 ‚
1501 2119 1776 2183 quatenus
1795 2127 1981 2164 essen—

386 2186 521 2240 tiam
546 2187 789 2241 ostendit
817 2189 1113 2250 virtutum‚
1153 2203 1282 2241 nam
1311 2195 1364 2240 et
1392 2188 1540 2259 regis
1569 2186 1776 2241 dicitur
1811 2185 1982 2258 gloria

387 2261 564 2315 virtus
594 2263 897 2328 exercitus3
960 2262 1156 2325 altera,
1199 2270 1472 2332 quatenus
1499 2262 1818 2334 opinionem
1855 2278 1984 2315 cau-

388 2343 471 2389 sat
508 2335 681 2391 solam
709 2334 940 2406 putandi
970 2335 1164 2390 videre
1194 2336 1427 2408 gloriam
1455 2337 1732 2408 divinam,
1779 2337 1984 2391 faciens

387 2409 445 2460 in
480 2411 884 2464 occurrentium
922 2419 1104 2464 mente
1142 2413 1539 2481 apparitionem
1571 2412 1842 2466 adventus
1873 2411 1981 2474 dei,

388 2483 548 2549 quasi
576 2499 733 2546 vero,
776 2484 875 2554 qui
906 2499 1013 2537 non
1040 2483 1123 2536 ibi
1155 2483 1348 2550 fuerit,
1391 2503 1518 2541 ecce
1547 2488 1658 2541 iam
1685 2488 1901 2542 venerit
1920 2485 1985 2540 ad

390 2554 601 2607 firmam
620 2556 784 2610 fidem
806 2557 945 2628 legis
965 2556 1282 2612 tradendae.
1363 2561 1516 2615 Mons
1544 2570 1726 2615 autem
1749 2561 1989 2616 familia-

491 2721 535 2763 ’)
564 2721 629 2759 Cf.
658 2734 787 2772 supra
812 2728 906 2766 Vol.
935 2729 1007 2766 vl.
1035 2739 1078 2776 p.
1107 2730 1195 2768 274.
