2125 3084
377 195 442 245 95
589 198 783 243 PHIL.
822 197 969 243 IUD.
1011 194 1335 254 QUAEs‘r.
1368 198 1468 242 ET
1508 197 1671 245 soL.
1754 188 1999 269 [11,27t.]
2083 198 2084 207 ¹

377 310 438 354 ut
459 314 854 371 cognoscamus
881 310 998 365 eos3
1052 298 1488 370 persuadeantur
1508 316 1747 371 namque
1769 310 1997 358 mutare

379 373 674 427 consilium
694 372 980 444 proprium
1002 381 1055 427 et
1076 372 1221 427 ultro
1242 381 1523 445 acceptare
1535 384 1801 439 nostrum,
1814 392 1997 447 opere

357 449 656 503 'discentes
670 488 684 512 ,
713 447 862 519 quod
883 464 990 501 non
1011 447 1194 502 nudae
1216 450 1431 502 animae
1452 450 1807 521 incorporeae
1828 461 1988 517 sunt,

380 533 438 578 ut
459 525 733 577 immunes
756 540 786 576 a
805 524 1001 577 timore
1023 523 1161 583 sint,
1206 522 1303 577 sed
1324 524 1491 578 etiam
1511 526 1755 596 corporis
1776 525 1995 582 habent

377 600 854 670 participationem
869 639 882 661 ,
939 597 1091 667 quod
1130 598 1321 653 multis
1358 606 1485 670 eget
1520 600 1949 655 necessitatibus
1967 622 1981 665 ;

379 673 586 746 (quare)
609 690 718 727 non
740 672 944 726 debent
964 670 1211 743 affligere
1242 672 1385 727 illud
1414 682 1469 727 et
1497 673 1837 739 abalienare,
1878 676 1989 731 sed

377 746 786 804 mansuefacere
802 789 814 812 ‚
849 746 1201 802 concedendo
1223 749 1478 803 materias
1498 750 1770 821 propriae.

379 890 452 955 [²⁸]
497 887 658 946 Quare
693 888 809 938 dicit
844 889 912 937 eis
947 888 1073 938 Lot.-
1128 887 1289 951 „Non
1325 890 1397 939 ita
1417 890 1631 955 fratrea,
1676 891 1819 943 nolite
1856 894 1983 943 male

497 958 686 1023 facere.
760 954 887 1005 Sunt
922 957 1040 1004 enim
1080 957 1196 1006 mihi
1230 957 1353 1007 duae
1380 958 1549 1020 filiae,
1608 974 1734 1023 quae
1766 976 1863 1008 non
1896 977 1982 1009 no·

507 1034 672 1073 verunt
707 1024 854 1073 virum
868 1042 884 1071 .·
941 1023 1137 1072 educam
1180 1040 1263 1073 eae
1298 1024 1369 1073 ad
1408 1042 1515 1088 voa,
1568 1034 1614 1075 et
1648 1027 1833 1075 utimini
1864 1027 1976 1089 illis,

509 1090 741 1157 quomodo
771 1091 1011 1155 placuerit
1043 1091 1204 1151 vobin
1262 1092 1578 1143 tantummodo
1614 1092 1664 1142 in
1700 1094 1827 1143 viros
1862 1095 1981 1143 istos

509 1176 568 1209 ne
581 1159 791 1224 faciatis
817 1159 1056 1221 iniustum,
1092 1174 1145 1207 eo
1179 1158 1309 1222 quod
1330 1160 1531 1225 inyresai
1550 1170 1661 1210 eunt
1683 1162 1770 1210 sub
1796 1170 1981 1226 leymen

511 1227 714 1276 trabium
749 1241 956 1274 mearum
971 1228 1039 1273 “2
1086 1226 1193 1306 (1‘9,
1236 1230 1263 1277 7
1286 1227 1353 1289 s.)

488 1314 575 1365 38.
608 1310 810 1364 Littera
834 1308 1184 1365 manifestius
1207 1307 1434 1382 exponit
1454 1310 1763 1368 Sodomitas
1786 1313 1980 1369 ardere

376 1384 640 1456 cupidine
680 1384 968 1439 iuvenum.
1063 1385 1153 1441 Ad
1190 1394 1429 1440 mentem
1470 1404 1599 1441 vero
1638 1387 1981 1458 proficientis

377 1460 592 1513 animae
614 1460 800 1515 variae
818 1468 947 1514 sunt
965 1462 1269 1517 sententiae
1285 1502 1297 1525 ‚
1338 1470 1399 1516 ut
1424 1470 1613 1533 partus
1634 1464 1979 1518 masculinus

376 1544 429 1589 et
451 1533 771 1589 femininus.
850 1534 982 1591 Vult
1001 1553 1158 1609 ergO,
1200 1538 1362 1607 siqua
1391 1536 1508 1591 fieri
1539 1544 1742 1608 potest,
1784 1554 1979 1593 omnes

374 1610 588 1664 salvare
616 1616 825 1681 partes:
893 1610 1057 1675 alias,
1100 1612 1261 1681 siqua
1293 1612 1633 1684 superabunt
1672 1611 1979 1667 adversarii

375 1693 808 1757 oppugnatoreS,
850 1686 1224 1741 masculinum
1253 1702 1430 1759 genus
1468 1696 1695 1750 conatur
1733 1688 1979 1743 eximere

376 1777 408 1815 a
427 1760 751 1816 discrimine
766 1803 778 1826 ,
811 1758 1081 1817 feminino
1098 1762 1220 1815 eius
1241 1762 1418 1833 gratia
1439 1761 1722 1817 derelicto.
1802 1764 1979 1817 Nemo

375 1838 524 1891 enim
551 1837 799 1910 inculpat
824 1854 943 1901 eoa,
987 1837 1087 1909 qui
1118 1853 1216 1909 pro
1236 1835 1517 1891 salvandis
1540 1836 1867 1893 melioribus
1889 1839 1979 1892 vi-

374 1912 510 1966 liora
532 1920 840 1984 acceptent,
864 1928 1037 1982 quum
1055 1952 1067 1975 ,
1092 1920 1153 1965 ut
1174 1911 1321 1975 dixi,
1356 1922 1631 1982 nequeant
1650 1913 1866 1967 cunctis
1887 1930 1979 1967 sa-

373 1985 646 2039 tisfacere.
745 1986 896 2051 Quae
939 2003 1069 2057 ergo
1110 1988 1222 2040 sint
1261 1987 1599 2042 masculinae
1638 1986 1979 2043 sententiae?

372 2059 504 2114 Illae
523 2059 785 2112 nimirum
804 2099 816 2121 ,
850 2075 991 2129 quae
1013 2061 1360 2117 aemulantur
1387 2062 1715 2133 sapientiam
1745 2064 1977 2117 univer-

373 2147 601 2201 samque
621 2132 880 2185 virtutem
903 2142 956 2187 et
975 2135 1247 2205 quicquid
1268 2138 1536 2192 veraciter
1552 2137 1762 2192 bonum
1784 2145 1868 2191 est
1894 2146 1977 2192 at-

374 2222 484 2275 que
513 2204 742 2259 unicum
769 2205 998 2262 bonum.
1079 2210 1433 2266 Femininum
1465 2228 1595 2267 vero
1623 2228 1801 2284 genus
1822 2212 1977 2267 ordi-

373 2298 499 2334 nem
529 2279 769 2334 filiarum
798 2280 992 2347 habet,
1033 2283 1186 2353 quod
1208 2286 1375 2339 etiam
1395 2287 1501 2340 sub
1519 2287 1747 2342 servitio
1770 2295 1854 2341 est
1876 2286 1975 2342 do-

373 2357 534 2411 minii
562 2355 928 2427 corporalium
947 2359 1339 2414 necessitatum
1360 2370 1415 2415 et
1435 2360 1749 2415 affectuum.

380 2487 509 2545 Quid
542 2498 612 2538 est
650 2487 963 2552 „Diui-unt.-
1015 2488 1207 2540 Recede
1241 2492 1381 2542 illuc!
1428 2493 1637 2543 Intrasti
1668 2493 1887 2542 habitare
1926 2502 1973 2541 ut

437 2556 617 2619 incola,
659 2557 887 2621 nmquid
911 2558 1051 2607 etiam
1078 2569 1130 2607 ut
1156 2558 1377 2609 iudicium
1402 2561 1657 2609 iudices“?
1696 2562 1803 2625 (19,
1828 2560 1903 2619 9.)

481 2642 566 2691 39.
609 2640 724 2705 Illi,
757 2644 1004 2712 quicum
1027 2644 1211 2696 anima
1232 2644 1504 2713 praelium
1525 2651 1745 2714 parant,
1778 2642 1973 2697 libidi-

371 2712 458 2764 nis
489 2720 815 2782 patratores,
861 2716 1059 2772 ducem
1090 2736 1153 2773 ac
1172 2718 1497 2790 magistrum
1520 2718 1851 2772 contumelia
1874 2733 1972 2788 pe-
