2125 3084
199 190 283 255 [11,
304 184 434 251 2⁰7]
541 192 623 237 IN
662 192 1019 237 GENESIN.
1061 194 1316 239 SERMO
1353 194 1440 239 111.
1731 188 1795 239 35

198 295 265 349 de
286 310 455 349 causa
472 290 721 347 effectiva
742 291 1049 347 secundum
1069 292 1466 348 redundantem
1495 293 1594 366 (sc.
1616 295 1797 365 impa-

198 368 333 441 rem)
364 376 531 439 atque
559 384 631 421 ex
668 366 937 421 materiali
977 375 1031 421 et
1067 366 1318 422 affectiva
1351 368 1657 423 secundum
1696 386 1798 440 pa-

198 461 339 499 rem.
328 464 341 474 ·
394 459 566 513 quare
598 449 652 496 et
679 442 823 497 inter
851 443 1086 496 maiores
1107 442 1524 513 antiquissimos
1545 444 1796 499 nonnulli
1811 437 1826 449 ’

199 518 639 581 matrimonium,
665 515 763 570 alii
784 516 1127 571 harmoniam
1147 516 1315 571 illum
1333 516 1544 571 dixere.
1621 519 1800 573 Theo-

203 593 358 680 logus
380 600 567 646 autem
588 599 771 645 noster
789 591 985 645 mundi
1010 607 1235 662 quoque
1264 593 1596 647 creationem
1623 592 1801 647 dedu·

202 669 283 722 xit
302 670 361 721 in
378 684 483 721 sex
502 665 685 738 (dies).
763 664 1052 739 Octoginta
1073 682 1206 721 vero
1223 666 1370 721 inter
1387 683 1646 721 numeros
1675 684 1802 737 per—

202 742 343 798 fecta
371 741 659 795 harmonia
686 740 918 812 gaudet,
970 740 1284 795 coalescens
1297 758 1376 796 ex
1395 740 1614 797 duobus
1633 758 1803 814 gene-

200 817 343 873 rosis
363 815 649 870 diametris
672 814 887 886 duplici
910 815 1230 887 triplicique
1251 816 1460 872 ratione
1482 816 1636 871 iuxta
1657 816 1804 889 figu-

202 908 320 945 ram
379 890 631 945 laterculi
689 898 923 960 quatuor
970 890 1254 957 ordinum3
1335 900 1570 963 quatuor
1619 901 1802 947 autem

202 982 395 1020 omnes
434 964 757 1019 collationes
796 966 854 1018 in
901 982 962 1018 se
1002 965 1310 1029 concludit,
1375 965 1796 1028 arithmeticam,

203 1039 591 1113 geometricam
632 1046 685 1093 et
713 1037 1107 1093 harmonicam.
1184 1040 1432 1095 Primum
1461 1057 1532 1095 ex
1557 1041 1802 1111 duplici-

204 1114 345 1175 buS,
388 1122 449 1168 ut
487 1114 575 1168 VI.
623 1113 761 1168 VIII.
804 1114 901 1168 IX.
944 1114 1072 1176 XII,
1115 1130 1350 1184 quorum
1391 1116 1713 1185 compositio
1745 1114 1804 1167 fit

204 1188 437 1243 XXXV
517 1186 773 1243 Secundo
801 1206 871 1242 ex
889 1188 1210 1259 triplicibus
1230 1188 1320 1243 VI.
1342 1190 1442 1243 IX.
1466 1190 1584 1243 XII.
1610 1189 1800 1251 XVIII,

204 1279 441 1349 quorum
460 1280 676 1317 summa
699 1262 880 1334 agitur
900 1263 1066 1317 XLV.
1144 1264 1230 1318 Ex
1250 1262 1466 1317 duobus
1489 1272 1668 1319 autem
1691 1263 1799 1327 hia,

203 1338 431 1409 triginta
476 1339 725 1409 quinque
764 1338 993 1408 inquam
1030 1347 1084 1393 et
1127 1356 1198 1393 ex
1239 1338 1604 1412 quadraginta
1633 1340 1802 1409 quin-

206 1429 343 1483 que,
393 1411 657 1483 impletur
698 1428 960 1467 numerus
996 1402 1290 1486 octoginta.
1369 1413 1600 1480 Quando
1637 1416 1802 1469 etiam

206 1486 519 1559 Theologus
556 1488 679 1559 ipse
720 1486 937 1559 (Moses)
976 1490 1156 1561 coepit
1195 1487 1466 1544 divinitus
1515 1489 1802 1543 oraculum

204 1570 623 1636 praeceptorum
644 1562 827 1616 dicere
842 1602 855 1626 ‚
887 1564 1162 1636 octoginta
1183 1580 1450 1618 annorum
1469 1574 1602 1618 erat.
1683 1564 1806 1617 Pri-

204 1654 330 1691 mus
366 1644 551 1691 autem
587 1637 861 1692 exsistens
899 1639 1138 1693 nationis
1177 1647 1390 1693 nostrae
1430 1640 1582 1693 iuxta
1625 1638 1806 1710 legem

207 1712 569 1768 circumcisae
597 1710 666 1783 (s,
688 1712 1088 1776 circumcisuS,
1130 1721 1322 1767 octava
1350 1713 1542 1783 die)..
1571 1712 1660 1783 .*)
1691 1714 1808 1765 vir-

176 1794 321 1841 ·tute
357 1795 643 1857 praestans
684 1786 781 1841 ille
819 1803 1015 1842 nomen
1049 1784 1122 1860 [³¹⁶]
1157 1788 1299 1857 gerit
1328 1785 1550 1857 gaudii,
1591 1786 1808 1837 Isaac-us

206 1861 391 1916 dictus
414 1859 738 1924 chaldaice,
769 1860 829 1915 id
848 1870 931 1915 est
949 1867 1120 1923 riaua,
1143 1868 1336 1913 natura
1357 1860 1642 1919 nimirum,
1667 1874 1810 1928 quae

202 1952 375 2008 super
402 1936 586 1991 omnia
616 1936 848 1991 laetatur
874 1935 943 2005 (s.
968 1934 1160 2006 ridet),
1202 1931 1518 1988 nullatenus
1546 1948 1706 2004 aegre
1727 1932 1810 1987 fe-

202 2028 333 2065 rens
348 2052 363 2074 ,
386 2026 530 2081 quae
550 2012 609 2065 in
628 2010 837 2065 mundo
855 2018 1110 2083 aguntur,
1136 2008 1236 2063 sed
1255 2008 1442 2080 potius
1461 2008 1806 2081 complacens

204 2085 318 2141 sihi
336 2084 411 2140 de
432 2084 591 2141 factis
610 2094 894 2157 tamquam
916 2084 985 2141 de
1006 2085 1148 2140 bene
1169 2093 1222 2139 et
1246 2084 1456 2139 utiliter
1476 2085 1629 2139 actis.

212 2232 373 2293 Quare
412 2238 680 2302 nonaqt‘nta
722 2246 769 2286 et
810 2253 971 2287 novem
1006 2253 1232 2286 annorum
1254 2238 1398 2302 sacto
1435 2238 1531 2286 ait.-
1593 2210 1810 2300 „Appal

338 2304 449 2420 {333
462 2304 686 2436 ‘dgmgtssa
718 2302 836 2435 ἔξω
870 2314 915 2354 et
950 2304 1094 2353 dixit:
1166 2304 1278 2369 qu
1314 2304 1528 2353 dominus
1560 2320 1661 2352 sum
1696 2303 1810 2351 deus

660 2407 675 2433 2

319 2474 407 2526 39.
468 2473 775 2543 Utramque
811 2474 1237 2545 appellationem
1276 2472 1565 2527 nominum
1602 2468 1852 2521 utrius-

202 2562 315 2616 que
346 2547 573 2602 virtutis
610 2549 919 2619 superioris
956 2558 1116 2604 vocat
1155 2564 1326 2618 super
1355 2544 1701 2613 Sapientem,
1751 2556 1814 2595 eo

306 2686 351 2733 1“’)
387 2686 477 2726 Vix
502 2689 693 2728 cernitur
717 2689 911 2737 perfecta
935 2688 1119 2727 connexi
1105 2698 1146 2725 ιο
1165 2696 1263 2725 cum
1283 2682 1653 2727 antecedentibus,
1689 2690 1820 2727 qnare

203 2738 420 2787 suspicari
444 2738 545 2789 quis
570 2742 715 2787 potest
740 2740 881 2788 aliqua
908 2740 978 2779 hic
1004 2739 1170 2777 deense.
1222 2734 1408 2831 Autgi.²
