2125 3084
1105 177 1223 223 vm

369 276 627 348 leguntur
646 284 878 346 quatuor
897 277 1199 332 sententiae
1216 291 1411 349 graece
1436 283 1711 330 exstantes
1724 315 1739 340 ,
1773 276 1881 330 iam
1900 274 1965 330 in

369 367 713 439 Fragmentis
735 383 766 422 a
791 368 1057 440 Mangeyo
1080 366 1295 422 traditis
1316 367 1682 438 reperiuntur.

480 459 554 512 De
598 457 953 514 indicibus
968 499 980 523 ‚
1039 475 1214 529 quum
1250 459 1361 530 ipsi
1401 475 1501 529 per
1536 475 1597 512 se
1645 458 1961 529 loquantur,

370 557 581 607 tantum
614 567 790 621 pauca
826 547 1060 603 dicenda
1096 557 1242 604 sunt.
1319 548 1586 604 Indices
1624 550 1967 604 nominum

372 650 434 697 et
472 659 536 696 re
550 659 622 696 ru
635 659 690 696 m
703 683 716 706 ,
773 656 1008 711 quorum
1047 642 1272 697 materia
1309 649 1421 695 tam
1458 640 1607 712 apud
1632 642 1966 713 Mangeyum

371 750 539 804 quam
560 732 708 804 apud
732 730 1046 790 Aucherum
1066 734 1125 788 in
1146 733 1306 788 binos
1326 747 1513 788 eorum
1532 732 1724 787 Tomos
1744 731 1969 803 disper-

372 825 470 878 tita
499 832 607 887 est,
651 841 680 877 a
719 821 878 876 nobis
907 824 966 879 in
997 840 1273 896 quemque
1301 841 1475 880 unum
1508 822 1784 878 coniuncti
1810 829 1961 886 sunt,

372 913 440 968 de
489 931 597 984 qua
644 914 808 967 etiam
855 914 970 970 sola
1011 917 1392 972 coniunctione
1440 916 1577 970 ratio
1622 913 1782 968 nohis
1834 913 1969 968 red-

372 1003 571 1059 denda.
656 1003 826 1060 Index
857 1007 1142 1061 nominum
1164 1015 1217 1063 et
1236 1024 1421 1063 rerum
1442 1008 1495 1062 M
1508 1021 1893 1080 angeyanus
1912 1008 1969 1060 si

373 1095 508 1151 forte
540 1113 610 1152 ex
639 1096 830 1152 eodem
860 1096 1044 1153 indice
1063 1098 1323 1155 editionis
1342 1095 1667 1154 Parisiensis
1687 1105 1838 1153 ortus
1857 1106 1964 1162 est,

371 1196 554 1243 tamen
575 1206 604 1242 a
628 1189 788 1244 nohis
810 1188 1116 1244 secundum
1133 1191 1461 1264 Mangeyum
1477 1231 1489 1255 ‚
1531 1192 1630 1261 qui
1662 1206 1788 1243 eum
1818 1195 1970 1244 certe

374 1278 686 1334 emendavit
734 1297 975 1353 suaeque
1023 1280 1254 1336 editioni
1302 1279 1605 1353 adaptavit,
1656 1279 1985 1352 appellatus·

309 1380 322 1388 ·
372 1378 473 1425 est.
549 1370 757 1427 Index
785 1372 1080 1428 locorum
1110 1373 1169 1427 in
1197 1372 1436 1429 editione
1456 1381 1637 1428 nostra
1656 1387 1755 1444 per
1772 1387 1965 1427 omnes

372 1470 425 1516 et
453 1462 702 1536 singulos
733 1480 986 1518 numeros
1017 1465 1330 1538 recognitus
1368 1473 1468 1518 est.
1547 1464 1631 1519 Ad
1668 1462 1964 1519 indicem

371 1569 402 1607 c
414 1554 570 1608 ritic
581 1571 618 1608 u
631 1556 736 1608 ml.
752 1554 1203 1628 subiungendum
1223 1574 1293 1611 ex
1312 1555 1699 1629 praefationel.
1711 1555 1964 1611 obstricti

372 1661 607 1700 eramus.
627 1675 631 1682 ·
677 1646 883 1701 Index
910 1647 1194 1702 criticus
1217 1649 1284 1703 ΙΙ.
1307 1667 1415 1704 non
1434 1642 1790 1722 praetermitti
1808 1654 1965 1719 pote—

370 1744 481 1801 rat,
512 1737 622 1791 nisi
643 1738 996 1810 scriptionem
1018 1740 1374 1796 recentiorem
1396 1737 1464 1793 ad
1482 1738 1964 1794 conformationem

371 1837 554 1884 textus
573 1828 824 1886 Philonei
851 1833 984 1887 satis
1007 1849 1234 1906 gravem
1252 1831 1525 1886 immerito
1544 1831 1824 1904 negligere
1864 1847 1966 1886 vo-

371 1921 619 1976 lebanus.
666 1921 875 1976 Index
930 1926 1327 1996 paginarum
1384 1923 1780 1979 collatarum
1838 1929 1961 1975 etc.

371 2020 657 2082 propterea
691 2011 936 2068 adiectus
967 2021 1077 2078 est,
1129 2015 1277 2086 quod
1314 2015 1383 2071 ad
1412 2015 1560 2072 hunc
1596 2031 1774 2086 usque
1812 2011 1963 2067 diem

371 2102 665 2174 scriptores
689 2110 817 2160 sunt
844 2104 942 2173 qui
973 2103 1121 2160 locos
1140 2106 1429 2162 Philoneos
1455 2123 1525 2162 ex
1543 2105 1782 2160 editione
1806 2103 1965 2158 Pari-

372 2193 542 2248 siensi
573 2191 838 2265 allegant,
881 2193 1152 2249 eiusmodi
1183 2214 1311 2253 vero
1339 2197 1444 2252 loci
1472 2197 1691 2269 allegati
1720 2196 1839 2250 sine
1859 2194 1965 2249 hoc

371 2284 555 2342 indice
575 2285 635 2339 in
652 2293 835 2340 nostra
856 2283 1097 2341 editione
1114 2286 1265 2343 haud
1290 2288 1450 2344 facile
1469 2289 1708 2344 inveniri
1726 2287 1962 2358 possint.

971 2520 1372 2553 ——--040-——-
