2125 3084
143 206 216 271 [11‚
237 203 348 267 403]
470 208 552 251 IN
589 208 942 254 GENEsm.
981 210 1237 257 sunno
1273 214 1357 261 tv.
1618 210 1717 264 237

144 320 264 367 stus.
337 308 479 375 Quia
517 315 700 363 autem
730 308 924 365 fratres
949 319 1106 374 sunt,
1150 319 1327 382 potest
1356 312 1475 369 fieri
1504 324 1557 370 et
1584 333 1716 371 con-

143 386 368 443 trarietas
407 384 550 439 inter
587 384 757 456 ipsoS.

146 517 259 577 Quid
289 526 355 567 est
385 514 581 580 „Nunc
614 516 784 581 iqitur,
818 516 907 579 fili
937 518 1022 579 mi,
1072 518 1190 568 audi
1220 536 1311 582 me,
1360 529 1407 569 et
1439 520 1617 569 vadens
1652 522 1721 571 ad

251 601 440 651 qreyem
480 600 608 633 sume
641 585 750 633 inde
785 586 900 634 mihi
931 586 1050 635 duos
1085 585 1264 635 haedos
1297 602 1551 651 caprarum
1595 597 1719 637 tene-

253 670 332 703 ros
375 661 422 701 et
467 654 634 716 bonos,
693 662 738 702 et
761 654 951 719 faciam
987 670 1068 702 eos
1104 670 1237 703 escas
1262 654 1403 718 patri
1436 664 1539 717 tuo,
1598 656 1719 705 sicut

256 719 458 769 amavit:
547 728 690 783 atque
743 720 985 770 comedens
1043 721 1288 771 benedicat
1338 732 1405 784 te,
1465 730 1718 785 antequam

255 788 568 837 moriatur-⁴⁴?
603 789 710 852 (27,
753 792 782 837 8
802 815 823 826 -
845 791 948 847 10.)

231 876 352 931 200.
413 870 666 944 Corporis
706 856 1027 945 inagnitudo
1065 889 1175 927 una
1216 889 1342 928 oum
1371 866 1602 928 sanitate
1634 875 1720 927 vi·-

127 965 338 1005 scerum
365 956 512 1019 patet
540 948 706 1001 etiam
735 964 807 1002 ex
834 947 947 1002 cibi
974 948 1337 1017 confection03
1402 947 1540 1003 duos
1568 949 1719 1003 enim

125 1022 328 1081 haedos
357 1022 588 1096 pingues
617 1021 881 1077 exhibere
923 1023 1121 1095 ingens
1161 1040 1223 1077 ao
1261 1040 1551 1096 procerum
1596 1040 1719 1079 cor-—

121 1118 223 1173 pus
245 1096 460 1154 indicat
474 1114 578 1152 una
601 1113 729 1172 oum
748 1096 1048 1152 fortissima
1068 1098 1154 1162 vi,
1199 1114 1341 1170 quae
1360 1115 1576 1154 omnem
1598 1116 1719 1154 me-

121 1178 308 1231 dicam
336 1172 588 1227 virtutem
616 1172 931 1245 superabat.
1009 1174 1148 1229 Nam
1179 1175 1228 1228 si
1255 1190 1546 1229 senescens
1576 1172 1719 1229 duo-

117 1266 246 1307 rum
263 1247 562 1303 haedorum
579 1248 872 1322 superabat
893 1266 1046 1304 escas
1061 1291 1074 1313 ‚
1117 1258 1321 1320 quanto
1346 1250 1523 1323 magis
1542 1264 1714 1321 quum

119 1324 190 1402 [*]
207 1324 436 1379 iuvenis
448 1332 611 1379 esset:
641 1341 750 1379 non
771 1324 842 1379 ob
865 1324 1184 1380 aviditatem
1206 1324 1716 1381 edacitatis—abs-

115 1404 300 1457 tinens
333 1400 481 1454 enim
510 1409 622 1455 erat
651 1399 973 1473 religiosus,
1016 1402 1091 1455 ita
1121 1409 1183 1454 ut
1212 1400 1415 1456 nullibi
1444 1402 1528 1455 sio
1555 1403 1715 1472 quis-

115 1494 281 1549 quam
302 1475 636 1548 reperiretur
663 1506 763 1539 —-‚
796 1474 895 1530 sed
923 1475 993 1531 ob
1029 1478 1226 1531 miram
1252 1476 1711 1532 constructionem

114 1720 548 1777 constantissimi
575 1728 630 1775 et
649 1722 923 1803 temerarii
943 1720 1135 1780 fratres
1156 1722 1267 1777 sint
1282 1764 1294 1786 ,
1328 1728 1562 1777 attamen
1586 1739 1713 1793 pos—

111 1806 238 1853 sunt
263 1796 375 1851 sibi
399 1813 522 1851 esse
542 1798 820 1851 contrarii.

113 1938 244 1995 Quid
278 1950 349 1988 est
385 1936 580 2001 „Nunc
617 1956 754 2005 erqo,
799 1939 906 2000 fili,
963 1936 1083 1987 audi
1113 1954 1185 1986 me
1222 1947 1266 1987 et
1296 1955 1448 2004 per-qe
1494 1939 1564 1988 ad
1607 1954 1714 1987 oves

240 2016 292 2056 et
335 2008 502 2072 accipe
551 2006 666 2057 milti
706 2007 816 2056 inde
861 2006 978 2055 duos
1021 2004 1196 2055 hoedos
1242 2006 1403 2055 molles
1454 2006 1714 2072 Aeyyptios

241 2077 439 2138 (marg.
481 2084 526 2123 et
561 2076 812 2139 optimos),
861 2084 906 2123 et
927 2075 1023 2139 sac
1057 2074 1151 2123 cieo
1188 2090 1267 2125 eos·
1295 2074 1435 2137 patri
1464 2084 1543 2123 tuo
1580 2090 1714 2122 escas

239 2152 298 2191 ut
343 2152 502 2205 amat,
565 2153 610 2192 et
651 2142 957 2193 manducabit
1000 2151 1046 2190 et
1088 2141 1332 2190 benedicat
1366 2151 1411 2190 te
1450 2150 1557 2191 ante
1592 2158 1713 2189 mor-

237 2213 417 2259 tem“?

213 2299 346 2352 200.
399 2296 640 2350 vastitas
667 2295 910 2365 eorporis
939 2303 992 2349 et
1018 2296 1183 2349 insita
1204 2294 1445 2349 robustis
1466 2301 1612 2349 certa
1632 2301 1714 2348 est

102 2384 170 2424 ex
197 2370 628 2442 praeparatione
661 2370 976 2442 epularum:
1037 2370 1177 2425 duos
1214 2384 1435 2439 nanque
1476 2370 1713 2441 pingues

101 2443 316 2501 hoedos
353 2461 576 2499 sumere
614 2444 814 2516 pelorii
854 2447 1097 2516 corporis
1126 2453 1235 2507 est,
1278 2460 1405 2497 oum
1432 2444 1714 2498 nimietate

102 2518 485 2583 fortitudinis,
525 2536 668 2590 quae
706 2537 924 2575 omnem
963 2517 1580 2590 palestricosibilitatem
1620 2534 1717 2571 su-

98 2606 282 2663 perat,
339 2604 398 2649 et
427 2595 478 2649 si
510 2595 568 2648 in
603 2602 884 2651 senectute
921 2594 1141 2649 duobus
1174 2594 1348 2646 utitur
1388 2590 1582 2644 hoedis
1618 2608 1717 2660 pro

101 2670 240 2735 cibo,
269 2672 545 2742 quotiens
565 2677 726 2741 puta-s
744 2672 802 2725 in
824 2667 1146 2724 iuventute?
1172 2668 1285 2721 Hoc
1295 2679 1403 2715 non
1413 2679 1513 2732 pro
1534 2664 1717 2716 avidi-

98 2754 201 2801 tate
223 2748 458 2803 dictum
479 2774 556 2787 --
575 2747 862 2801 continens
879 2744 1028 2798 enim
1051 2742 1183 2803 fuit,
1206 2746 1269 2793 ut
1288 2752 1447 2790 nemo
1467 2736 1601 2791 alter
1620 2766 1711 2797 -‚
