2125 3084
303 125 404 181 264
555 127 750 173 PHIL.
790 126 938 173 mn.
976 126 1291 186 QUAEST.
1332 126 1433 172 ET
1480 126 1636 172 801..
1676 120 1763 186 [ns
1788 122 1938 189 421]

299 246 412 301 que
434 227 670 283 abeunte
689 226 940 282 succedit
957 228 1166 282 sanitas
1190 234 1249 281 et
1272 225 1553 282 valetudo.
1634 226 1935 283 Similiter
1954 234 1973 251 ⁸
2059 277 2068 286 .

301 303 632 359 abscedente
659 301 953 357 sobrietate
981 310 1036 357 et
1066 302 1276 356 ratione
1304 318 1449 372 quae
1474 300 1751 357 invadens
1772 302 1935 357 sub—
2038 291 2065 410 f

300 381 588 451 iugaverat
597 376 652 450 ⁴¹⁵)
670 377 1022 449 cupiditates,
1052 376 1207 432 illico
1224 376 1540 448 ingreditur
1558 376 1931 431 incontinen-

299 456 377 509 tia
391 495 403 518 ‚
425 453 690 509 vitiorum
709 452 995 507 seductrix
1015 459 1069 506 et
1087 452 1513 523 propugnatrix.
1578 451 1776 521 Neque
1796 450 1931 506 dif-

299 528 473 584 fertur
493 536 586 583 aut
603 527 960 600 prolongatur
977 527 1223 598 spatium
1233 526 1603 590 interiectum,
1617 526 1927 597 sedquan-

297 613 416 659 tum
437 602 688 666 duravit,
717 601 870 673 quod
887 602 1012 673 ipse
1030 601 1177 655 dixit
1200 601 1369 667 Quum
1384 604 1747 669 cyr-odiebatur
1764 606 1929 671 [oras

297 680 366 749 (s.
390 694 462 732 ex
479 676 594 749 ore)
610 718 623 740 ,
661 676 970 733 secundm
989 676 1237 746 aliquam
1262 676 1527 746 temporis
1553 676 1919 746 particulam.

299 750 569 818 Quoniam
598 752 869 806 contrario
888 759 1191 821 mutuoque
1210 749 1520 805 ministerio
1540 750 1793 805 assident
1812 750 1923 805 bo—

300 844 434 882 num
463 834 518 881 et
545 825 782 889 malum,
823 827 987 897 quasi
1017 840 1149 880 vero
1176 841 1247 879 ex
1268 824 1387 880 loco
1406 841 1603 881 cursus
1623 826 1684 880 in
1706 824 1918 897 hippo—

300 900 489 956 dromo
511 899 622 955 sibi
643 900 886 956 invicem
902 899 1243 955 obviassent.
1286 896 1359 974 [*]
1403 901 1596 973 Neque
1615 900 1767 954 enim
1787 900 1917 975 exij-

300 993 409 1048 guo
431 975 596 1029 horae
615 975 793 1045 spatio
812 974 1026 1029 deserta
1045 982 1293 1029 remanet
1313 973 1496 1029 anima
1511 1015 1524 1040 ‚
1547 975 1624 1029 ita
1644 983 1707 1029 ut
1726 975 1917 1029 omni-

299 1067 370 1105 no
390 1066 563 1105 vacua
583 1050 916 1121 reperiatur3
979 1048 1431 1121 quandoquidem
1458 1049 1808 1108 necessitatis
1828 1050 1915 1103 lo-

300 1140 399 1179 cus
429 1132 512 1179 est
541 1124 723 1179 anima
737 1165 750 1189 ‚
791 1124 1080 1179 contrariis
1096 1140 1315 1195 semper
1333 1122 1535 1196 plenus
1554 1132 1609 1179 et
1628 1123 1909 1179 confertus

299 1199 723 1254 habitatoribus.

391 1304 520 1363 Quid
569 1316 638 1355 est
701 1305 886 1367 „Fecit
940 1315 984 1353 et
1038 1306 1140 1371 ipse
1196 1323 1330 1355 escas
1383 1315 1429 1357 et
1484 1306 1642 1357 attulit
1683 1306 1831 1371 patri

869 1375 1033 1420 suo‘w
1078 1378 1184 1436 (27,
1222 1372 1331 1437 31.)
1412 1416 1417 1421 .

414 1454 534 1506 22⁴.
583 1449 771 1505 Viden’
781 1450 932 1521 quod
951 1468 1052 1522 pro
1072 1452 1233 1507 Iacob
1253 1460 1483 1508 testatur
1498 1453 1787 1508 oraculum
1806 1453 1908 1509 do-

401 1588 444 1637 ³⁸¹)
471 1589 540 1629 Ad
565 1590 782 1650 verbumr
805 1592 1107 1637 exoa-vicum,
1136 1595 1187 1633 ut
1210 1594 1373 1643 placuit
1397 1592 1638 1645 Anonymo.
1691 1594 1855 1635 Aueh.

303 1772 489 1827 mitate
511 1770 667 1827 adest
685 1771 892 1828 sanitas
914 1781 966 1828 et
985 1773 1257 1829 robustas.
1300 1774 1413 1829 Hoc
1432 1772 1595 1828 modo
1615 1771 1903 1828 deficiente

301 1847 668 1921 continentiae
689 1847 887 1911 verbo,
925 1850 1308 1904 excervicante
1328 1857 1704 1912 contumaceS,
1737 1847 1901 1903 vitio-

301 1938 423 1976 rum
458 1922 880 1995 intemperantia
907 1922 1177 1987 decurrit,
1230 1940 1359 1979 cum
1386 1940 1488 1979 suo
1528 1922 1816 1979 defensore
1850 1930 1901 1978 et

300 2005 724 2067 propugnatore.
801 1998 995 2067 Neque
1015 2006 1198 2052 tamen
1220 1998 1441 2070 longius
1468 1997 1715 2053 tenditur
1734 1998 1901 2052 inter—

301 2071 514 2124 stitium
529 2110 543 2133 ,
581 2069 680 2125 sed
703 2070 772 2124 ad
792 2079 1062 2141 quantum
1081 2071 1303 2127 duxerit
1328 2080 1667 2127 momentum
1682 2114 1694 2136 ,
1728 2075 1900 2143 quan‘-

302 2153 420 2197 tum
441 2145 641 2199 exierit
653 2185 667 2209 ,
688 2151 903 2199 tantum
923 2145 1256 2201 adinvicem
1274 2146 1386 2201 sibi
1406 2147 1772 2217 praestolatur
1790 2154 1899 2201 arte

300 2218 540 2287 quadam
567 2218 1020 2274 observatissima
1034 2260 1047 2284 ‚
1090 2238 1161 2275 ne
1186 2230 1457 2291 punctum
1474 2222 1755 2293 ’temporis
1783 2238 1898 2275 ces·

301 2300 424 2347 sant
458 2293 676 2347 animae
710 2293 1040 2347 vacuitatem
1082 2296 1423 2367 relinquere;
1486 2313 1715 2351 necesse
1757 2296 1897 2351 enim

301 2381 556 2437 capacem
593 2368 1029 2422 contrarietatem
1068 2369 1291 2439 plenam
1336 2388 1459 2425 esse
1506 2370 1897 2442 supervenien-

301 2440 441 2493 tium
469 2439 865 2503 habitaturum,

439 2543 571 2601 Quid
604 2556 673 2596 est
707 2549 889 2611 „Fecit
926 2549 1026 2613 120oe
1065 2565 1222 2613 escas,
1278 2560 1327 2601 et
1360 2552 1527 2603 οὸταὶἰί
1552 2552 1775 2615 ραιπᾛῖ

409 2633 527 2685 221.
587 2634 754 2690 Vides
787 2655 888 2709 pro
920 2638 1110 2703 lacob,
1162 2648 1394 2697 testante
1428 2642 1677 2721 eloquio,
1729 2646 1899 2711 secisse
