2125 3084
152 159 239 226 [1,
270 155 399 222 13⁰]
478 203 485 211 .
592 163 737 208 LIB.
772 163 872 208 DE
908 163 1394 212 ANIMALIBUS.
1687 162 1784 214 Ηθ

152 265 348 320 tatim
370 263 709 317 cantantium
724 303 736 327 ‚
762 272 815 317 et
834 263 1049 326 audiet,
1072 264 1194 335 ipso
1213 266 1586 334 experimento
1603 270 1788 338 operis

156 341 349 412 prius
370 337 623 403 edoctus,
666 337 941 393 mendacii
972 337 1232 410 redargui
1257 348 1374 392 tum
1391 357 1452 394 se
1471 348 1589 394 tum
1609 352 1790 398 caete-

160 431 273 470 ros
298 429 519 477 omnes,
550 413 649 484 qui
672 413 1007 467 irrationalia
1028 430 1149 467 esse
1169 413 1466 468 animantia
1486 431 1585 486 pro
1607 415 1790 472 lubitu

163 489 435 561 fingunt,
460 488 681 542 nonnisi
703 490 952 560 φιλαυτίᾳ
970 487 1030 542 id
1050 491 1233 558 ipsum
1255 487 1540 544 suadente.

308 626 393 678 ⁴6.
431 621 543 678 Sed
569 621 708 694 quid
735 630 947 693 oportet
973 621 1136 692 plura
1163 621 1364 676 addere
1394 622 1461 676 de
1497 621 1666 678 verbo
1700 641 1791 678 so-

172 707 385 762 nante,
428 698 617 753 reliota
644 698 878 762 ratione,
921 714 1063 768 quae
1094 698 1150 750 in
1183 697 1412 752 consilio
1434 698 1539 752 sita
1561 696 1678 752 est?
1711 699 1792 754 Eo

172 775 381 844 itaque
422 789 735 845 pergamus.
812 771 1056 828 Profecto
1093 771 1329 826 absurda
1374 772 1648 828 dementia
1685 782 1786 837 est,

173 849 289 904 ubi
309 856 599 903 venatores
618 847 957 919 investigant
976 863 1231 918 aprorum
1251 847 1579 918 leonumque
1599 865 1792 902 caver-

176 941 289 978 nas
312 932 369 978 et
387 931 557 987 antra,
580 923 809 978 consilia
829 924 949 993 ipsa
970 938 1196 993 prorsus
1215 938 1320 976 non
1347 922 1532 977 videre
1549 923 1791 994 diligen-

176 999 229 1052 ti
251 999 509 1052 examine
524 1039 537 1061 ,
560 1015 703 1069 quae
724 998 943 1052 animus
963 996 1244 1050 rationalis
1265 1006 1530 1068 penetrat.
1598 997 1791 1069 Siqui-

182 1073 323 1127 dem
350 1071 471 1145 (nos
498 1072 789 1145 philologi)
818 1073 1208 1128 consuevimus
1235 1082 1494 1126 venatum
1523 1073 1629 1137 ire,
1680 1089 1788 1127 non

180 1147 395 1210 silvas,
436 1165 681 1211 nemora,
724 1148 973 1211 arbusta,
1018 1145 1315 1201 arundines
1351 1145 1685 1218 exploraturi
1714 1178 1790 1188 —

182 1240 300 1278 non
332 1223 479 1277 enim
508 1223 567 1278 in
594 1223 755 1278 silvis
784 1222 1102 1278 inanimatis
1132 1229 1314 1276 nostra
1347 1223 1569 1278 venatio
1605 1223 1790 1276 consi-

186 1298 289 1352 stit
320 1327 420 1362 —-,
481 1296 579 1352 sed
618 1298 940 1352 animalium
978 1298 1194 1368 species
1233 1297 1562 1368 inquirendo
1599 1298 1789 1369 perlu-

186 1372 551 1444 strandoque:
574 1373 761 1428 solane
781 1373 1045 1427 videlicet
1065 1389 1220 1429 mens
1239 1371 1476 1426 humana
1494 1372 1683 1427 induta
1707 1381 1789 1427 est

187 1449 437 1522 imagine
458 1447 719 1521 (divina),
766 1446 1027 1504 honorem
1054 1448 1244 1502 sortita
1273 1464 1342 1502 ex
1371 1456 1563 1503 natura
1583 1447 1787 1520 oppido

187 1541 454 1596 magnum
484 1523 879 1594 diversumque
904 1539 968 1578 ao
1001 1521 1344 1578 differentem
1383 1523 1451 1577 ab
1489 1523 1641 1588 aliis,
1696 1523 1782 1578 vel

190 1601 423 1655 caeteris
452 1615 675 1671 quoque
702 1599 987 1670 aequalem
1016 1599 1292 1653 universis
1319 1598 1612 1655 utilitatem
1632 1598 1788 1654 dedit

192 1673 367 1730 deus?

312 1799 391 1854 ⁴7.
413 1799 605 1869 Neque
623 1795 823 1852 melius
844 1797 1140 1870 quicquam
1159 1799 1418 1854 videntur
1437 1797 1578 1851 mihi
1596 1811 1786 1852 omnes

196 1873 442 1931 veritatis
465 1872 655 1944 cupidi
677 1873 1012 1944 pervidisse,
1035 1875 1147 1929 nisi
1168 1875 1288 1927 sine
1307 1872 1421 1926 ulla
1443 1870 1785 1926 dubitatione

197 1950 465 2005 fateantur
490 1965 601 2003 uno
631 1965 899 2004 consensu
913 1991 926 2013 ‚
970 1949 1120 2021 quod
1141 1948 1436 2004 consilium
1454 1946 1588 2000 insit
1606 1947 1787 2000 omni-

199 2026 303 2080 bus
332 2023 693 2095 spirantibus.
772 2025 1019 2079 Firmum
1038 2033 1220 2079 autem
1239 2028 1621 2094 argumentum
1641 2021 1788 2075 acci-

198 2102 311 2174 piet
330 2099 608 2172 quispiam
623 2141 635 2164 ,
660 2101 1062 2172 praetermissis
1077 2096 1150 2172 [³¹⁵]
1166 2097 1290 2153 aliis
1311 2095 1619 2159 momentis,
1642 2111 1786 2167 quae

197 2193 295 2249 pro
322 2175 541 2229 diversa
570 2175 781 2249 ingenii
812 2173 1178 2245 amplitudine
1207 2173 1444 2244 quisque
1472 2178 1651 2243 potest
1688 2187 1786 2226 ex-

200 2251 430 2322 cogitare
442 2248 494 2323 ⁸⁸)
509 2291 522 2315 ,
572 2267 825 2306 araneam
863 2249 1044 2321 ipsam
1085 2247 1150 2320 (S.
1193 2245 1492 2319 araneum).
1569 2244 1781 2310 Viden’‚

200 2333 456 2399 quantum
473 2367 485 2390 ‚
530 2335 623 2380 aut
647 2325 811 2397 quale
825 2367 837 2389 ‚
881 2333 934 2378 et
953 2322 1225 2394 quomodo
1247 2323 1448 2376 mirum
1470 2321 1571 2374 ista
1593 2335 1785 2391 opera-

200 2397 414 2472 tur**)‘?
470 2399 620 2466 Quae
643 2401 819 2464 enim,
846 2399 973 2454 licet
992 2405 1086 2452 aut
1105 2399 1286 2453 netrix
1305 2412 1530 2467 operosa
1553 2404 1645 2450 aut
1665 2403 1785 2451 tex-

200 2476 306 2531 trix
324 2475 518 2530 idonea
533 2517 546 2539 ‚
582 2493 690 2530 non
714 2476 823 2530 iam
844 2473 1101 2528 certando
1116 2514 1128 2538 ‚
1159 2472 1257 2528 sed
1279 2471 1442 2526 etiam
1461 2471 1786 2526 aemulando

299 2615 339 2662 ⁸)
374 2627 408 2654 s.
437 2626 543 2664 quae
575 2618 620 2654 tn
652 2617 825 2665 nuqua
860 2615 1108 2654 annualibus
1143 2615 1258 2653 cerni
1282 2618 1458 2663 possum
1482 2616 1606 2663 aiom
1627 2612 1788 2663 inventi

204 2667 466 2716 amplissima.
518 2666 678 2705 Auch.

298 2717 364 2763 ·“)
390 2717 500 2757 Fuae
526 2718 616 2765 agit
641 2718 694 2757 de
720 2717 884 2757 &aneia
908 2715 1016 2756 Plin.
1042 2715 1114 2763 XI,
1141 2716 1206 2756 28.
1229 2721 1273 2756 et
1295 2716 1469 2764 passim.
1521 2716 1680 2757 Anah.
