2125 3084
364 144 464 199 224
512 148 705 195 PHIL.
744 147 894 193 1111).
933 146 1257 205 QUAEST.
1295 147 1394 193 ET
1434 148 1589 193 801..
1629 142 1964 213 [maan-³98]

362 250 588 305 tionem.
676 246 946 320 Quoniam
987 249 1088 320 qui
1126 248 1568 321 peregrinatione
1607 249 1820 306 habitat
1857 252 1967 308 ali-

363 324 494 379 cubi
509 364 521 387 ‚
554 322 644 379 vel
666 331 909 395 acceptat
928 340 1017 378 res
1044 340 1232 379 eorum
1247 364 1262 388 ,
1292 323 1446 395 apud
1475 341 1614 396 quos
1643 328 1968 400 peregrina-

363 409 453 454 tur
466 440 478 463 ‚
523 398 611 454 vel
642 399 1001 455 abalienatur.
1080 397 1396 470 Acceptatio
1423 400 1611 471 itaque
1649 410 1733 459 est
1766 411 1968 475 puteo-

362 491 486 529 rum
514 473 815 531 obstructio
829 515 842 538 ‚
886 489 1053 545 quam
1084 472 1330 529 fecerunt
1357 474 1702 548 alienigenae
1715 518 1728 541 ,
1771 477 1966 533 detur—

362 550 557 605 bantes
595 550 893 621 proborum
930 550 1238 625 animorum
1285 551 1526 605 nomina.
1613 549 1965 608 Abalienatio

364 642 495 681 vero
514 623 745 681 refossio
766 632 819 679 et
838 625 1152 697 repurgatio
1173 632 1282 689 est,
1325 624 1490 679 simul
1521 631 1744 679 attracto
1775 628 1963 683 animo

366 719 399 755 a
418 700 586 755 rebus
607 700 885 755 consuetis
906 700 965 755 in
984 698 1412 770 profunditatem
1437 698 1840 771 intelligentiae
1869 702 1964 757 di-

364 775 635 847 sciplinae
656 777 825 847 inque
847 774 1061 831 labores
1079 774 1356 831 studiosos
1371 815 1384 839 ‚
1407 773 1612 845 quibus
1632 790 1854 831 rursum
1880 774 1957 851 [Ἴ

364 850 724 905 inveniuntur
760 848 1033 922 (perdita).
1127 848 1306 915 Quare
1343 859 1398 905 et
1431 849 1594 905 vallis
1631 850 1836 905 similis
1875 860 1962 906 est

364 925 820 998 peregrinationi:
882 926 1016 997 quia
1042 923 1168 989 ille,
1209 926 1310 996 qui
1331 924 1634 997 acceptavit
1649 924 1960 981 seeundum

364 1000 781 1057 consuetudinis
809 1016 1045 1055 errorem
1061 1041 1074 1058 ,
1126 999 1342 1072 aufugit
1369 1009 1423 1055 et
1449 1001 1508 1054 in
1537 1000 1736 1056 humili
1765 1002 1963 1057 vallis-

365 1093 475 1148 que
502 1077 614 1131 situ
642 1076 847 1149 iugiter
877 1074 1148 1143 ambulat3
1205 1076 1305 1147 qui
1328 1092 1455 1131 vero
1473 1092 1642 1147 super
1661 1093 1754 1131 eos
1775 1094 1964 1133 surre-

366 1152 509 1208 xerit
522 1192 535 1216 ‚
558 1168 779 1206 sursum
800 1149 1047 1205 aseendit
1067 1158 1120 1204 et
1140 1148 1412 1205 dividitur
1433 1149 1502 1204 ad
1520 1150 1962 1223 magnitudinem

365 1227 609 1282 virtutis.
685 1224 868 1291 Quum
898 1234 1078 1281 autem
1109 1225 1352 1296 primum
1370 1224 1618 1280 revolvet
1632 1226 1692 1280 in
1713 1244 1774 1283 se
1875 1244 1963 1283 ar-

365 1311 483 1356 tum
510 1316 829 1364 numerum,
870 1317 1039 1372 quem
1067 1301 1284 1371 quaerit
1301 1300 1506 1372 cupido
1523 1300 1736 1366 animo,
1763 1300 1819 1377 [*
1863 1302 1963 1358 ab·

365 1377 507 1429 iecta
525 1375 671 1430 valle
692 1392 801 1430 una
820 1392 947 1430 cum
975 1376 1154 1431 tribus
1182 1376 1392 1447 putei8‚
1436 1375 1722 1431 abscedat:
1786 1396 1962 1433 unum

369 1450 663 1514 abiicienS,
706 1450 838 1521 quia
866 1450 1196 1506 insidiarum
1219 1450 1370 1507 locus
1391 1459 1548 1511 estet
1568 1451 1753 1524 laquei
1771 1455 1974 1525 suspi--

369 1524 683 1597 donisque,
727 1535 969 1582 caeteros
996 1534 1178 1581 autem
1193 1568 1206 1591 ,
1245 1527 1378 1597 quia
1407 1543 1538 1598 prae
1567 1544 1628 1582 se
1657 1527 1842 1585 ferunt
1861 1547 1962 1585 au-

369 1852 488 1907 cola
517 1853 665 1907 enim
690 1861 787 1913 aut
814 1852 1086 1909 consentit
1111 1850 1512 1909 habitatoribus
1541 1860 1634 1908 aut
1669 1851 1957 1907 alienatur.

369 1928 507 1983 Dum
536 1944 665 2001 ergo
692 1929 989 1992 consentit,
1026 1926 1304 1983 obstrusio
1333 1942 1495 1998 pares
1533 1927 1663 1983 boni
1697 1930 1959 1997 pectoris,

368 2000 642 2058 Alienatio
660 2020 791 2059 vero
808 2003 1154 2075 purgationis
1173 2003 1418 2057 insinuat
1447 2002 1759 2073 auspicium
1773 2042 1787 2067 ,
1825 2002 1962 2057 dum

368 2078 685 2133 exhortatur
710 2079 891 2133 anima
920 2094 991 2133 ex
1017 2078 1262 2141 usitatis,
1302 2077 1360 2131 in
1389 2076 1678 2135 altitudine
1705 2076 1963 2149 discipli-

369 2169 564 2209 narum
592 2152 929 2208 ministrare:
981 2151 1108 2207 ideo
1135 2152 1400 2207 maceries
1426 2152 1660 2209 incolato
1677 2168 1963 2224 compara-

368 2236 483 2297 tur;
541 2225 908 2298 conspirando
941 2228 1093 2282 enim
1127 2228 1401 2285 consuetis
1431 2227 1672 2283 locorum
1702 2225 1959 2291 fallaciis,

370 2303 597 2369 novitio,
620 2302 823 2357 humili
842 2309 895 2356 et
914 2302 1122 2357 valloso
1142 2310 1286 2358 statu
1306 2303 1584 2373 perdurat.
1647 2302 1963 2375 Demigrare

370 2387 553 2433 autem
583 2377 841 2447 cupienS,
885 2376 1118 2448 erigitur
1144 2377 1212 2432 ad
1243 2378 1430 2433 titulos
1458 2379 1707 2442 virtutis,
1747 2379 1808 2431 in
1835 2377 1963 2448 qui-

370 2452 477 2507 bus
494 2454 546 2507 si
562 2452 834 2509 sollicitus
855 2449 1037 2516 fuerit,
1059 2453 1172 2507 iam
1191 2459 1447 2523 quartum
1463 2453 1697 2523 requirit
1714 2451 1960 2517 titulum,

370 2543 471 2596 pro
496 2527 585 2580 his
614 2544 757 2597 quae
786 2526 1087 2591 desiderat,
1129 2534 1182 2580 et
1209 2526 1636 2583 derelicta.valle
1655 2541 1784 2581 cum
1801 2527 1966 2582 trini-

371 2608 479 2653 tate
500 2608 789 2669 puteorum
810 2600 1091 2673 egreditur
1107 2599 1525 2671 expeditissime
1538 2644 1550 2667 ‚
1589 2610 1874 2673 separatus
1893 2602 1965 2656 ab
2071 2624 2073 2631 ·

373 2673 579 2725 insidia
599 2681 653 2727 et
674 2675 1051 2747 ambiguitate.
1115 2675 1324 2733 Revera
1345 2676 1494 2731 enim
1507 2676 1820 2734 offendebat
1839 2696 1967 2735 ern—
