2125 3084
148 164 235 231 [IL
260 160 382 227 2'1.]
500 168 582 211 IN
624 167 978 213 GENESIN.
1018 168 1276 215 SERMO
1313 170 1400 215 IV.
1692 162 1750 214 94

300 350 403 401 Cur
437 350 537 399 Lot
570 350 767 399 sedebat
803 351 851 400 in
872 350 1070 415 foribus
1105 348 1450 401 Sodomorum?
1495 353 1612 415 (ib.)

174 464 181 471 ’
258 473 321 525 3⁴
337 511 349 523 .
388 470 785 540 Interpretatur
805 468 1040 523 Sodoma
1060 470 1359 524 caecitas
1387 469 1475 523 vel
1505 471 1762 525 sterili-

156 556 269 601 tas».
345 546 413 597 In
433 548 635 609 foribus
652 552 835 597 autem
852 550 1051 605 sedere,
1083 543 1144 597 id
1164 543 1473 616 proficienti
1495 545 1662 598 nimis
1681 554 1763 599 est

159 619 432 675 familiare
452 617 524 672 ad
543 618 906 691 symbolicam
927 619 1194 673 rationem
1217 617 1478 672 dandam.
1521 618 1677 673 Porta
1695 618 1762 690 (s.

154 693 310 765 fores)
338 710 447 748 nec
474 693 627 747 intus
648 694 707 746 in
727 692 951 747 civitate
973 701 1057 747 est
1077 709 1258 765 neque
1280 702 1432 747 extra
1453 693 1760 747 civitatem:

154 772 234 823 sic
264 778 322 823 et
349 768 452 839 qui
480 768 747 837 proficere
774 768 995 832 nititur,
1040 784 1149 821 non
1179 769 1330 822 intus
1362 768 1420 822 in
1449 768 1657 823 virtute
1686 777 1768 823 est

155 858 339 915 neque
370 851 525 896 extra
554 844 845 906 virtutem,
888 842 987 897 sed
1017 842 1180 896 modo
1210 852 1292 897 est
1320 844 1378 897 in
1407 859 1638 898 numero
1676 860 1770 897 eo—

154 936 281 973 rum
298 959 311 981 ‚
351 918 451 987 qui
474 917 625 971 intus
646 918 707 972 in
729 918 954 972 civitate
974 918 1228 989 occupati
1252 920 1458 973 suntin
1481 918 1659 973 solitis
1678 927 1768 973 tu-

154 992 433 1047 multibus
453 992 669 1046 animae
684 1034 696 1057 ‚
723 1009 863 1064 quos
882 1001 1141 1064 operatur
1166 993 1429 1047 sterilitas
1448 994 1569 1047 sive
1589 991 1768 1048 infoe-

156 1067 419 1123 cunditas
439 1075 494 1121 et
518 1069 779 1129 caecitas:
815 1068 978 1122 modo
996 1084 1129 1123 vero
1150 1077 1430 1139 tamquam
1449 1070 1510 1121 in
1530 1068 1764 1131 deserto,

159 1143 445 1197 aemulans
473 1158 676 1213 purum
698 1143 879 1198 zelum
898 1144 1137 1216 negotiis
1159 1151 1434 1199 carentem
1455 1152 1509 1199 et
1526 1151 1771 1198 contem-

160 1219 462 1289 plationem
486 1219 733 1274 veritatis
753 1219 919 1274 vitae.
976 1231 997 1245 ⁶·
1146 1238 1160 1244 ·

210 1342 367 1433 ‘Quid
400 1386 468 1426 est
501 1412 535 1439 ,‚
558 1376 736 1427 Viden-s
771 1376 1031 1427 emm-exse
1066 1387 1112 1427 a
1145 1377 1352 1427 accurrit
1385 1372 1570 1428 obviam
1605 1376 1700 1427 iuis

392 1444 696 1513 eradat-quit
728 1444 779 1493 in
800 1444 941 1509 facie
975 1447 1045 1507 (s.
1071 1445 1369 1511 faciem)“?
1410 1446 1530 1511 (ib.)

275 1549 362 1603 32.
416 1546 607 1601 Facies
633 1547 693 1600 in
718 1544 1039 1601 hominibus
1058 1554 1142 1601 est
1161 1546 1392 1603 nudata:
1445 1555 1630 1601 nostro
1649 1562 1770 1600 ma-

164 1622 251 1693 gis
288 1621 478 1691 itaque
515 1620 677 1675 modo
716 1636 865 1674 nunc
901 1620 1098 1677 factam
1143 1622 1332 1677 adorat
1369 1622 1770 1694 apparitionem

165 1704 219 1749 ct
244 1703 493 1766 acceptat
522 1704 646 1750 ante
672 1694 1142 1752 certificationem.
1221 1696 1370 1752 Talis
1408 1694 1650 1766 profecto
1689 1702 1773 1749 est

164 1771 345 1823 omnis
384 1770 567 1828 adhuc
596 1784 705 1824 non
733 1768 1037 1841 perfectus:
1099 1771 1351 1827 visibilia
1377 1770 1586 1841 magis,
1627 1784 1772 1837 quae

165 1844 444 1909 videntur,
470 1846 719 1908 miratur,
744 1861 910 1916 quam
931 1846 1266 1909 invisibilia,
1290 1860 1434 1915 quae
1453 1840 1770 1897 intellectus

168 1920 587 1990 comprehendit
608 1926 733 1975 ante
753 1937 1000 1977 sensum.

170 2075 245 2141 [Ἴ
278 2075 443 2133 Quare
470 2076 662 2127 inm'tati
685 2080 749 2127 αδ
775 2077 1005 2143 hospitali
1033 2084 1296 2141 recusant,·
1315 2076 1548 2127 dicentes.-
1589 2072 1768 2139 „Non‚

452 2145 543 2193 sed
572 2145 623 2194 in
649 2144 821 2209 platea
854 2146 1212 2196 divertemus“?
1261 2146 1365 2210 (19,
1407 2146 1483 2211 2.)

277 2248 365 2300 33.
424 2246 567 2301 Huic
596 2255 803 2320 negant
830 2248 1106 2315 nolente->53
1172 2246 1484 2304 Abrahamo
1519 2264 1650 2302 vero
1681 2247 1774 2301 dei

171 2322 578 2386 amantissimo,
623 2338 799 2392 quum
836 2320 1153 2387 invitasset,
1205 2330 1537 2378 annuerunt.
1617 2321 1774 2374 Ratio
1837 2330 1844 2340 '

170 2403 353 2449 autem
384 2404 495 2462 est,
552 2398 817 2467 quoniam
846 2398 1152 2469 perfectum
1190 2406 1532 2469 acceptatum
1569 2393 1777 2447 habent

170 2468 397 2526 divinae
415 2472 673 2536 virtutes,
698 2471 769 2525 ad
787 2472 1172 2544 imperfectum
1193 2490 1325 2527 vero
1346 2485 1507 2543 aegre
1519 2469 1770 2521 veniunt.

166 2544 310 2599 Illud
340 2562 475 2619 ergo
504 2546 628 2602 Non
652 2548 1027 2602 recusantium
1055 2556 1140 2601 est
1169 2547 1236 2601 ad
1277 2562 1406 2600 eum
1444 2542 1771 2606 adventum3

169 2621 403 2675 alterum
425 2629 613 2675 autem
629 2661 642 2683 ‚
671 2627 729 2675 in
741 2625 919 2689 platea
938 2626 1247 2675 divertemus
1260 2662 1288 2695 ,ι
1306 2619 1366 2671 id
1385 2624 1570 2671 monet
1584 2657 1596 2680 ‚
1629 2614 1780 2685 quod

170 2704 441 2768 angustus
488 2704 574 2749 cst
612 2694 793 2749 omnis
819 2696 1124 2767 insipieus,
1167 2701 1468 2752 coarctatus
1499 2690 1569 2745 ab
1599 2705 1782 2743 amore
