2125 3084
321 178 417 231 404
567 181 763 225 PHIL.
801 180 948 225 mn.
989 179 1313 236 QUAEST.
1350 180 1449 225 ΕΤ
1490 182 1653 226 SOL.
1702 176 1925 244 [11,286.]

319 298 554 352 rumque
583 280 934 345 animalium,
972 278 1203 334 influere
1230 280 1368 334 dicit
1394 280 1631 352 sulphur
1658 287 1712 334 et
1731 281 1924 353 ignem

321 360 380 413 in
409 357 814 428 corruptionem
849 356 1264 419 universorum,
1316 372 1461 427 quae
1498 357 1557 409 in
1596 363 1739 411 terra
1768 365 1921 421 sunt,

320 440 382 487 ut
401 432 736 487 demonstret
754 439 1062 501 temporum
1090 447 1507 501 annuarumque
1534 438 1925 503 tempestatum

323 524 546 563 causam
566 522 674 562 non
695 506 912 561 caelum
933 522 1054 560 esse
1074 522 1179 559 nec
1197 506 1370 560 solem
1390 522 1571 577 neque
1584 514 1926 561 caeterorum

323 582 570 637 siderum
597 581 828 636 chorum
847 582 1269 645 circumactum,
1320 580 1419 637 sed
1444 582 1618 653 patris
1636 582 1923 645 virtutem,

323 674 465 729 quae
485 656 800 728 supersedit
817 664 1097 727 tamquam
1120 673 1287 727 super
1308 672 1503 709 currus
1524 655 1695 709 alatos
1709 696 1721 718 ‚
1754 672 1927 726 supra

323 742 498 787 totum
519 732 790 787 mundum
806 772 818 794 ,
861 748 1058 803 regens
1080 731 1242 785 illum
1266 731 1327 785 in
1352 730 1414 785 id
1430 772 1442 794 ‚
1482 731 1631 802 quod
1642 730 1695 803 *)
1722 730 1927 785 melius

324 806 632 878 utiliusque
673 807 986 861 arbitratur.
1074 806 1285 860 Iudicat
1322 807 1488 864 etiam
1532 807 1672 859 mira
1710 813 1929 877 patrare

326 899 517 952 opera,
580 897 688 933 non
727 897 869 951 quae
909 889 1163 935 constans
1202 881 1306 936 fert
1342 880 1680 936 consuetudo
1720 896 1923 944 annua,

331 955 429 1009 sed
469 956 528 1009 vi
568 954 807 1025 quadam
855 956 1198 1026 praepotenti
1244 972 1307 1009 ac
1352 956 1637 1010 arbitraria
1678 971 1931 1009 commu-

325 1040 446 1085 tans
477 1030 770 1094 elementa,
810 1039 1111 1101 utcumque
1140 1032 1253 1089 iam
1281 1030 1443 1097 velit,
1486 1031 1669 1085 omnia
1699 1031 1930 1085 univer-

328 1106 455 1158 sim.
537 1104 828 1175 Siquidem
848 1122 918 1161 ex
939 1114 1131 1162 natura
1153 1106 1275 1161 leve
1302 1114 1384 1162 est
1402 1104 1639 1176 sulphur
1652 1146 1664 1169 ‚
1708 1105 1855 1159 sicut
1876 1113 1932 1159 et

328 1181 504 1251 ignis3
561 1188 940 1234 verumtamen
973 1179 1045 1234 ob
1081 1179 1524 1234 maledictionem
1558 1196 1699 1235 nova
1728 1195 1931 1251 perpe-

329 1262 570 1308 traturus
599 1253 906 1308 demutavit
933 1256 991 1307 in
1027 1262 1239 1309 motum
1276 1255 1635 1318 contrarium,
1690 1254 1931 1325 desuper

331 1345 531 1413 cogens
550 1328 651 1473 235
682 1329 868 1398 ipsum
897 1330 1247 1383 levissimum
1273 1328 1403 1384 ferri
1440 1328 1508 1383 ad
1534 1330 1931 1401 gravissimum

329 1412 540 1455 ent1um
649 1443 659 1453 .

444 1492 712 1548 Convenit
739 1501 919 1547 autem
945 1492 1179 1547 dubium
1209 1494 1423 1557 subire,
1469 1511 1566 1547 cur
1587 1494 1801 1551 scilicet
1821 1513 1931 1549 non

329 1567 539 1622 incolas
569 1568 740 1632 soloe,
785 1585 956 1639 quum
986 1569 1081 1623 isti
1102 1569 1449 1639 iniquitatem
1478 1570 1931 1641 impietatemque

331 1651 672 1709 exercerent,
703 1640 775 1731 [Ἴ
801 1645 1071 1715 corrupit,
1116 1660 1309 1699 verum
1330 1645 1495 1699 etiam
1516 1644 1681 1699 urbes
1710 1644 1933 1699 domos-

331 1736 438 1789 que
477 1727 530 1774 et
572 1736 755 1774 omma
802 1719 1049 1773 aedificia
1102 1720 1299 1774 evertit
1341 1726 1395 1773 et
1441 1718 1764 1779 combussit.
1844 1719 1932 1774 Ad

331 1793 479 1865 quod
501 1794 826 1859 dicendum,
871 1794 1017 1865 quod
1049 1802 1132 1847 est
1160 1793 1345 1864 aliqua
1374 1794 1433 1846 in
1464 1801 1655 1849 natura
1686 1793 1933 1850 locorum

333 1863 845 1941 habitationumque
865 1870 1028 1932 ratio,
1074 1870 1148 1923 ita
1172 1876 1232 1922 ut
1253 1867 1345 1923 hic
1364 1868 1743 1940 praerogativa
1769 1885 1933 1940 prae-

329 1946 550 1997 valeant
587 1962 714 1998 cum
749 1942 1120 2015 utilitate***)
1160 1950 1323 2014 atque
1360 1941 1589 2006 honore,
1642 1943 1762 1997 illic
1799 1962 1931 1999 vero

333 2019 621 2071 contraria.
699 2016 969 2081 Quoniam
995 2016 1095 2070 ubi
1116 2019 1393 2090 sapientes
1420 2016 1655 2091 degunt,
1702 2035 1934 2073 venera-

331 2091 444 2144 bile
487 2106 550 2142 ac
589 2090 878 2143 honestum
917 2107 1115 2145 nomen
1154 2100 1378 2165 gerunt,
1434 2100 1673 2165 suntque
1712 2094 1927 2157 meritc,

335 2164 587 2227 concilia,
612 2163 816 2233 templa
837 2174 1158 2236 caeteraque
1182 2167 1324 2235 loca3
1371 2167 1465 2221 ubi
1490 2184 1620 2222 vero
1640 2166 1932 2223 diversan-

333 2248 422 2292 tur
443 2236 743 2308 impudici,
785 2238 948 2309 impii
979 2247 1032 2292 et
1061 2239 1271 2311 iniqui,
1317 2242 1433 2296 loca
1460 2259 1681 2313 quoque
1710 2259 1933 2319 compe-

331 2315 548 2368 riuntur
568 2310 854 2367 immunda
875 2322 928 2366 et
947 2312 1339 2369 abominabilia
1362 2316 1515 2371 velut
1532 2316 1734 2371 infecta
1751 2314 1931 2371 foedi-

431 2486 476 2533 Ἰ)
503 2498 538 2527 s.
566 2498 772 2537 usurpans
791 2488 918 2533 illud,
949 2488 1059 2535 quod
1077 2490 1148 2526 ecc.
1200 2486 1419 2528 Aucher.

331 2602 407 2640 Au
432 2540 504 2641 *ἔί
563 2555 608 2592 h.
653 2562 691 2593 e.
731 2555 776 2593 (η
819 2558 994 2600 tem-am,
1050 2564 1156 2602 quae
1198 2556 1489 2602 aravi-ssimum
1530 2562 1590 2596 eat
1627 2559 1927 2597 elementorum.

417 2614 439 2640 ο
485 2614 554 2641 er.

433 2667 530 2713 ”U
556 2668 625 2706 Ad
642 2670 843 2709 verbum:
869 2673 1057 2718 praeda,⁸
1080 2680 1159 2709 nos
1177 2680 1352 2709 sensum
1370 2672 1583 2711 cernimus
1598 2683 1691 2711 esse
1709 2676 1930 2711 commode·-

331 2718 426 2755 tatis
447 2717 515 2755 vel
533 2718 721 2757 utilitatis
741 2721 784 2760 in
803 2730 971 2768 genere.
1024 2720 1248 2759 Aucher.
