2125 3084
34 25 565 207 Vrii
625 159 821 204 PHIL.
859 157 1006 203 IUD.
1047 157 1373 214 QUAEST.
1410 155 1511 201 ET
1551 157 1707 200 SOL.
1752 151 2007 220 [11,465.J
2089 175 2090 180 ¹

378 196 407 219 l

164 222 373 375 J
371 277 589 316 omnem
631 257 1074 314 maledictionem
1114 265 1351 320 merent,
1392 257 1593 327 punire
1623 257 1841 320 velena,
1890 270 2009 314 aut
2089 261 2090 264 ’

373 336 582 408 quibus
619 335 814 408 iniqua
843 332 1116 404 quaedam
1142 349 1243 403 per
1270 333 1386 386 vim
1416 330 1705 386 inferenda
1734 331 1877 396 sint,
1926 333 2003 388 id

373 409 748 466 mediantibus
773 409 900 464 aliis
919 408 1204 478 prosequi.
1282 404 1369 460 Ad
1372 414 1640 494 ‘mentem
1668 421 1799 462 vero
1827 423 2003 463 mane

373 487 598 558 signum
619 492 702 539 est
721 481 1005 538 sensibilis
1027 481 1171 536 lucis
1186 522 1198 546 ‚
1236 497 1501 552 quomam
1522 498 1681 536 mens
1702 477 1775 554 [³¹⁵]
1798 497 2001 551 usque
2089 505 2090 526 l

373 561 442 616 ad
465 557 604 616 illud
629 567 846 630 tempus
867 556 1079 618 habitat
1097 558 1157 611 in
1180 571 1405 627 corpore
1431 563 1645 612 tantum
1660 597 1673 620 ‚
1714 553 1997 612 derelicta

371 635 531 690 turba
573 650 840 688 sensuum
879 641 932 687 et
969 631 1267 702 aliquando
1306 647 1366 684 se
1404 631 1677 701 praebens
1713 630 1783 686 ad
1812 647 1993 687 usum
2089 665 2090 672 κ

372 727 666 771 sensuum,
709 725 809 780 per
838 707 1020 762 omnia
1041 706 1180 761 solet
1200 705 1413 777 vagari.
1492 707 1635 760 Haec
1656 722 1786 777 ergo
1806 721 1992 776 vaga·
2089 757 2090 766 ,

371 787 449 840 tio
469 783 556 838 illi
579 783 974 837 aberrationem
994 781 1323 854 imperviam
1344 778 1504 844 facit,
1528 785 1692 844 ostiis,
1718 780 1987 834 sensibus
2089 775 2090 822 ἶ

374 859 638 913 videlicet
659 857 862 928 apertis
883 873 981 927 pro
1001 853 1245 910 fluxione
1265 854 1639 918 sensibilium,
1662 855 1721 908 in
1747 871 1853 926 qua
1876 854 1990 908 de-

371 950 595 988 sursum
624 931 778 987 velut
807 931 876 985 ab
906 929 1200 985 altitudine
1238 929 1477 1001 quadam
1517 928 1983 983 intellectualium

372 1011 928 1082 incorporearumque
947 1005 1199 1064 idearum
1220 1023 1278 1063 se
1298 1004 1646 1076 praecipitat.
1710 1003 1982 1070 Quicum-

373 1101 483 1154 que
511 1099 642 1138 vero
669 1083 874 1138 ostium
903 1081 1121 1138 animae
1147 1098 1257 1138 non
1286 1078 1507 1137 excedit
1539 1079 1732 1134 timore
1766 1078 1981 1150 optimo

373 1159 828 1232 superveniente,
869 1156 966 1212 ille
995 1153 1151 1212 videt
1176 1154 1293 1212 solo
1311 1155 1442 1212 visu
1460 1153 1659 1226 digna,
1700 1169 1843 1225 quae
1860 1153 1981 1208 ori-

371 1243 542 1290 untur
559 1249 728 1303 super
747 1231 1105 1302 cogitationes
1132 1245 1299 1288 sensu
1328 1237 1543 1290 exutas.
1622 1227 1799 1294 Quare
1828 1227 1982 1282 adii-

372 1309 448 1365 cit
477 1315 670 1375 (Exod.
701 1315 781 1372 12,
811 1311 929 1369 23):
1003 1307 1349 1364 Transcendet
1388 1307 1627 1362 dominus
1662 1309 1849 1361 ostium
1884 1321 1979 1358 ve—

369 1391 560 1442 strum,
593 1379 653 1434 id
674 1388 784 1443 est,
817 1379 1072 1449 inquam.
1106 1388 1218 1438 tam
1239 1395 1463 1442 sensus,
1494 1395 1664 1449 quam
1684 1376 1978 1437 sensibilia

371 1455 576 1509 omnia.
655 1452 948 1524 Siquidem
975 1462 1247 1524 quantum
1274 1453 1438 1512 liberi
1466 1461 1599 1510 sunt
1625 1453 1755 1510 etin
1776 1469 1835 1506 se
1856 1453 1979 1508 001-

372 1529 501 1584 lecti
529 1544 754 1594 sensus,
798 1530 1000 1586 mentis
1027 1538 1184 1598 sunt3
1246 1527 1469 1600 quando
1490 1545 1619 1586 vero
1638 1526 1981 1592 descendant

370 1605 431 1660 in
461 1619 689 1675 corpus,
729 1604 935 1676 peioris
965 1603 1123 1662 ideae
1150 1603 1539 1662 admissionem
1564 1602 1799 1667 faciunt,
1842 1603 1979 1660 imi-

316 1695 320 1698 ·
369 1687 547 1736 tantas
568 1678 971 1750 quodammodo
989 1680 1279 1738 brutorum
1298 1677 1623 1748 animalium
1643 1687 1912 1736 naturam.

401 1837 560 1902 Dicit,
601 1839 732 1901 quod
766 1875 797 1902 ‚‚
811 1837 926 1888 Non
958 1839 1079 1888 sinet
1114 1837 1457 1900 disperdentem
1488 1834 1680 1900 inyredi
1701 1835 1751 1886 in
1778 1834 1939 1886 domos

669 1916 851 1958 vestras
885 1906 956 1956 ad
974 1905 1393 1970 percutiendum“.
1433 1909 1541 1967 (12,
1561 1905 1669 1967 23.)

480 2011 568 2064 23.
629 2007 912 2062 Connectit
941 2006 1278 2080 legislationi
1308 2005 1603 2060 universae
1634 2005 1971 2060 voluntatem

371 2081 590 2136 fidelem
613 2091 666 2136 et
687 2083 1042 2155 condignam,
1080 2081 1219 2135 nulli
1242 2081 1384 2134 malo
1406 2095 1628 2134 oausam
1650 2097 1851 2151 ponere
1872 2097 1973 2150 pe·-

369 2157 519 2210 nitus
546 2157 917 2212 divinitatem.
993 2156 1294 2222 Quoniam,
1338 2157 1437 2226 qui
1468 2155 1631 2220 dicit,
1676 2155 1824 2226 quod
1858 2153 1973 2210 Non

368 2236 500 2285 sinet
513 2249 893 2298 percussorem,
923 2230 1165 2285 declarat
1178 2273 1190 2295 ‚
1221 2231 1370 2302 quod
1391 2239 1445 2285 et
1464 2231 1741 2302 corruptio
1763 2247 1825 2286 ao
1844 2245 1973 2302 per-

370 2306 554 2360 cussio
573 2305 632 2360 fit
651 2323 752 2380 per
771 2306 906 2362 alios
927 2305 1199 2376 quosdam
1219 2313 1500 2378 tamquam
1527 2305 1793 2361 satellites
1808 2346 1821 2369 ‚
1862 2321 1969 2358 non

372 2387 553 2434 autem
572 2398 671 2453 per
691 2379 930 2436 eundem
949 2379 1193 2450 primum
1213 2399 1420 2454 regem.
1498 2383 1643 2436 Haec
1663 2381 1768 2434 tibi
1790 2378 1859 2434 ad
1881 2378 1972 2432 lit-

368 2463 562 2508 teram.
639 2456 843 2511 Verum
873 2452 943 2507 ad
971 2462 1209 2510 mentem
1239 2455 1382 2510 illud
1413 2455 1709 2510 dicendum
1741 2462 1849 2510 est:
1909 2454 1973 2506 In

370 2537 594 2583 cunctas
623 2531 833 2584 animas
862 2530 920 2582 in
949 2529 1073 2600 ipsa
1100 2531 1385 2588 nativitate
1404 2531 1763 2586 advenientes
1787 2530 1972 2601 ingre-

369 2601 598 2656 diuntur
637 2604 780 2658 duae
821 2604 988 2658 simul
1028 2605 1289 2660 virtutes:
1352 2605 1635 2660 salutifera
1672 2613 1725 2660 et
1754 2603 1973 2659 damni·-

364 2673 491 2726 fica.
572 2676 632 2729 Si
671 2680 850 2748 prima
879 2695 1146 2748 superans
1172 2680 1441 2744 obtineat,
1487 2680 1691 2735 debilis
1722 2679 1971 2734 redditur

1839 2753 1849 2778 N
