2125 3084
341 189 436 242 338
477 191 673 238 PHIL.
714 192 868 238 IUD.
911 191 1227 251 QUAEST.
1266 190 1365 236 ET
1406 191 1563 236 SOL.
1600 186 1945 254 [11,490.491.]

340 294 547 350 multus
575 293 658 346 eis
687 293 862 347 inerat
893 289 965 366 [³⁸]
999 293 1227 364 sanguis
1255 290 1327 346 ob
1356 293 1640 364 vigentem
1676 295 1948 349 iuventu-

340 379 476 432 tem,
519 369 788 440 sanguine
816 383 1033 422 omnem
1063 367 1300 422 hostiam
1328 367 1729 433 immolandam
1766 387 1947 441 expe-

341 444 526 499 diebat
564 444 624 497 in
659 444 958 516 gratiarum
997 443 1265 497 actionem
1292 441 1484 497 offerre
1514 443 1645 506 deo,
1690 452 1745 498 et
1771 445 1941 515 patri,

339 529 600 590 usurpata
638 520 922 574 iuventute
963 517 1032 571 ad
1072 517 1402 588 cupiditates
1440 519 1497 572 in
1534 518 1799 588 pietatem
1830 519 1946 573 du-

341 604 552 658 centeS,
594 610 703 648 non
737 610 862 649 vero
889 594 950 648 in
979 592 1238 647 ferociam
1268 591 1621 662 effraenarum
1650 593 1943 662 cupidita-

341 681 477 726 tum.
554 670 756 742 Littera
793 667 928 722 baec
965 669 1226 722 continet.
1304 667 1390 722 Ad
1418 675 1649 721 mentem
1678 683 1810 720 vero
1840 684 1942 720 sa-

340 743 672 819 pientissimi
712 743 912 814 deique
951 743 1313 796 amantissimi
1352 744 1533 796 anima
1567 749 1683 795 tum
1722 741 1935 794 seniles

341 822 576 876 rationes
595 834 726 890 prae
747 835 806 872 se
827 817 954 882 fert,
979 825 1097 872 tum
1118 817 1391 871 iuveniles
1408 858 1420 880 ,
1443 833 1629 872 omnes
1649 832 1777 869 sane
1798 832 1935 868 san-—

342 905 480 950 ctas:
540 894 742 948 seniles
772 902 951 947 tamen
979 893 1038 946 in
1068 892 1440 963 speculatione
1466 898 1748 946 versantur
1768 898 1933 944 natu-

341 989 460 1034 rae,
505 977 558 1024 et
583 985 772 1024 eorum
798 984 940 1039 quae
969 968 1028 1020 in
1056 985 1118 1022 ea
1148 975 1302 1034 sunt;
1364 966 1640 1021 iuveniles
1672 974 1851 1020 autem
1870 966 1931 1018 in

345 1046 491 1100 virili
512 1045 866 1115 occupatione
885 1059 1111 1113 operum
1134 1042 1608 1095 convenientium:
1642 1042 1717 1094 ita
1740 1049 1800 1095 ut
1820 1039 1932 1094 fere

342 1123 402 1176 in
423 1120 695 1176 columnis
715 1118 930 1190 sculpta
951 1117 1113 1171 laude
1136 1116 1441 1170 celebretur
1460 1117 1574 1171 vita
1602 1118 1933 1187 optimorum

343 1200 402 1252 in
424 1214 487 1251 ea
507 1193 907 1267 repertorum*)
924 1235 936 1258 ‚
960 1199 1071 1247 tam
1090 1191 1429 1263 speculativa
1445 1232 1457 1255 ,
1481 1207 1649 1261 quam
1670 1193 1930 1262 practica.

352 1337 512 1394 Quare
546 1336 632 1400 qui
661 1335 792 1384 missi
819 1344 926 1384 sunt
959 1334 1299 1396 adolescentes,
1340 1333 1619 1382 holocausta
1653 1334 1858 1397 offerunt
1892 1342 1937 1380 et

654 1402 868 1451 victimas
900 1403 1141 1451 immolant
1172 1402 1373 1451 vitulos?
1408 1406 1514 1464 (24,
1548 1399 1623 1464 5.)

408 1561 426 1572 ,
454 1505 537 1558 32.
595 1503 754 1557 Vituli
782 1503 899 1561 iure
928 1501 1226 1559 offeruntur
1255 1503 1441 1558 tenelli
1468 1521 1566 1575 per
1595 1504 1827 1558 iuvenes
1854 1511 1937 1556 te—

347 1577 538 1642 neum,
564 1585 625 1633 ut
644 1577 823 1632 oblata
840 1579 1109 1634 sacrificia
1120 1579 1465 1634 concordiam
1476 1580 1640 1633 etiam
1652 1575 1935 1648 aetatis**)

345 1661 625 1709 servarent
654 1671 778 1708 cum
805 1653 1179 1709 offerentibus,
1256 1655 1375 1708 Non
1406 1663 1586 1708 autem
1605 1653 1734 1726 agni
1757 1668 1936 1722 neque

348 1729 510 1785 haedi
536 1728 896 1804 (offeruntur),
937 1732 1070 1802 quia
1091 1731 1193 1784 hae
1213 1730 1420 1784 bestiae
1440 1729 1617 1784 vitulo
1637 1728 1934 1782 debiliores

346 1814 500 1875 sunt3
565 1805 896 1861 sacrificium
928 1823 1054 1861 vero
1081 1823 1152 1860 ex
1172 1804 1487 1859 fortioribus
1508 1803 1729 1859 videtur
1750 1802 1935 1875 (velle)

347 1882 544 1937 facere.
623 1881 799 1949 Quare
838 1889 891 1936 et
918 1898 1058 1954 quae
1088 1881 1334 1935 immolat
1361 1881 1647 1943 iuventus,
1691 1879 1933 1950 primum

344 1975 476 2030 prae
505 1975 564 2012 se
594 1956 696 2013 fert
725 1960 996 2031 vigorem,
1037 1955 1267 2010 offerens
1297 1956 1357 2008 in
1386 1953 1653 2009 sacrificia
1674 1952 1934 2008 holocau-

346 2042 491 2087 stum
513 2040 566 2088 et
583 2034 842 2100 salutare3
887 2049 994 2086 non
1013 2048 1143 2085 vero
1162 2031 1383 2084 tertium
1402 2029 1543 2084 illud
1562 2037 1785 2100 propter
1803 2043 1934 2099 pec-

347 2117 554 2172 catum,
599 2109 760 2179 quasi
789 2124 918 2162 vero
953 2107 1170 2170 nullum
1202 2105 1450 2159 admittat
1478 2104 1743 2162 delictum
1782 2103 1933 2157 locus

345 2184 443 2237 ille
470 2191 692 2254 propter
717 2183 1000 2237 evidenter
1033 2189 1383 2252 apparentem
1418 2179 1807 2234 revelationem
1836 2193 1934 2248 pa-

349 2260 476 2322 tris,
519 2275 660 2328 quae
680 2256 831 2311 illico
851 2258 961 2327 ipsi
982 2256 1291 2328 opponebat
1310 2271 1429 2310 sese
1449 2253 1516 2327 (s,
1541 2254 1633 2308 cui
1652 2255 1773 2308 illic
1792 2251 1931 2306 illud

346 2341 631 2406 peccatum
654 2348 760 2386 non
780 2339 988 2402 poterat
1007 2348 1130 2384 sese
1147 2330 1439 2403 opponere)
1450 2329 1527 2402 ·1·).
1564 2326 1636 2403 [³¹⁶]
1679 2326 1935 2394 Quando-

346 2408 574 2480 quidem
612 2408 724 2461 sole
762 2414 878 2461 orto
915 2406 1231 2460 invisibiles
1268 2405 1573 2460 redduntur
1598 2405 1855 2459 tenebrae
1882 2409 1939 2455 et

377 2588 384 2599 ,
447 2551 489 2596 ⁸)
525 2560 560 2588 ι.
589 2551 675 2588 vita
701 2549 855 2597 optima
879 2551 1048 2596 reperta
1072 2549 1117 2586 in
1143 2558 1221 2587 aua
1239 2521 1513 2606 proprietam
1564 2547 1727 2605 Amen.

448 2599 517 2647 ’ἢ
545 2599 614 2638 Sic
633 2601 725 2638 cod.
748 2597 802 2644 ῦς
837 2601 883 2636 at
899 2599 994 2637 cod.
1013 2598 1072 2637 B:
1109 2601 1421 2660 communitatis,
1450 2598 1732 2646 aequalitates.
1776 2593 1937 2633 Auch.

346 2649 878 2786 „0239255132323321223
887 2646 1943 2787 5²:53?2312&zzafifflz‘sssffsssfsffiwa

349 2758 424 2786 con
441 2756 660 2785 rmum&
725 2758 792 2791 σο,
820 2749 1044 2788 uenerati
1071 2750 1099 2788 i.
1199 2750 1309 2788 neh.
1864 2743 1872 2750 “
