2125 3084
329 173 428 226 266
577 172 776 220 PHIL.
821 171 970 217 ιω).
1009 170 1339 230 QUAEs'r.
1374 170 1477 215 ΕΤ
1514 169 1674 214 801..
1720 161 1958 238 [11‚⁴22.]

327 276 566 333 terioris·
645 273 746 328 Ille
775 273 925 327 enim
953 272 1166 325 intrans
1196 271 1419 341 proprio
1448 270 1692 340 genuino
1718 272 1963 326 nomine

328 350 618 405 sinceriter
639 348 919 410 evocavit,
955 346 1178 400 dicens:
1243 345 1426 397 Pater!
1473 344 1573 397 Hic
1592 351 1777 398 autem
1795 345 1961 399 infa—

328 425 620 480 miliariter
651 440 714 477 ac
743 421 1117 483 inurbaniter,
1170 419 1331 489 quasi
1371 434 1503 472 vero
1542 416 1614 472 de
1654 419 1839 474 alieno
1879 420 1958 474 ad

328 500 601 555 alienum:
662 498 860 565 Surqat
887 494 1002 567 (ait)
1020 503 1176 562 pater
1193 508 1337 545 meus
1356 502 1403 545 et
1424 497 1674 547 comedat.
1754 495 1959 565 ltaque

327 574 417 629 vel
460 574 672 628 invitus
701 587 894 625 verum
926 568 1183 641 protulit,
1226 574 1447 620 coactus
1476 584 1547 621 ex
1574 568 1813 623 naturali
1848 587 1960 623 ne-

329 650 612 711 cessitate,
655 644 806 716 quod
837 642 1157 715 insipientis
1188 640 1291 694 fflii
1318 649 1579 695 venatum
1599 643 1825 713 sapiens
1848 644 1955 698 ine

327 723 585 798 proponit
602 722 662 775 in
685 719 904 786 cibum;
955 724 1145 789 utpote
1164 715 1467 770 venatione·
1478 724 1671 786 captus
1694 715 1954 772 fortassis

328 801 510 853 cicuta
531 794 796 851 reddatur
809 835 821 858 ,
857 792 1000 847 liber
1019 799 1204 846 autem
1224 790 1453 845 relictus
1474 790 1789 862 agrestibus
1810 791 1955 847 feri-

329 874 532 944 nisque
573 867 978 942 cupiditatibus
1015 865 1313 922 subiacens
1348 865 1679 921 incurabilis
1718 884 1951 939 compe—

329 950 524 1003 riatur.

399 1070 496 1119 Cur
533 1069 681 1120 Isaac
719 1070 1047 1133 interroqans:
1115 1102 1149 1129 „
1172 1064 1289 1122 Qua
1324 1082 1374 1115 es
1412 1068 1539 1115 mim
1590 1082 1683 1118 non
1718 1065 1886 1115 adiicit

601 1138 786 1203 ,‚fili“‚
829 1135 961 1200 quod
982 1134 1145 1201 priori
1177 1134 1399 1183 dixerat?
1433 1138 1542 1197 (27,
1564 1133 1674 1198 32.)

347 1284 351 1289 .
446 1244 568 1297 223.
629 1241 775 1293 Haec
813 1246 942 1292 sunt
970 1244 1124 1309 grata
1154 1234 1533 1299 condimenta,
1574 1234 1785 1306 quibus
1815 1252 1946 1289 san-

332 1323 477 1369 ctam
515 1314 880 1382 divinamque
921 1311 1111 1365 condit
1149 1310 1311 1365 nobis
1340 1312 1671 1382 scripturam
1701 1310 1946 1365 admira-

330 1389 446 1442 bile
484 1388 747 1450 verbum,
789 1394 844 1439 et
883 1384 1242 1457 reprehendit
1278 1394 1332 1441 et
1360 1385 1571 1457 pudore
1601 1383 1775 1439 afficit
1802 1386 1945 1439 insi-

332 1465 604 1533 pientem;
669 1461 933 1533 quoniam
961 1476 1113 1514 more
1143 1460 1412 1515 alienatus
1440 1466 1523 1515 est
1546 1467 1600 1514 et
1618 1460 1832 1515 nullam
1850 1476 1945 1514 co-

335 1702 704 1777 ingrediendo
723 1710 881 1759 ‘recta
908 1720 1045 1758 voce
1065 1704 1270 1759 Patrem
1289 1703 1614 1757 nominavit.
1681 1702 1944 1756 Immanis

335 1786 518 1834 autem
540 1786 594 1833 et
611 1778 793 1843 ferox,
836 1779 1000 1850 quasi
1029 1778 1102 1834 de
1132 1778 1301 1833 altero
1332 1776 1401 1831 ad
1432 1777 1692 1832 alterum:
1746 1777 1944 1845 Surqat

329 1864 485 1923 paler
514 1872 656 1909 meus
681 1863 731 1909 et
763 1858 1056 1910 manducet.
1135 1854 1350 1908 Invitus
1380 1854 1529 1907 enim
1566 1852 1754 1925 (mai-9.
1796 1851 1943 1925 ergo)

334 1946 451 1985 rem
482 1929 662 2001 ipsam
691 1930 1006 1991 confitetur,
1061 1946 1092 1983 a
1130 1928 1368 1981 naturali
1403 1926 1815 1982 necessitudine
1853 1944 1944 1981 co-

338 2012 491 2059 actus
509 2046 521 2068 ,
563 2005 827 2075 quoniam
858 2005 1137 2074 copiosam
1167 2002 1271 2056 filii
1301 2003 1678 2065 venationem,
1732 2002 1944 2056 scilicet

336 2088 774 2141 mansuetorum,
831 2078 1080 2149 alioquin
1114 2078 1335 2149 gurgite
1370 2076 1668 2132 ferocitatis
1703 2075 1938 2142 detento,

337 2152 667 2208 insanabilis
688 2153 919 2224 languor
937 2154 1248 2223 proveniet.

345 2307 508 2367 Quare
561 2308 900 2373 interro-qando
956 2324 1086 2358 eum.-
1156 2345 1190 2372 „
1206 2308 1307 2359 Iste
1360 2311 1549 2374 (marg.
1606 2308 1786 2373 Isaac)
1843 2309 1945 2373 quis

419 2394 428 2403 ·
474 2380 624 2427 est?“
649 2392 788 2425 unum
817 2377 960 2439 (lege
977 2377 1103 2439 mm)
1132 2377 1311 2427 adiecit
1336 2377 1525 2442 nfil⁸3“
1554 2378 1699 2442 (1080
1725 2376 1939 2440 27ffi⁶02

476 2444 608 2509 quod
641 2442 830 2492 dia-erat
859 2443 1049 2506 priori?
1214 2488 1219 2500 .

386 2584 398 2591 -
453 2546 574 2601 223.
616 2545 727 2598 Hae
750 2552 880 2599 sunt
908 2544 1239 2609 suavitates,
1283 2563 1423 2616 quas
1451 2546 1646 2602 divina
1674 2546 1946 2619 scriptura

339 2614 574 2670 condere
597 2617 884 2689 dignatur:
929 2617 1123 2673 divino
1141 2635 1395 2675 sermone
1419 2629 1783 2693 temperatus3
1829 2638 1947 2677 cor-

341 2688 476 2757 ripit
497 2692 646 2743 enim
667 2699 721 2746 et
739 2700 920 2750 tacere
937 2700 1123 2748 monet
1148 2693 1505 2766 insipientem
1534 2697 1870 2755 alienantem
1890 2714 1948 2753 se
