2125 3084
360 176 426 227 00
520 177 715 223 PHIL.
751 176 900 222 1111).
940 174 1264 233 QUAEST.
1300 173 1401 220 ΕΤ
1441 174 1600 219 SOL.
1637 168 1969 236 [11,235.236.]

362 278 753 334 adscribuntur
766 316 779 340 ‚
820 292 965 347 quae
992 275 1063 329 ab
1093 274 1398 331 heredibus
1435 274 1740 346 accipiunt,
1788 276 1872 329 sic
1911 287 1972 332 et

361 356 423 409 in
443 353 637 408 divino
654 358 977 407 testamento
997 350 1158 405 heres
1178 349 1502 405 inscribitur
1519 350 1620 404 ille
1632 390 1645 414 ,
1670 347 1746 478 ς’]
1769 350 1870 421 qui
1891 368 1970 406 ex

363 435 557 483 natura
574 425 783 498 probus
803 433 887 480 est
905 424 1218 496 discipulus
1239 424 1358 488 dei,
1386 422 1648 495 perfectis
1709 434 1964 481 ecoratus

361 501 695 558 virtutibus:
755 501 855 572 qui
892 516 1025 554 vero
1058 516 1158 570 per
1193 498 1447 554 auditum
1488 498 1858 554 introducitur
1898 518 1966 554 ac

362 576 661 632 subiicitur
687 575 800 649 legi
834 575 1138 648 sapientiae
1162 574 1570 647 participatque
1599 572 1964 645 disciplinam

363 652 703 726 encyclicam
717 691 730 715 ,
760 648 921 705 heres
940 649 1170 703 minime
1188 655 1298 714 est,
1327 648 1428 703 sed
1447 647 1590 703 dona
1610 649 1812 720 accipit
1831 664 1965 721 gra-

362 727 437 783 tis
463 742 743 783 concessa.
828 724 1033 781 Verum
1060 723 1472 799 sapientissime
1499 723 1710 783 dictum
1738 730 1847 791 est,
1900 726 1963 777 in

364 818 507 859 anno
526 801 697 857 altero
712 815 903 871 parere
918 800 1168 855 Isaacum
1182 840 1198 864 ‚
1238 798 1500 871 quoniam
1525 815 1635 857 non
1652 799 1962 873 praesentis

364 876 627 947 temporis
648 882 731 929 est
748 874 853 929 ista
868 874 1015 931 vitae
1035 874 1290 963 genitura
1299 873 1353 947 *)
1368 914 1382 942 .
1406 873 1506 933 sed
1525 873 1754 931 alterius
1771 872 1964 947 magni

366 957 420 1005 et
446 948 590 1005 sacri
606 990 619 1013 ,
660 964 913 1021 quaeque
940 946 1136 1008 divina
1163 948 1367 1025 gaudet
1400 947 1737 1009 abundantia
1763 948 1958 1013 nimia.

365 1024 633 1096 nulloque
648 1022 811 1081 modo
829 1023 1032 1081 similis
1056 1024 1318 1097 gentibus
1339 1032 1441 1081 est.

372 1188 537 1248 Quare
564 1190 701 1253 dicit,
733 1189 864 1254 quod
885 1188 1182 1252 „Abraham
1207 1198 1312 1241 erat
1338 1188 1603 1253 nona-eima
1627 1195 1672 1237 et
1693 1202 1855 1237 novem
1875 1202 1963 1264 qn·

500 1274 687 1319 norunt,
717 1273 855 1319 quum
878 1256 1174 1305 circumcisus
1199 1264 1294 1315 est,·
1331 1254 1513 1306 Ismael
1531 1253 1837 1316 autcmfiliua
1861 1270 1963 1303 ctus

501 1338 730 1373 annorum
748 1321 1044 1372 tredccun“?
1079 1324 1189 1389 (1⁷,
1209 1328 1274 1371 24
1293 1323 1362 1385 s.)

476 1426 562 1477 61.
609 1422 907 1494 Dispositio
943 1429 1027 1479 eet
1062 1422 1135 1478 ad
1172 1424 1549 1480 centenarium
1583 1422 1880 1495 nonaginta
1911 1430 1967 1476 et

366 1514 566 1555 novem
605 1514 873 1552 annorum
907 1514 1170 1554 numerus
1184 1538 1197 1562 ‚
1259 1506 1424 1571 atque
1461 1497 1768 1555 secundum
1812 1494 1967 1551 hunc

366 1590 659 1629 numerum
688 1572 999 1645 disponitur
1026 1582 1082 1629 et
1107 1572 1338 1649 perfecti
1367 1590 1559 1629 semen
1592 1571 1966 1647 generationis

368 1665 490 1703 esse
520 1647 888 1779 princilpium,
930 1648 1081 1720 quod
1115 1648 1462 1707 manifestius
1491 1654 1716 1720 apparet
1744 1648 1803 1701 in
1831 1663 1967 1701 cen-

366 1724 597 1780 tenario.
729 1722 1037 1781 redecimus
1077 1733 1259 1779 autem
1295 1740 1579 1781 mumerus
1619 1722 1967 1793 componitur

367 1816 439 1854 ex
466 1799 664 1873 primis
690 1798 907 1855 duobus
934 1798 1360 1874 quadrangulis,
1412 1815 1481 1853 ex
1508 1804 1743 1868 quatuor
1777 1803 1832 1850 et
1865 1813 1968 1851 no-

369 1891 495 1931 vem
511 1917 523 1940 ‚
566 1876 687 1949 pari
718 1883 772 1932 et
796 1875 1022 1949 impari,
1066 1876 1143 1931 ita
1163 1883 1226 1930 ut
1242 1890 1343 1946 par
1363 1872 1562 1930 habeat
1577 1886 1678 1943 pro
1698 1870 1966 1925 lateribus

368 1949 652 2021 duplicem
686 1949 915 2005 formam
945 1952 1284 2007 materialem
1304 1956 1358 2003 et
1377 1949 1556 2020 impar
1581 1946 1812 2003 formam
1831 1962 1968 2017 ope-

366 2024 628 2078 rativam:
671 2040 743 2077 ex
769 2024 975 2097 quibus
1004 2026 1132 2080 totis
1163 2023 1399 2079 efficitur
1425 2022 1664 2087 trinum,
1745 2020 1856 2075 uod
1885 2028 1970 2077 est

368 2096 674 2151 maximum
703 2104 757 2149 et
782 2096 1250 2169 perfectissimum
1283 2096 1588 2153 hostiarum
1617 2095 1723 2151 fest
1746 2113 1962 2159 varum,

366 2186 507 2241 quas
528 2170 807 2224 continent
825 2174 1166 2227 exarationes
1186 2188 1467 2230 sacrorum
1487 2172 1777 2227 librorum.
1854 2172 1970 2227 Hoc

367 2260 543 2299 unum
570 2250 671 2298 est.
750 2242 997 2300 Alterum
1017 2264 1150 2302 vero
1168 2247 1354 2303 dicere
1375 2246 1564 2311 liceat,
1607 2245 1757 2317 quod
1783 2244 1970 2301 trede-

368 2320 481 2375 cim
500 2335 767 2375 annorum
794 2327 941 2374 aetas
970 2321 1155 2377 vicina
1182 2330 1266 2377 est
1293 2329 1348 2376 et
1370 2321 1648 2394 particeps
1675 2320 1764 2375 bis
1793 2338 1854 2375 se
1895 2321 1970 2376 ti·-

367 2395 449 2449 mi
468 2394 599 2450 anni
614 2435 626 2459 ,
655 2410 767 2466 quo
785 2395 1013 2449 seminis
1036 2392 1110 2471 [³¹⁵]
1135 2402 1316 2450 motus
1337 2395 1407 2451 ad
1427 2395 1837 2469 generationem
1880 2412 1970 2450 er-

366 2478 478 2524 tur.
564 2470 646 2524 Ne
682 2485 812 2541 ergo
848 2469 1224 2540 alienigenum
1252 2471 1556 2526 seminetur
1581 2485 1800 2535 semen,
1849 2470 1972 2541 pri-

368 2560 487 2597 mas
524 2543 901 2615 generationes
942 2544 1186 2615 integras
1223 2545 1435 2599 servari
1471 2543 1816 2616 procuravit,
1861 2543 1969 2598 sub

470 2713 515 2761 ¹³)
540 2724 576 2755 Β·
606 2718 717 2758 vitae
734 2718 891 2757 ostien
906 2716 1114 2765 cenicum.
1165 2713 1398 2755 Aucher.
