2125 3084
301 174 400 231 226
535 179 734 227 mm.
775 177 924 223 mn.
967 177 1293 235 QUAEsT.
1334 177 1433 221 ET
1472 177 1639 223 sor..
1670 174 1893 245 [11,396.]

412 360 541 419 Quid
575 370 644 411 est
680 396 714 424 ‚‚
727 360 952 410 Ascendit
988 360 1099 409 inde
1135 360 1203 410 ad
1232 370 1448 424 puteum,
1486 363 1574 411 sed
1604 382 1797 428 suspen-

857 430 1036 476 sum“?
1074 428 1179 490 (26,
1221 431 1331 492 23.)

415 560 463 603 2.
513 552 612 615 Qui
640 554 774 605 enim
801 554 962 603 adhuc
991 554 1222 615 docetur,
1259 554 1379 604 licet
1394 558 1699 617 promoverit
1718 565 1770 605 et
1792 574 1896 607 cre·

302 624 452 683 verit,
480 621 806 671 nihilominus
831 621 1088 684 religionis
1116 636 1283 671 moras
1312 624 1527 671 sortitur.
1601 621 1707 671 Cur
1726 633 1895 673 autem

302 691 538 754 perfectis
574 690 1019 753 approximaverit,
1069 689 1273 737 altiores
1308 690 1429 737 facit
1463 692 1895 740 commemoratio-

303 772 408 807 nes.
479 758 568 806 Ait
595 758 752 806 euim:
798 757 987 805 Puteus
1017 757 1244 819 quaterni
1271 757 1491 816 numeri,
1531 757 1650 805 etin
1667 757 1781 819 ipso
1800 773 1893 806 nu-

301 839 440 875 mero
477 824 606 873 fallit
617 822 685 889 ⁸³).
754 824 942 873 Puteus
977 824 1111 872 enim
1136 824 1401 872 iuramenti
1432 824 1533 873 filia
1560 824 1771 887 septima
1797 833 1889 884 est,

303 893 438 956 quod
458 892 706 941 Hebraico
722 892 904 955 legitur
920 891 1205 940 Bersabacc
1223 891 1431 939 Berfilia
1450 890 1644 941 Sabeae
1663 891 1890 955 septima.

300 961 410 1009 Iam
427 960 628 1023 pervide
647 967 834 1021 quanta
851 966 928 1008 est
943 960 1109 1007 unitas
1128 960 1182 1006 in
1200 958 1555 1008 mathematico
1575 966 1791 1009 tractatu
1802 995 1817 1019 ‚
1847 967 1895 1009 et

303 1029 385 1076 hic
413 1029 466 1075 in
493 1027 742 1090 prioribus
761 1028 1013 1075 translatis
1031 1026 1172 1074 libris
1193 1040 1259 1075 ex
1276 1034 1451 1088 aperto
1468 1027 1667 1075 dicente
1684 1027 1896 1076 Philone

305 1102 480 1157 quarta
505 1095 558 1143 in
585 1095 816 1143 omnibus
843 1094 1135 1157 corporibus
1164 1101 1214 1142 et
1240 1094 1642 1157 incorporalibus
1666 1096 1898 1157 preciosa

303 1171 380 1213 est
404 1176 496 1225 pro
523 1176 730 1211 numero
759 1162 961 1223 quidem
987 1162 1073 1223 qui
1093 1175 1335 1211 accensus
1354 1169 1431 1209 est
1452 1162 1652 1211 decem:
1702 1162 1759 1209 in
1776 1162 1895 1225 figu-

302 1231 371 1279 ris
401 1236 569 1279 autem
595 1230 728 1291 quod
757 1229 1031 1281 secundum
1059 1242 1171 1277 eam
1197 1229 1461 1277 soliditatis
1484 1236 1663 1277 natura
1682 1237 1897 1290 constat,

301 1304 418 1360 post
451 1297 648 1359 signum
675 1303 724 1343 et
750 1296 994 1358 elogium,
1035 1297 1308 1343 secundum
1330 1296 1557 1345 Musicos
1584 1311 1701 1346 vero
1724 1311 1898 1345 omnes

303 1364 555 1413 armonias
575 1363 822 1421 continet,
863 1363 1245 1423 quadralitatem
1269 1364 1616 1425 pertinacitate
1630 1399 1643 1423 ‚
1682 1365 1736 1411 in
1756 1365 1897 1412 dimi-

305 1430 579 1479 dialitatem
599 1435 649 1476 et
663 1442 755 1491 per
774 1443 948 1478 omnes
968 1430 1020 1477 in
1042 1430 1356 1493 duplicitate,
1379 1438 1429 1479 et
1446 1430 1523 1479 bis
1542 1445 1633 1493 per
1652 1446 1829 1480 omnes
1845 1432 1898 1479 in

306 1496 770 1561 quadruplicatione
793 1495 919 1545 haec
943 1496 1109 1559 inquit
1133 1499 1187 1546 in
1215 1498 1631 1561 incorporalibuS.
1705 1496 1898 1561 Corpo-

304 1563 494 1617 ralibus
529 1576 646 1611 vero
687 1564 933 1613 clementa
967 1565 1140 1613 mundi
1169 1572 1382 1627 quatuor
1408 1567 1617 1615 totidem
1646 1567 1764 1614 anni
1791 1580 1900 1615 mo·

303 1638 498 1690 menta,
538 1631 710 1679 debuit
734 1632 871 1695 prius
899 1632 1179 1695 corporalia
1196 1634 1441 1695 pandere,
1484 1634 1808 1695 postmodum
1825 1635 1901 1681 in-

305 1698 601 1761 corporalia.
673 1700 770 1749 Hic
789 1701 922 1749 enim
939 1701 1048 1763 ipse
1066 1715 1157 1763 pro
1174 1700 1571 1763 incorporalibus
1590 1715 1901 1763 prosequen-

307 1768 372 1815 do
391 1767 580 1815 coitum
596 1767 688 1816 viri
706 1775 756 1817 ct
772 1768 994 1817 mulieris
1015 1776 1229 1830 quatuor
1246 1768 1430 1817 habere
1450 1769 1583 1816 vices
1598 1804 1611 1828 ,
1642 1769 1781 1830 quod
1798 1776 1902 1815 tur·

303 1835 568 1898 pissimum
588 1842 664 1885 est
679 1836 1002 1900 interpretare
1015 1872 1027 1895 ‚
1063 1850 1127 1884 ne
1144 1836 1273 1883 forte
1293 1836 1497 1898 quidam
1516 1836 1643 1883 servi
1663 1835 1742 1883 dei
1763 1850 1903 1883 ama-

305 1912 439 1951 tores
477 1916 586 1952 esse
615 1918 789 1953 eorum
819 1903 1143 1954 existiment.·
1191 1903 1402 1951 Videtur
1424 1902 1549 1951 mihi
1575 1902 1723 1951 Philo
1748 1904 1904 1951 ritum

303 1970 574 2022 Iudeorum
601 1973 896 2033 sectavisse,
935 1972 1158 2033 linguam
1186 1971 1501 2033 imprauisse.
1574 1968 1630 2019 Si
1660 1970 1795 2018 enim
1824 1984 1903 2019 se·

305 2037 518 2100 ptimum
545 2040 936 2101 composuisset,
971 2040 1146 2101 viginti
1177 2046 1227 2087 et
1252 2045 1367 2087 octo
1394 2044 1555 2087 metas
1584 2038 1726 2100 pacis
1764 2038 1904 2087 inve-

307 2106 480 2153 nisset.
543 2106 780 2167 Denique
797 2113 912 2169 post
927 2114 1185 2155 momenta
1200 2106 1572 2155 lamentationis
1592 2106 1797 2153 titulum
1813 2120 1905 2168 pa-

309 2173 381 2221 cis
407 2172 556 2221 enixa
582 2179 660 2221 est
683 2173 952 2221 Bersabee.
1024 2172 1345 2236 Quapropter
1368 2174 1531 2235 inquit
1558 2173 1756 2232 MoseS,
1796 2173 1908 2221 lau-

308 2240 473 2287 dando
502 2246 732 2300 quartum
757 2254 1018 2287 numerum
1045 2237 1273 2289 sanctum
1294 2248 1345 2289 et
1362 2241 1637 2303 gloriosum
1654 2248 1908 2302 protesta-

306 2314 402 2354 tur.
482 2305 671 2367 thuid
705 2314 872 2355 autem
908 2307 1241 2356 iuramentum
1277 2308 1482 2367 dicitur,
1518 2308 1573 2355 in
1600 2322 1753 2370 opere
1790 2309 1907 2371 ipso

308 2372 574 2421 declarabo
594 2380 710 2435 post
726 2374 978 2422 modicum
993 2374 1048 2421 in
1067 2374 1300 2423 familiari
1328 2375 1547 2437 capitulo
1559 2410 1571 2432 ‚
1610 2382 1747 2423 totus
1777 2376 1911 2425 liber

307 2439 575 2488 translatus
598 2440 723 2488 nihil
740 2441 840 2489 tale
859 2439 1129 2501 continuit,
1172 2444 1259 2490 sed
1278 2450 1449 2491 coetus
1472 2443 1645 2505 (mar-y.
1670 2444 1909 2497 coactus)

309 2505 528 2567 effugere
547 2516 771 2556 conatur.
1001 2524 1004 2531 ·

311 2668 454 2757 sueri?
487 2671 540 2707 In
565 2681 728 2719 ''ww''
789 2672 929 2712 Verba
963 2675 1062 2710 sunt
1094 2673 1353 2719 interpretis,
1401 2674 1592 2721 quisquis
1626 2674 1695 2713 hic
1731 2678 1917 2717 tandem
