2125 3084
316 130 415 184 246
554 132 748 179 PHIL.
783 130 931 177 IUD.
971 130 1294 189 QUAEST.
1327 132 1428 178 ET
1469 134 1632 181 SOL.
1695 130 1917 199 [11‚390.]

318 244 418 299 est,
444 232 592 306 quod
612 234 813 289 virtute
832 242 1018 289 ornato
1036 240 1148 287 tam
1167 250 1249 297 aa,
1273 250 1416 304 quae
1435 236 1744 293 secundum
1761 239 1915 310 agri-

317 311 615 373 culturam,
658 324 825 381 quam
863 325 1003 379 quae
1044 307 1114 363 ad
1143 324 1306 363 usum
1336 310 1484 365 vitae
1514 312 1710 367 mundi
1736 314 1912 385 perti-

316 393 473 449 nent,
516 384 656 441 bene
687 382 967 448 accidunt,
1008 392 1066 437 et
1087 383 1236 454 quod
1255 386 1556 455 posteriora
1575 388 1696 442 eius
1715 389 1911 447 multi-

313 462 518 534 plicius
540 457 903 515 anterioribus
924 465 977 513 et
996 458 1218 529 plenius
1239 461 1606 530 reperiuntur.
1646 462 1732 516 Ad
1750 480 1911 517 men-

314 548 426 592 tem
453 552 582 591 vero
652 538 894 593 hordeum
922 541 1034 588 tam
1063 533 1372 599 hominum,
1421 550 1588 605 quam
1615 535 1908 593 brutorum

316 610 637 667 animalium
657 615 739 667 est
758 608 945 675 cibus;
996 608 1055 664 in
1077 608 1312 685 singulis
1334 614 1510 665 autem
1537 612 1709 664 nostri
1739 610 1906 667 homo

315 694 397 742 est
415 704 569 741 mens
590 692 642 739 et
661 685 885 739 brutum
902 701 1118 737 sensus,
1183 682 1408 749 Quando
1429 700 1556 756 ergo
1575 701 1684 740 non
1703 702 1905 757 super-

313 762 527 816 venerit
553 760 811 815 sterilitas
844 758 1109 813 bonorum
1123 799 1136 824 ‚
1179 758 1280 817 sad
1305 758 1616 815 exhibuerit
1637 760 1818 815 anima
1841 779 1904 815 se

314 840 493 908 ipsam
512 836 657 890 siout
678 850 869 907 agrum
890 832 1154 897 fertilem,
1193 850 1383 889 semen
1403 835 1690 907 concipere
1706 836 1904 891 valens

313 911 537 967 virtutis
550 952 562 974 ‚
615 909 768 965 ferax
807 908 1055 967 redditur
1091 916 1254 979 atque
1290 910 1412 967 visa
1449 927 1708 984 generare
1746 908 1908 967 iuxta

313 986 562 1061 singulas
588 986 846 1047 virtuteS,
890 984 1104 1038 invenit
1125 984 1254 1055 plus
1285 1001 1378 1049 eo,
1419 986 1570 1057 quod
1590 996 1814 1059 generat
1825 986 1900 1058 *)‚

313 1061 417 1117 deo
445 1061 663 1120 favente
692 1069 747 1115 et
772 1059 1080 1132 adaugente
1109 1068 1271 1130 atque
1291 1077 1362 1115 ex
1381 1061 1660 1117 invisibili
1681 1063 1742 1117 in
1755 1064 1904 1117 visi-

311 1136 484 1193 bilem
513 1144 565 1192 et
594 1136 757 1191 aliam
786 1133 1015 1189 formam
1042 1133 1284 1189 benefice
1310 1136 1696 1192 transvehente
1735 1138 1904 1193 ratio-

314 1212 493 1269 nalem
514 1220 723 1283 partem
744 1218 797 1267 et
816 1209 1212 1274 irrationalem,
1254 1228 1364 1267 una
1395 1210 1698 1283 eademque
1726 1214 1902 1285 gratia

312 1287 617 1342 secundum
646 1300 937 1340 numerum
964 1284 1193 1357 perfecti
1222 1287 1548 1353 centenarii,
1591 1289 1692 1358 qui
1723 1298 1806 1343 est
1833 1304 1904 1343 ex

313 1370 499 1417 sancto
544 1361 821 1435 principio
868 1360 1080 1418 denarii
1132 1361 1471 1437 principium
1509 1362 1808 1434 perfectius
1848 1371 1902 1419 et

311 1438 573 1491 sanctius.

413 1612 456 1658 Ἰ“)
486 1621 521 1651 s.
549 1613 699 1651 invenit
717 1613 857 1661 potem
883 1622 953 1659 ea,
983 1622 1107 1661 quam
1134 1616 1315 1661 uenerat.
1369 1611 1527 1651 Anch.

310 1900 557 1973 germina
579 1900 910 1973 ampliantur
926 1898 1055 1972 plus
1076 1915 1240 1969 quam
1261 1896 1499 1970 pridem.
1575 1898 1899 1986 Intelligen-

308 1978 385 2031 tia
432 1976 705 2031 subtilior.
802 1976 1063 2030 Hordeum
1110 1973 1428 2029 hominibus
1474 1981 1526 2028 et
1565 1974 1896 2028 animalibus

310 2068 434 2105 esca
455 2058 563 2114 est,
596 2050 757 2104 nobis
785 2058 964 2106 autem
995 2066 1150 2105 mens
1211 2049 1400 2115 homo,
1433 2065 1628 2105 sensus
1692 2050 1894 2104 anima.

310 2126 448 2181 Cum
474 2142 603 2199 ergo
630 2140 812 2179 rerum
840 2123 1126 2197 frugalitas
1157 2124 1360 2189 deerit,
1401 2130 1687 2196 praeparat
1715 2126 1893 2180 anima

309 2218 369 2256 se
383 2242 396 2266 ,
430 2209 615 2272 utpote
636 2214 793 2271 seges
812 2198 1017 2268 optima
1032 2239 1045 2263 ‚
1083 2207 1136 2255 et
1156 2198 1215 2254 fit
1234 2217 1407 2271 capax
1437 2198 1896 2254 abundantiarum

307 2276 529 2333 virtutis
544 2314 558 2341 ,
602 2282 663 2331 et
700 2273 947 2346 germina
984 2272 1399 2332 benevolentiae
1435 2273 1891 2349 multiplicantur,

309 2352 413 2407 deo
440 2351 623 2423 palam
652 2346 957 2421 proferente
986 2357 1128 2407 certa
1159 2366 1228 2405 ex
1257 2349 1534 2408 invisibili
1553 2366 1652 2405 suo
1672 2348 1897 2404 thesau-

308 2443 395 2491 ro,
426 2434 489 2481 ut
508 2434 737 2497 utraque
758 2440 845 2479 res
869 2422 1138 2481 beneficia
1165 2426 1389 2491 sentiat,
1431 2442 1664 2497 persona
1693 2424 1896 2479 videli-

309 2510 395 2557 cet
412 2510 575 2573 atque
594 2498 935 2557 rationabilis
950 2540 963 2563 ,
996 2516 1096 2569 per
1115 2516 1282 2553 unam
1301 2501 1644 2572 eandemque
1663 2501 1895 2573 gratiam

306 2575 579 2647 perfectae
599 2574 933 2641 divinitatis,
964 2591 1106 2647 quae
1125 2582 1209 2632 est
1227 2576 1510 2646 primitiva
1530 2576 1746 2632 numeri
1768 2592 1894 2634 san-

308 2651 514 2709 ctioris.
