2125 3084
376 179 439 231 64
830 168 1204 228 ΡΗιῑοΝιε
1241 180 1514 227 mmm
1709 174 1782 239 [1,
1809 184 1892 228 59.
1917 180 2020 244 σα]

376 286 518 339 Nam
536 299 656 337 eam
676 299 748 337 ex
768 290 959 337 natura
980 278 1226 336 fortunae
1245 288 1457 351 partem
1482 281 1627 334 nacti
1645 290 1790 337 sunt
1821 292 1884 337 et
1905 302 2022 355 per
2070 288 2073 333 2

379 359 705 414 exercitium
722 365 974 412 naturam
990 364 1352 427 exornarunt,
1383 352 1436 428 [⁸¹⁵
1479 371 1716 425 quorum
1739 360 2014 429 genuina
2070 392 2073 407 .

383 432 445 489 a'c
466 433 688 505 propria
708 429 1270 503 philosophia-opifex
1289 438 1390 483 est.
1479 430 1536 483 ui
1557 446 1692 484 vero
1713 431 2013 487 adulteri-

382 527 484 564 nae
502 507 831 579 disciplinae
848 505 1084 564 studiosi
1103 508 1231 563 sunt
1246 546 1258 568 ,
1290 502 1441 557 haud
1463 503 1551 558 illi
1581 501 1844 560 medicos
1869 508 2008 561 imi-

380 592 590 646 tantur,
632 579 899 636 famulum
928 581 1143 635 animae
1172 595 1372 649 corpus
1391 586 1676 643 sananteS,
1721 580 1868 636 licet
1888 583 2002 653 ipsi

380 659 662 713 dominam
680 657 859 728 ipsam
881 672 1072 710 curare
1094 670 1214 709 sese
1235 654 1436 707 iactare
1457 652 1690 708 soleant.
1734 655 1894 741 N·am
1909 657 2000 710 illi

382 732 652 805 (medici),
714 730 935 801 quando
980 730 1109 800 quis
1146 728 1362 783 fortuna
1397 727 1613 783 dotatus
1653 730 1994 802 aegrotabit,

382 808 598 863 etiamsi
619 822 853 877 magnus
874 805 979 859 erit
996 821 1094 858 rex
1109 844 1122 868 ,
1151 803 1336 858 omnia
1354 811 1770 873 praetereuntes
1787 846 1803 870 ,
1829 814 1991 868 tecta,

384 882 581 946 forum,
613 881 798 945 cellas,
823 881 1086 951 picturas,
1110 878 1402 951 imagines,
1428 886 1739 949 argentum,
1767 897 1989 943 aurum,

384 967 495 1013 tam
524 955 884 1029 ignobilium,
932 970 1099 1025 quam
1125 952 1399 1008 nobilium
1427 952 1755 1023 poculorum
1789 954 1870 1029 (et
1897 972 1992 1009 ve-

366 1030 571 1105 stium)
601 1038 977 1085 contextorum
1010 1028 1253 1099 copiam,
1295 1035 1504 1081 caetera
1537 1043 1765 1099 quoque
1799 1030 1988 1103 'regiae

384 1108 523 1162 mira
542 1114 856 1165 ornamenta
870 1146 882 1170 ‚
924 1120 1026 1159 nec
1045 1120 1154 1163 non
1176 1101 1500 1157 famulatum
1520 1118 1891 1161 numerosum
1910 1114 1987 1159 at-

384 1198 492 1252 que
521 1180 845 1234 dilectorum
875 1187 928 1235 et
958 1176 1208 1245 affinium
1227 1177 1719 1247 subiectorumque
1739 1188 1988 1253 satrapa-

383 1271 507 1309 rum
528 1252 860 1321 ministeria3
893 1253 1027 1308 haec
1048 1254 1275 1323 inquam
1295 1260 1707 1324 praetereuntes
1723 1294 1736 1317 ‚
1765 1271 1874 1325 per
1891 1272 1986 1309 cu—

384 1326 566 1382 stodes
592 1328 835 1398 corporis
862 1344 1041 1400 usque
1071 1326 1142 1381 ad
1170 1327 1370 1381 lectum
1397 1328 1788 1398 pervenientes
1835 1337 1891 1384 et
1923 1346 1981 1383 ea

383 1403 525 1472 ipsa,
540 1416 682 1472 quae
701 1402 855 1457 iuxta
876 1418 1076 1473 corpus
1096 1410 1243 1466 sunt,
1257 1410 1684 1467 contemnentes,
1701 1419 1814 1458 non
1837 1404 1980 1475 quod

384 1475 570 1529 cubile
592 1476 829 1547 gemmis
863 1474 936 1551 [³¹⁵]
970 1476 1295 1533 distinctum
1323 1484 1606 1547 totumque
1635 1494 1873 1533 aureum
1891 1480 1977 1542 sit,

384 1549 747 1609 admirantur,
810 1567 913 1605 neo
958 1551 1110 1623 quod
1154 1568 1470 1611 aranearum
1515 1548 1667 1607 more
1701 1552 1980 1608 subtiliter
2069 1558 2071 1575 ¹

385 1634 595 1682 textum
624 1625 788 1680 fuerit
808 1633 921 1681 stra
964 1626 1119 1681 ulum
1148 1626 1354 1699 lapillis
1387 1624 1756 1698 descriptum,
1801 1645 1974 1701 neque

385 1701 535 1774 quod
562 1708 742 1756 vestes
771 1700 883 1757 sint
952 1703 1164 1757 iver-sae
1195 1702 1428 1772 speciei,
1474 1700 1896 1772 pulchritudine
1919 1720 1976 1757 ac

386 1776 742 1832 multitudine
762 1774 1080 1844 distinctae;
1140 1774 1347 1831 adhaec
1365 1776 1604 1847 seposito
1625 1777 1794 1831 etiam
1811 1779 1973 1835 vesti·
2067 1774 2069 1783 ⁴

388 1860 572 1907 mento
592 1852 677 1908 illi
690 1852 939 1908 immisso
949 1851 1446 1924 tanguntmanibus
1457 1859 1510 1906 et
1519 1868 1689 1905 venas
1700 1848 1967 1923 premunt,

386 1927 681 1999 diligenter
707 1927 992 1999 explorant
1020 1926 1358 1984 vibrationes
1384 1925 1524 1997 (sive
1541 1926 1790 2000 pulsus),
1829 1928 1970 1982 salu-

346 1998 351 2001 ’
387 2010 598 2057 taresne
608 2003 747 2070 sint3
778 2004 999 2074 'saepius
1011 2002 1176 2056 etiam
1187 2003 1472 2058 interiores
1492 2001 1710 2055 tunicas
1728 2004 1968 2058 relevan-

385 2086 486 2141 teS,
502 2077 733 2131 alvusne
745 2076 991 2133 tumidus
1002 2079 1092 2141 sit,
1109 2076 1412 2149 explorant,
1429 2075 1781 2132 fervidumne
1791 2086 1967 2150 peetus

387 2170 454 2206 an
476 2153 725 2222 quietum
739 2192 751 2215 ,
786 2170 947 2207 corne
967 2152 1203 2221 resiliat3
1232 2160 1421 2224 postea
1442 2159 1623 2206 autem
1643 2168 1804 2207 suam
1823 2169 1969 2208 cura-

385 2227 587 2281 tionem
609 2226 891 2283 adhibent.
1335 2246 1342 2251 ·

492 2334 578 2385 23.
637 2330 800 2385 Porro
837 2339 1108 2408 oporteret
1136 2332 1522 2405 philosophoS,
1573 2333 1674 2403 qui
1704 2332 1970 2389 medicum

385 2420 525 2473 opus
556 2403 782 2476 aggredi
810 2424 869 2459 se
888 2406 1108 2479 dicunt,
1150 2419 1210 2464 ut
1231 2409 1472 2472 animae,
1513 2418 1656 2479 quae
1678 2411 1830 2481 regia
1851 2424 1971 2461 vere

386 2484 495 2538 est,
518 2478 935 2547 opitularentur,
960 2480 1476 2553 despicereomnia,
1491 2471 1837 2553 quaeffnanis
1855 2482 1971 2557 glo·
2019 2476 2026 2483 ⁴

380 2548 465 2607 ria
492 2565 780 2606 caecorum
806 2570 956 2609 more
982 2556 1272 2629 confingit;
1328 2566 1380 2611 et
1417 2557 1649 2611 interius
1679 2559 1972 2615 subeuntes

384 2628 624 2675 mentem
650 2625 830 2694 ipsam
860 2637 1147 2693 attentare,
1191 2648 1259 2684 an
1290 2631 1360 2685 ab
1381 2632 1658 2701 inaequali
1681 2633 1764 2693 ira
1785 2634 1973 2688 cel'eri-

382 2698 465 2741 ter
491 2707 553 2743 ac
574 2703 934 2770 praepropere
954 2720 1017 2757 ac
1034 2712 1252 2773 praeter
1271 2714 1520 2775 namram
1541 2706 1598 2759 in
1617 2723 1682 2760 ea
1703 2709 1970 2779 agitentur
