2125 3084
299 179 368 228 22
463 182 663 227 rmL.
699 180 848 226 mn.
889 179 1212 236 QUAEsT.
1242 180 1339 224 ET
1380 179 1533 224 soi..
1561 165 1899 241 [11,192.193.]

301 281 502 336 mentis
531 279 952 353 rationisque*).
1031 279 1251 351 Optime
1279 286 1461 334 tamen
1493 281 1761 352 scriptum
1786 290 1896 336 est:

303 358 556 410 conclusit
579 371 685 422 me;
743 372 872 409 nam
901 354 1050 426 quod
1082 355 1331 408 clausum
1361 363 1471 418 est,
1522 357 1724 426 aperiri
1764 355 1903 410 solet

299 437 545 500 tempore
571 425 644 503 [⁴⁶⁶]
667 439 998 501 opportun03
1051 446 1161 484 non
1188 445 1319 501 ergo
1345 445 1443 500 spe
1473 428 1734 484 destituta
1763 439 1897 494 erat,

302 521 366 558 ac
395 503 506 557 fixa
533 505 592 557 in
621 504 853 560 consilio
883 505 1153 575 sapientia
1190 504 1311 557 eius
1343 512 1610 576 perpetuo
1648 522 1709 560 se
1745 505 1901 577 prole

302 578 553 642 carendi,
597 578 696 633 sed
725 580 830 634 scit
857 579 1008 650 quod
1045 579 1291 650 paritura
1331 587 1439 633 est:
1501 580 1679 650 pariet
1716 588 1899 635 tamen

302 670 408 708 non
440 654 986 723 impraesentiarum,
1025 654 1125 707 sed
1153 653 1376 724 quando
1405 653 1584 709 anima
1604 653 1901 725 perfectio-

301 730 390 782 nis
408 729 705 800 puritatem
725 727 995 784 ostendat.
1053 729 1117 783 In
1138 736 1404 799 quantum
1426 745 1557 784 vero
1578 728 1899 800 imperfecta

301 811 410 865 est,
454 802 589 856 satis
619 804 784 882 est-ei
813 804 1030 857 mitiore
1058 803 1307 858 doctrina
1336 804 1417 857 uti
1455 819 1555 874 per
1595 803 1895 876 encyclica.

299 876 458 931 Unde
486 874 637 931 haud
657 877 966 932 inconsulto
986 878 1046 931 in
1068 879 1241 932 sacris
1260 893 1481 950 quoque
1501 878 1899 932 certaminibus

301 950 648 1024 (Oiympicis)
662 991 674 1014 ‚
717 951 816 1022 qui
847 968 954 1006 non
974 961 1207 1023 possunt
1224 953 1431 1024 primas
1453 953 1702 1025 accipere
1720 953 1899 1008 victo-

298 1027 442 1090 riae,
492 1024 753 1080 secundis
782 1025 940 1099 digni
981 1026 1323 1081 efficiuntur:
1384 1029 1709 1098 proponitur
1748 1028 1898 1082 enim

299 1101 636 1157 certantibus
675 1102 982 1174 praemium
1016 1103 1259 1173 primum
1286 1108 1341 1155 et
1368 1101 1676 1157 secundum
1706 1110 1760 1158 et
1786 1110 1899 1156 ter-

297 1179 442 1232 tium
471 1195 502 1232 a
529 1177 882 1248 praesidibus
908 1176 1103 1247 agonis
1121 1213 1135 1237 ‚
1178 1175 1277 1244 qui
1306 1184 1716 1245 repraesentant
1736 1184 1899 1230 natu-

298 1264 441 1306 ram:
499 1251 631 1304 huic
659 1267 790 1322 ergo
818 1250 1062 1319 primum
1090 1248 1399 1318 praemium
1426 1251 1684 1319 proponit
1718 1255 1899 1304 virtu-

299 1334 418 1379 tum
435 1365 448 1388 ,
479 1322 785 1378 secundum
807 1331 991 1378 autem
1010 1321 1487 1394 encyclopaediae.

306 1477 466 1536 Quare
491 1477 722 1527 mulierem
751 1476 981 1526 Abrahae
1015 1475 1138 1526 dixit
1160 1475 1376 1525 Sarum?
1425 1475 1511 1527 Ait
1547 1478 1693 1528 em'm:
1748 1515 1783 1542 ‚‚
1800 1479 1895 1528 Su-

433 1562 560 1594 mcna
595 1544 731 1594 Sara
765 1545 927 1593 nzulier
960 1543 1190 1592 Abrahae
1226 1544 1446 1594 ancillam
1474 1563 1609 1595 suam
1633 1545 1775 1612 Ayar
1801 1547 1895 1596 Ac·

429 1613 668 1677 yyptiam,
710 1611 839 1661 dedit
867 1612 918 1660 in
944 1627 1111 1662 manus
1139 1611 1251 1661 eius.
1270 1614 1303 1640 “
1343 1613 1449 1677 (16,
1488 1613 1563 1676 3.)

410 1732 496 1785 2¹.
546 1725 837 1783 Concludit
875 1726 1320 1798 comprobatione
1354 1725 1664 1800 Theologus
1704 1730 1894 1783 matri-

297 1806 546 1860 monium
574 1802 874 1875 proborum
902 1801 974 1857 ob
1003 1801 1404 1856 incontinentes
1440 1802 1703 1858 lascivos:
1766 1821 1894 1858 nam

298 1881 391 1936 isti
412 1888 634 1952 propter
653 1877 1006 1941 concubium,
1030 1878 1091 1931 in
1110 1892 1249 1948 quas
1270 1876 1461 1934 ardent
1480 1879 1676 1934 insano
1687 1895 1888 1941 amore,

297 1956 615 2027 despiciunt
633 1956 909 2025 sapientes
937 1969 1159 2006 uxores,
1238 1950 1416 2017 Quare
1444 1953 1661 2008 inducit
1687 1954 1893 2008 virtute

297 2038 574 2091 ornatum,
619 2036 955 2083 constantem
993 2027 1179 2079 virum
1209 2027 1487 2099 coniugis,
1530 2044 1595 2082 eo
1622 2036 1886 2098 tempore,

297 2121 408 2176 quo
443 2103 646 2157 licebat
671 2104 754 2156 uti
783 2100 1010 2168 ancilla3
1079 2108 1133 2155 et
1159 2100 1405 2155 sobrium
1439 2101 1679 2172 profecto
1712 2101 1892 2174 (desi-

297 2177 455 2252 gnat)
484 2177 685 2232 mulier
712 2177 1042 2248 sapientem,
1087 2192 1261 2247 quum
1290 2176 1463 2231 alium
1489 2178 1549 2230 in
1588 2174 1892 2230 thalamum

295 2255 582 2326 ingressus
623 2259 725 2307 est.
811 2251 1081 2316 Quoniam
1121 2250 1271 2323 apud
1310 2249 1673 2305 concubinam
1713 2251 1892 2305 coitus

297 2328 448 2383 solus
489 2336 603 2384 erat
641 2342 929 2398 corporum
967 2326 1037 2380 ob
1071 2325 1437 2397 procreandos
1469 2323 1699 2388 liberos,
1744 2325 1892 2396 apud

297 2404 589 2477 coniugem
608 2418 740 2457 vero
759 2401 892 2456 unio
913 2402 1127 2455 animae
1148 2398 1489 2455 concorditer
1513 2406 1791 2471 coaptatae
1816 2397 1887 2474 [³¹⁶]

297 2478 519 2534 caelesti
566 2475 861 2532 desiderio.
940 2476 1144 2529 Littera
1184 2475 1310 2528 talis
1350 2483 1452 2528 est.
1531 2472 1616 2528 Ad
1654 2484 1892 2530 mentem

296 2569 452 2615 vero,
478 2553 576 2623 qui
597 2551 901 2621 sapientiae
916 2590 928 2612 ,
961 2549 1206 2602 iustitiae
1226 2550 1567 2618 caeterisque
1588 2548 1891 2604 virtutibus

397 2724 441 2770 *)
475 2723 572 2762 Vid.
614 2723 846 2764 Clementis
881 2722 1114 2763 Alexandr.
1149 2721 1305 2760 Strom.
1338 2722 1375 2766 1,
1415 2723 1454 2760 5.
1507 2720 1669 2760 Auch.
