2125 3084
190 157 282 228 [ῐι.
306 154 431 222 σοις]
698 173 705 180 ·
823 162 923 208 mr
954 162 1164 210 iona.
1693 155 1794 212 us

192 264 367 320 maris
392 259 629 318 radices:
716 261 835 334 Ego
862 261 983 318 vidi
1008 261 1198 336 abyssi
1233 262 1404 318 imum
1441 262 1667 334 pusillis
1705 263 1796 320 bis

192 338 401 403 oculis,
446 345 500 392 et
518 344 701 408 petras
723 337 781 392 in
800 336 985 394 medio
1002 335 1278 394 undarum
1295 337 1568 394 radicatos
1583 337 1800 394 lucem-

194 431 307 486 que
326 409 683 468 irradiantem
704 412 765 476 in
784 427 1053 484 aquarum
1071 411 1352 476 decorem,
1387 420 1598 468 aestum
1617 413 1798 470 unda-

196 505 321 544 rum
336 527 351 552 ‚
382 487 585 544 saltum
606 487 941 544 marinorum
958 486 1242 560 (piscium)
1259 485 1492 544 hilarem
1505 527 1521 552 ‚
1543 495 1600 542 et
1617 487 1800 544 varia-

194 573 337 620 tates
376 562 675 621 formarum
708 562 1054 620 animalium.
1141 563 1358 618 Novum
1395 562 1588 634 utique
1623 561 1798 618 alium

194 637 469 694 mundum
486 637 645 710 attigi
664 645 789 709 pont
805 638 975 696 istum
992 637 1298 694 humanum
1317 638 1376 692 in
1397 636 1524 710 fuga
1545 653 1666 692 mea
1679 677 1694 701 ‚
1741 646 1800 693 at

195 722 391 770 natans
408 727 539 770 cum
558 711 898 783 aquatilibus
918 713 1098 769 factus
1117 729 1242 768 sum
1262 728 1390 785 ego:
1431 711 1574 768 inter
1599 713 1798 786 gurgi·

194 797 281 844 tes
307 787 551 844 marinae
578 787 789 844 bestiae
818 805 967 844 more
995 788 1234 844 nutritus
1261 803 1386 843 sum
1415 795 1474 850 ,et
1501 786 1796 844 humidum

196 865 323 918 ae'ra
340 880 439 934 pro
458 863 615 918 arido
634 863 763 920 suxi
777 903 791 926 ,
834 863 1113 920 attrahens
1141 879 1214 918 ex
1229 863 1336 918 ceti
1354 862 1536 934 palato
1555 862 1796 934 respira-

195 939 403 994 tionem
418 977 431 1002 ,
456 946 653 994 etcum
674 937 853 1004 feroce
872 937 985 994 fera
1004 938 1204 994 saltavi
1217 977 1232 1001 ,
1255 945 1309 992 et
1325 945 1544 993 natante
1565 953 1798 994 concur-

194 1013 409 1068 rebam.
464 1011 692 1078 Quoties
708 1029 877 1085 super
896 1013 1124 1070 dorsum
1143 1013 1312 1068 maris
1331 1013 1578 1068 elevatus
1598 1012 1798 1071 ambu-

196 1088 411 1152 labam,
454 1094 510 1142 et
534 1104 633 1158 per
658 1090 767 1144 ceti
792 1087 982 1144 oculos
1019 1089 1167 1144 sicut
1203 1088 1446 1144 alienum
1479 1105 1796 1160 novumque

194 1163 317 1219 vidi
340 1161 628 1217 mundum.
692 1161 918 1230 Quoties
944 1164 1002 1218 in
1020 1162 1208 1219 medio
1226 1164 1414 1238 abyssi
1432 1163 1504 1220 ad
1522 1163 1692 1220 maris
1711 1165 1796 1220 it·

196 1239 393 1295 cebam
412 1238 607 1302 imum,
632 1237 701 1292 ad
720 1238 957 1294 bestiam
976 1237 1311 1296 contendens
1333 1238 1554 1296 fruebar
1573 1239 1790 1313 abysso,

195 1322 251 1370 et
270 1311 589 1375 cernebam,
620 1313 894 1384 quomodo
922 1315 1098 1370 imum
1131 1311 1206 1390 [Ἴ
1230 1315 1396 1372 maris
1424 1315 1568 1372 infra
1593 1316 1794 1380 stabat.

196 1389 399 1462 abysso
418 1389 659 1461 agitante
678 1389 859 1444 locum
880 1397 933 1444 et
954 1397 1182 1462 cogente
1201 1391 1404 1463 aperiri
1430 1399 1642 1463 portam
1661 1408 1796 1464 gur-

194 1467 357 1538 gitis,
402 1465 479 1519 ita
507 1472 571 1520 ut
594 1463 817 1535 copiose
843 1466 1133 1521 scaturiret
1155 1468 1336 1522 omnis
1357 1485 1518 1539 aqua.
1595 1467 1797 1522 Levia-

196 1541 329 1607 than
356 1548 542 1596 autem
568 1556 853 1611 opponens
882 1557 1084 1612 corpus
1112 1558 1278 1596 suum
1313 1544 1524 1616 gurgiti
1550 1543 1796 1616 globulis

196 1615 481 1687 operiebat
501 1615 618 1670 loca
639 1614 937 1687 discerpta,
952 1617 1098 1672 sicut
1117 1619 1291 1674 victor
1307 1616 1582 1689 intrepide
1597 1633 1800 1689 super·-

196 1689 397 1744 sedens
424 1697 637 1744 tantum
664 1693 930 1748 scaturire
956 1692 1309 1764 permittebat
1333 1693 1569 1765 gurgiti,
1617 1708 1800 1763 quan·-

196 1775 318 1820 tum
346 1780 547 1835 corpus
576 1764 697 1820 illic
723 1767 909 1822 iacens
936 1767 1173 1824 sinebat.
1260 1769 1462 1838 Neque
1484 1766 1588 1822 hoc
1615 1767 1798 1820 solum

196 1837 529 1913 (videbam),
572 1840 671 1895 sed
700 1841 867 1914 etiam
896 1851 951 1901 et
980 1842 1129 1898 unde
1155 1841 1432 1914 incognita
1451 1855 1672 1912 quoque
1691 1838 1799 1896 flu-

196 1915 351 1971 mina
380 1923 683 1970 nascuntur
708 1924 765 1970 et
790 1917 938 1974 unde
966 1920 1027 1974 in
1054 1916 1232 1972 fontes
1249 1925 1468 1972 emanat
1483 1914 1792 1980 diluvium,

196 1999 255 2046 et
274 1989 375 2045 ubi
396 1991 737 2052 consumitur
756 1993 1228 2066 semper-'surgens
1243 1993 1520 2064 scaturigo
1533 2031 1547 2055 ‚
1585 1999 1638 2046 et
1658 2007 1798 2061 quo-

197 2060 363 2122 modo
385 2063 535 2120 faece
556 2065 762 2122 mixtus
782 2078 967 2140 potus.
1009 2069 1188 2139 Atque
1207 2076 1476 2139 quantum
1497 2066 1666 2123 facies
1687 2065 1799 2122 for-

196 2157 323 2196 mae
342 2149 583 2196 cetorum
614 2141 899 2200 horribilis
924 2146 1027 2208 sit,
1059 2151 1440 2214 quantumque
1458 2142 1798 2198 terrestrium

196 2217 498 2272 formarum
519 2217 945 2296 similitudinem
964 2235 1098 2289 prae,
1115 2236 1177 2272 se
1199 2217 1378 2274 ferunt
1403 2235 1476 2273 ex
1493 2235 1601 2272 una
1622 2225 1794 2289 parte.

197 2289 640 2363 quadrupliciter
674 2292 935 2349 ferocior-e
954 2293 1260 2366 gaudentes
1288 2302 1508 2358 natura,
1551 2301 1604 2347 et
1620 2307 1800 2362 quan-

196 2375 319 2422 tum
346 2367 511 2422 amici
542 2366 733 2424 dilecti
764 2370 909 2425 inter
934 2385 995 2424 se
1025 2368 1265 2425 invicem
1285 2369 1722 2440 comperiuntur,
1746 2374 1802 2420 et
1843 2434 1851 2443 ⁶

196 2441 419 2512 quoties
463 2450 646 2496 contra
692 2461 755 2497 se
792 2452 983 2499 mutuo
1019 2442 1213 2500 dentes
1253 2443 1560 2500 mittebant.
1655 2441 1800 2496 Haec

196 2515 386 2572 omnia
406 2517 911 2574 circumambulans
928 2517 1212 2578 ⁴videbam.

315 2623 401 2676 43.
422 2622 583 2678 -Mihi
604 2633 788 2680 autem
808 2625 1129 2681 admiranda
1149 2626 1286 2681 haec
1305 2632 1484 2680 erant:
1526 2620 1800 2696 quomodo

198 2713 371 2768 super
390 2713 541 2752 mare
560 2705 666 2756 stat
684 2717 825 2756 onus
846 2699 1092 2774 rigidum
1111 2719 1174 2756 ac
1201 2699 1440 2758 solidum
1457 2742 1470 2764 ,
1499 2697 1677 2755 fluida
1701 2715 1801 2752 na·
