2125 3084
191 212 282 279 [IL
307 208 430 275 37⁷]
549 214 632 258 IN
673 214 1026 259 GENESIN.
1066 214 1321 259 SERMO
1358 216 1442 263 lv.
1714 210 1811 262 497

194 326 250 373 et
279 314 530 371 iustitiae
558 312 628 386 (s.
659 314 806 368 iusto
835 312 1025 386 soli)*)
1055 322 1187 369 sunt
1214 317 1585 380 necessariae,
1627 318 1807 390 magis

194 389 463 463 expedire
486 389 739 447 aestimat
757 389 1044 443 materiam
1063 388 1221 445 illam
1234 430 1247 453 ‚
1290 405 1433 459 quae
1459 391 1607 461 ignis
1627 393 1805 464 magis

193 463 576 521 succendendi
606 480 772 519 causa
801 472 911 527 est,
953 463 1161 519 auferri
1189 464 1260 519 ab
1288 464 1543 536 improbo
1562 466 1715 521 velut
1734 467 1806 521 ab

192 543 327 614 igne
355 555 457 612 pro
485 554 703 593 morum
733 540 792 593 in
819 538 1020 593 melius
1041 540 1371 607 mutation03
1417 556 1561 610 quae
1580 556 1688 593 non
1706 558 1808 595 no·—

194 624 282 673 eet
306 613 378 687 (s.
399 630 511 671 non
532 621 615 668 est
633 630 774 668 noxa
793 654 806 677 ,
840 612 1126 687 damnum)
1140 654 1154 677 .
1184 612 1289 669 sed
1306 628 1573 685 magnum
1592 614 1808 669 emolu·

194 698 446 745 mentum
466 696 624 760 purat
643 688 752 751 illi,
775 688 876 759 qui
894 696 1052 759 putat
1070 705 1132 743 se
1150 688 1353 743 damno
1372 686 1542 743 affici.
1602 689 1807 743 Littera

192 766 332 821 haec
352 772 455 819 est.
534 762 620 817 Ad
641 770 882 819 mentem
903 779 1034 818 vero
1053 763 1346 818 sciendum
1368 771 1477 827 est,
1518 762 1670 834 quod
1697 779 1806 818 non

195 841 266 896 de
295 838 480 894 brutis
512 836 848 893 animalibus
876 854 1058 909 neque
1084 836 1535 911 possessionibus
1564 838 1655 897 vel
1687 835 1807 892 fru-

192 914 380 971 ctibus
410 912 704 985 carpendis
732 928 853 967 esse
882 928 1193 968 sermonem
1218 913 1491 984 sapientis
1520 912 1806 987 iegislato-
1856 905 1873 919 ‘

191 992 273 1045 ris
293 988 480 1064 potius
495 1029 507 1053 ,
537 1004 707 1063 quam
727 986 795 1043 de
817 988 1032 1042 animae
1053 996 1199 1043 statu
1208 992 1225 1041 .'
1302 986 1593 1061 Siquidem
1613 1004 1686 1045 ex
1704 1004 1806 1043 na-

191 1074 318 1121 tura
353 1062 758 1139 primogenitus
797 1063 1085 1133 maiorque
1122 1070 1255 1117 natu
1292 1070 1376 1118 est
1414 1071 1567 1117 actus
1602 1078 1805 1117 secun-

190 1140 334 1195 dum
371 1136 618 1211 singulas
657 1137 918 1203 virtuteS‚
969 1154 1108 1209 quas
1148 1136 1377 1209 quidem
1403 1145 1704 1193 commutat
1732 1136 1801 1211 (s.

143 1280 154 1285 ,
189 1213 495 1287 mutuatur)
531 1220 585 1269 et
621 1228 829 1289 pravus
869 1213 992 1285 ipse
1020 1213 1092 1268 ob
1122 1212 1421 1269 multorum
1447 1214 1795 1286 opinionem3

190 1305 306 1344 non
331 1288 478 1342 enim
497 1286 633 1342 adeo
653 1290 951 1359 quisquam
971 1289 1239 1345 insanivit
1265 1289 1696 1352 insensatorum,
1738 1296 1803 1343 ut

187 1364 532 1437 promitteret
551 1362 760 1417 malum
779 1379 902 1417 esse
925 1361 1133 1436 (velle).
1212 1363 1356 1419 Dicit
1381 1380 1513 1437 ergo
1541 1364 1621 1417 ei:
1672 1362 1799 1419 Noli

189 1455 414 1496 omnem
434 1438 724 1493 veritatem
744 1438 1084 1494 mendaciter
1101 1446 1195 1494 aut
1214 1438 1368 1494 velut
1392 1440 1453 1494 in
1483 1438 1799 1511 spectaculo

189 1512 498 1571 deridendo
527 1511 848 1578 deturbare,
889 1512 990 1569 sed
1019 1512 1190 1569 fatere
1218 1514 1357 1579 iam,
1404 1515 1554 1587 quod
1579 1514 1685 1570 tibi
1706 1514 1797 1568 in-

189 1588 514 1652 familiaria.
547 1587 647 1643 vix
663 1589 906 1661 genuina
919 1628 934 1653 ,
963 1588 1062 1645 sed
1080 1589 1261 1647 aliena
1277 1592 1557 1661 possessio
1578 1598 1661 1645 est
1679 1590 1799 1645 vir·-

265 1764 311 1813 ¹)
329 1765 520 1804 Priorem
539 1763 766 1803 lectionem
785 1762 867 1803 fert
885 1762 979 1802 eod.
999 1761 1052 1809 A,
1072 1762 1352 1811 posteriorem
1371 1758 1495 1801 codd.
1516 1758 1607 1799 OD.
1635 1757 1795 1798 Auen.

187 1989 483 2047 lioratione
509 2004 754 2054 morum,
795 1988 872 2043 ita
902 2004 1010 2043 non
1041 1985 1223 2049 fraus,
1266 1982 1366 2039 sed
1390 1980 1670 2057 profectus
1708 2000 1801 2038 ao-

186 2065 440 2138 quiritur
455 2080 553 2136 pro
573 2063 923 2119 detrimento.
979 2061 1178 2117 Altiori
1199 2076 1330 2115 sane
1347 2058 1634 2115 intellectu
1654 2059 1802 2113 scire

185 2146 430 2213 oportet,
471 2140 779 2211 sapientem
805 2154 916 2193 non
935 2136 1006 2191 de
1027 2136 1307 2192 animaliis
1329 2144 1422 2191 aut
1440 2132 1687 2207 praediis
1708 2132 1798 2187 vel

186 2215 448 2288 pecuniis
465 2222 697 2269 tractare
712 2253 725 2278 ‚
758 2211 859 2267 sed
877 2229 978 2287 pro
999 2212 1304 2269 constantia
1324 2211 1539 2266 animae
1554 2250 1569 2273 ‚
1601 2224 1801 2280 quam-

185 2290 280 2345 vis
301 2294 572 2358 primitiae
596 2288 710 2343 sint
729 2295 782 2344 et
803 2288 1141 2359 antiquiores
1164 2286 1511 2359 singularum
1529 2283 1799 2337 virtutum
1836 2314 1845 2320 -

187 2363 368 2420 fontes
383 2404 398 2428 ‚
438 2380 709 2435 aquarum
735 2363 904 2419 etiam
921 2379 1130 2433 pravus
1148 2378 1249 2433 pro
1268 2358 1583 2417 testimonio
1602 2357 1801 2413 existi-

187 2440 452 2494 mationis
479 2445 739 2510 usurpem
793 2437 984 2493 nullus
1011 2439 1161 2493 enim
1181 2438 1258 2493 ita
1275 2436 1505 2490 insanus
1522 2439 1636 2495 est,
1672 2430 1802 2487 lieet

185 2514 466 2586 insipiens
482 2554 495 2577 ‚
537 2521 604 2569 nt
629 2513 814 2585 palam
844 2511 1163 2584 profiteatur
1189 2510 1480 2565 malitiam.
1558 2506 1651 2563 Ait
1670 2521 1801 2579 ergo

187 2588 278 2644 illi
309 2588 622 2644 subtiliter:
679 2588 802 2643 Noli
834 2587 1087 2652 mentiri,
1122 2603 1191 2642 ne
1210 2594 1473 2655 tanquam
1494 2584 1553 2639 in
1570 2580 1800 2653 speculo

187 2662 377 2734 (marg.
409 2662 746 2735 spectaculo)
775 2661 900 2719 fieta
928 2662 1161 2717 veritate
1190 2658 1485 2731 polluar-ie,
1526 2656 1627 2714 sed
1667 2673 1800 2713 oon·-

188 2737 346 2794 fitere
375 2739 490 2793 iam
521 2754 670 2793 nuno
699 2738 932 2793 alienam
963 2752 1179 2791 morum
1196 2743 1417 2791 tuorum
1434 2750 1556 2791 esse
1574 2734 1801 2805 sepien-
