2125 3084
352 155 415 208 56
794 159 1162 206 ΡΗιιοΝιε
1207 157 1480 205 mnAm
1759 153 1830 219 [1‚
1853 156 1966 221 tm]

352 262 481 316 dine
500 259 573 315 ob
590 274 757 332 opum
776 260 989 332 copiam
1015 275 1282 331 superaus
1309 275 1526 314 omnem
1553 273 1713 313 suam
1740 258 1964 314 volun-

350 345 515 390 tatem
554 336 824 402 exercuit,
872 336 1113 406 corporis
1151 336 1313 389 etiam
1352 333 1577 387 libidini
1616 332 1958 406 indulgens·

352 411 536 466 Rediit
555 411 721 464 etiam
741 426 967 464 securus
987 425 1057 464 ex
1077 409 1256 482 longis
1276 408 1820 480 peregrinationibus
1836 450 1852 472 ,
1898 419 1961 464 et

354 487 636 540 iuventute
673 486 748 538 ita
787 484 937 539 felici
976 500 1039 537 ac
1069 484 1213 538 vitae
1241 483 1531 537 securitate
1559 499 1697 536 usus
1727 491 1844 548 est,
1889 493 1959 538 ut

354 561 491 615 duas
510 559 771 614 mulieres
790 559 900 614 sibi
922 556 1145 613 duxerit
1158 598 1174 622 ,
1204 573 1372 613 unam
1393 557 1745 629 Syracusiam
1761 598 1774 621 ,
1807 557 1956 612 alte-

352 653 467 690 ram
496 636 838 689 Locrensem.
921 633 1007 686 Ex
1040 631 1333 704 Syracusia
1369 633 1676 702 procreavit
1705 633 1954 704 Hypati-

351 727 481 764 num
499 751 512 774 ‚
554 710 833 772 Nauseon‚
876 705 1093 766 Aretem
1119 705 1426 778 (Virtutem)
1455 714 1509 761 et
1529 705 1952 780 Sophrosynam

351 781 748 857 (Sobrietatem)
764 823 777 846 ,
820 797 891 836 ex
919 781 1176 836 Locrensi
1197 798 1334 836 -vero
1352 782 1785 846 Hermocritum‚·
1816 781 1951 836 Dio-

352 861 573 932 nysium
586 900 599 923 ,
623 859 854 929 turpiter
873 857 1246 912 contaminans
1268 856 1534 911 virtutum
1554 854 1946 928 (δικαιοσυνῶν)

351 935 598 997 nomina,
635 930 707 1007 [*]
738 931 943 1004 quibus
973 932 1094 1002 ipse
1124 931 1388 988 contraria
1416 929 1768 1001 operabatur.
1831 931 1944 986 Ad-

349 1009 486 1065 haec
507 1016 686 1080 autem
706 1024 806 1062 nec
826 1006 965 1061 vidit
984 1013 1209 1060 mortem
1231 1005 1401 1076 prolis
1421 1001 1510 1060 'vel
1529 1005 1587 1058 in
1615 1007 1742 1076 ipsa
1771 1005 1943 1066 fortu—

350 1092 474 1139 nata
513 1091 653 1138 sorte
690 1089 977 1154 provectae
1014 1080 1339 1150 senectutis,
1386 1081 1497 1134 imo
1524 1079 1940 1135 filiosfiliorum

355 1157 571 1213 adultos
592 1165 763 1211 aetate
783 1156 972 1211 videre
990 1156 1188 1227 potuit.
1254 1153 1536 1208 Praetereo
1557 1155 1664 1208 alia
1685 1171 1942 1226 quaeque

350 1247 796 1294 commemorare,
840 1248 983 1302 quae
1012 1229 1428 1303 Syracusiorum
1468 1237 1758 1284 cantorum
1794 1232 1938 1285 vires

350 1313 676 1377 superarunt
694 1305 1021 1376 tabulasque
1040 1303 1373 1376 (pictorum).
1445 1305 1527 1358 Ita
1543 1321 1675 1358 sane
1694 1301 1942 1360 iucundo

348 1380 623 1450 hilarique
644 1381 825 1446 animo
844 1381 1031 1435 multis
1052 1380 1210 1434 annis
1230 1380 1290 1432 in
1311 1378 1517 1432 laetitia
1536 1380 1799 1449 peractis,
1825 1397 1945 1434 cor·-

347 1471 480 1526 pore
509 1454 799 1523 animoque
831 1453 967 1508 felix
994 1453 1063 1508 ad
1093 1471 1193 1508 sua
1221 1453 1398 1508 redux
1427 1452 1531 1508 fuit
1550 1453 1671 1507 sine
1691 1452 1950 1518 fastidio,-

350 1529 555 1599 0ptima
576 1535 851 1582 senectute
873 1527 1060 1582 fruens
1083 1545 1148 1582 ac
1165 1529 1438 1584 conviviis
1458 1544 1557 1599 pro
1577 1536 1851 1599 tempore.

460 1633 514 1686 7.
554 1631 803 1688 Attamen
824 1631 971 1687 filius
993 1633 1114 1688 eius
1129 1674 1142 1698 ‚
1177 1633 1403 1704 fortasse
1425 1633 1552 1704 quis
1573 1631 1811 1697 dixerit,
1839 1652 1942 1690 non

350 1707 518 1764 modo
532 1699 737 1763 excidit
756 1725 787 1762 a
806 1707 1122 1779 principatu
1137 1749 1149 1772 ‚
1191 1707 1290 1762 sed
1309 1708 1475 1762 etiam
1494 1716 1602 1763 tota
1623 1707 1824 1786 Sicilia
1847 1727 1944 1763 ex-

349 1785 545 1858 pulsus
566 1783 886 1840 Corinthum
905 1783 1076 1856 fugit,
1102 1783 1318 1838 nullum
1335 1800 1464 1854 prae
1486 1799 1544 1837 se
1567 1782 1751 1837 ferens
1773 1784 1944 1839 vesti-

350 1862 506 1933 gium
543 1859 828 1933 dignitatis
858 1857 949 1914 'aut
980 1858 1258 1914 felicitatis
1283 1858 1510 1929 prioris,
1551 1858 1775 1912 nullum
1804 1876 1941 1930 opu-

350 1936 549 1990 lentiae
569 1936 767 2007 prioris
787 1935 1135 2008 insignisque
1165 1932 1454 1988 claritatis:
1517 1933 1593 1987 ita
1621 1941 1684 1987 ut
1712 1933 1935 1996 deinde,

349 2027 419 2064 ne
457 2010 598 2065 fame
636 2011 865 2081 periret,
910 2008 1158 2065 mercede
1195 2006 1497 2063 conductus
1516 2007 1938 2063 *Corinthiorum

349 2085 690 2140 iuventutem
738 2084 946 2139 litteras
992 2083 1211 2139 doceret
1245 2091 1298 2137 et
1333 2089 1551 2137 cantum
1592 2084 1932 2144 cantatrices,

349 2160 439 2213 vel
468 2159 675 2214 invitus
703 2158 1081 2214 satisfacturus
1110 2158 1274 2212 dirae‘
1291 2157 1540 2230 egestati.
1616 2156 1786 2212 Porro
1815 2158 1934 2230 quis

348 2234 408 2288 in
430 2251 593 2289 causa
615 2234 735 2288 eius
754 2234 835 2287 rei
855 2231 993 2288 fuit?
1046 2250 1172 2287 nam
1193 2232 1357 2286 deum
1379 2232 1562 2302 dicere
1583 2231 1760 2286 nefaS.
1827 2233 1934 2287 Nec

350 2309 498 2362 enim
527 2309 689 2362 homo
716 2306 1054 2371 moderatus,
1097 2308 1168 2361 iis
1195 2307 1417 2361 omissis
1445 2307 1544 2378 qui
1572 2307 1838 2362 iniuriam
1859 2306 1935 2367 fa-

349 2383 529 2446 ciunt,
570 2382 629 2435 in
648 2383 925 2452 proximos
946 2399 1134 2436 eorum
1153 2381 1279 2436 odio
1298 2380 1470 2436 fertur
1483 2421 1496 2445 ,
1536 2381 1614 2436 ita
1635 2389 1696 2436 ut
1715 2382 1934 2436 omissis

348 2457 541 2522 poenis
580 2456 639 2508 in
680 2455 944 2509 obnoxios
981 2456 1040 2509 in
1079 2457 1424 2511 innocentem
1467 2455 1712 2510 cumulet
1749 2455 1935 2510 vindi-

348 2533 509 2579 ctam.
587 2526 722 2592 Quis
742 2544 1004 2599 umquam
1030 2530 1442 2601 magistrorum,
1484 2532 1726 2601 graviter
1758 2530 1936 2588 ferens

346 2597 657 2660 tarditatem,
682 2600 1108 2673 discipulorum,
1148 2619 1335 2658 eorum
1365 2610 1620 2675 cognatos
1657 2621 1758 2675 pro
1799 2605 1940 2676 ipsis

349 2669 690 2738 castigandos
719 2675 985 2746 accipiat?
1035 2677 1206 2731 Nemo
1233 2695 1514 2750 umquam.
1595 2679 1656 2733 Si
1683 2679 1942 2736 medicus
