2125 3084
366 162 459 215 442
800 168 1170 215 rmnoms
1213 167 1510 214 mnam·
1751 163 1832 229 [1‚
1861 166 2014 231 πει]

466 270 552 322 56.
592 268 872 340 Equorum
892 276 1076 323 autem
1103 284 1278 342 genus
1299 267 1434 323 adeo
1453 266 1728 339 cupidum
1751 278 1852 324 est
1878 270 2002 325 ho-

358 344 533 407 noris,
576 351 639 399 ut
668 344 727 397 in
756 344 877 415 ipsa
906 344 1017 398 iam
1044 344 1274 399 Graecia
1301 351 1462 414 atque
1493 342 1644 414 apud
1663 342 1988 407 barban-oe.

358 418 503 473 sicut
529 417 870 481 bominibus,
912 419 987 473 ita
1014 419 1180 473 etiam
1207 420 1370 489 equis
1395 418 1646 471 certatim
1675 422 1988 475 currenti-

358 492 463 547 bus
490 493 799 564 praemium
824 500 1146 564 apponatur.
1223 494 1291 547 Et
1307 509 1416 547 non
1433 492 1616 547 solum
1635 494 1697 547 in
1721 494 1982 549 minori-

358 567 463 621 hus
482 568 867 641 congressibus
882 608 895 631 ‚
918 584 1156 639 quorum
1173 568 1376 639 exigua
1395 576 1479 621 est
1496 568 1638 621 ratio
1651 608 1664 631 ‚
1695 568 1808 623 sed
1831 578 1896 624 et
1917 571 1976 623 in
2083 564 2085 571 ’

356 642 527 697 sacris
546 642 936 698 certaminibus
951 683 964 706 ,
1005 641 1075 697 ad
1103 658 1244 713 quae
1263 659 1334 697 ex
1351 641 1483 696 orbe
1499 650 1780 697 terrarum
1799 646 1974 699 veni-

356 724 457 773 unt
472 718 843 791 congregatim
858 716 930 771 ob
949 718 1130 772 varias
1150 718 1489 771 necessitatis
1509 718 1753 788 species,
1781 719 1970 790 aliqui

358 801 576 864 propter
608 791 1043 847 colluctationem
1081 808 1180 862 spe
1221 792 1478 847 victoriae
1494 832 1506 855 ‚
1548 792 1789 863 quidam
1831 810 1968 849 vero

356 866 632 923 desiderio
658 866 955 939 spectaculi
983 865 1202 921 visendi
1233 883 1295 921 ac
1322 865 1575 920 nonnulli
1605 867 1679 921 ob
1701 868 1962 943 negotia-

356 942 585 1009 tionem;
643 943 903 1013 quoniam
935 942 1234 1013 paratiores
1268 949 1397 995 sunt
1431 941 1745 997 voluntates
1785 943 1956 998 adve-

356 1016 626 1072 nientium
656 1018 713 1072 in
740 1026 954 1071 coetum
974 1014 1302 1080 solemnem,
1343 1014 1542 1087 pudori
1572 1014 1795 1074 ducunt
1819 1017 1947 1080 sibi,

356 1092 403 1167 si
426 1109 489 1147 eo
508 1092 715 1164 egressi
736 1092 876 1146 nihil
899 1090 955 1145 in
976 1090 1201 1149 domum
1219 1089 1570 1147 adduxerint.

466 1216 551 1269 57.
592 1216 811 1287 Apertis
836 1217 1021 1289 itaque
1050 1215 1288 1271 heroicis
1317 1216 1544 1271 theatris
1573 1217 1942 1289 cursibusque

355 1306 619 1361 equorum
634 1332 646 1353 ‚
672 1290 820 1345 ludis
840 1290 1144 1365 olympicis
1158 1333 1170 1355 ‚
1195 1292 1506 1354 NemeaeiS,
1531 1291 1751 1365 Pythiis
1767 1333 1781 1356 ,
1806 1293 1942 1347 Isth-

356 1366 511 1427 miiS‚
554 1380 849 1436 agasonum
876 1382 1096 1437 quoque
1123 1364 1369 1420 studium
1395 1365 1589 1421 videre
1615 1375 1702 1422 est
1721 1376 1778 1422 et
1799 1368 1938 1422 diras

354 1456 512 1495 curas
532 1438 863 1503 ineffabiles,
896 1441 1174 1512 impensas
1194 1440 1696 1523 sine0parsimonia‚
1729 1442 1934 1497 stabula

353 1514 783 1569 construentium
804 1530 903 1585 pro
920 1518 1100 1587 equis,
1115 1515 1267 1570 cibos
1284 1517 1593 1587 parantium
1614 1517 1934 1572 locantium-

353 1604 462 1661 que
500 1589 883 1645 exercitatores
918 1588 987 1655 (s.
1008 1591 1400 1664 instructores)
1415 1630 1428 1654 ‚
1479 1592 1578 1661 qui
1615 1592 1930 1646 animalium

352 1664 695 1721 velocitatem
716 1665 1018 1721 naturalem
1046 1666 1286 1721 excitent
1310 1674 1613 1736 acuantque
1631 1683 1735 1737 per
1752 1683 1930 1721 curam
2081 1672 2083 1701 ²

353 1747 407 1796 et
445 1740 785 1795 alimentum.
880 1740 1107 1808 Quando
1151 1740 1463 1795 certaminis
1499 1749 1720 1812 tempus
1766 1742 1922 1803 venit,
2081 1704 2083 1776 i

352 1817 574 1871 iamiam
594 1834 710 1871 rem
730 1816 920 1880 sentit,
948 1814 1146 1871 videns
1166 1814 1299 1869 circi
1319 1832 1581 1870 carceres„
1646 1814 1800 1870 Unde
1821 1816 1927 1887 pri·

353 1909 504 1946 mum
524 1892 767 1946 irritatur
778 1890 847 1945 ad
856 1890 1216 1946 resiliendum
1237 1890 1496 1945 velociter
1514 1888 1766 1962 disrupto
1785 1891 1923 1945 clau-

353 1974 489 2030 str0‚
532 1964 733 2021 deinde
763 1966 904 2021 foras
934 1966 1168 2020 emissus
1199 1965 1378 2020 evolat
1409 1974 1570 2037 atque
1601 1965 1816 2039 longius
1833 1983 1920 2038 per

354 2040 754 2113 longitudinem
776 2039 1027 2095 festinato
1047 2057 1214 2095 cursu
1234 2041 1432 2113 satagit
1450 2057 1759 2114 properare.

462 2168 547 2219 58.
587 2165 729 2219 Ecce
754 2165 959 2219 nudius
983 2166 1176 2221 tertius
1210 2167 1413 2220 mirum
1449 2164 1818 2237 spectaculum
1846 2162 1910 2241 [Ἴ

350 2239 549 2293 multas
574 2240 859 2295 hominum
888 2240 1162 2313 myriadas
1189 2240 1572 2313 obstupefecit.
1629 2242 1759 2296 Erat
1784 2242 1911 2296 enim

351 2322 620 2368 certamen
639 2314 1031 2386 quadrigarum
1052 2323 1260 2386 septem
1280 2316 1741 2370 concurrentium.
1795 2316 1909 2372 Cae-

348 2388 479 2440 teris
507 2405 637 2459 ergo
666 2396 790 2459 post
816 2389 1226 2444 remanentibus
1242 2430 1254 2453 ‚
1297 2390 1438 2445 duae
1466 2390 1752 2445 velocitate
1769 2408 1906 2463 prae-

345 2459 590 2514 valentes
629 2462 1027 2517 contendebant
1069 2480 1241 2535 aequo
1278 2474 1474 2528 marte,
1518 2466 1728 2537 aurigis
1764 2466 1902 2520 etiam

345 2530 449 2610 etsi
469 2548 576 2585 non
597 2534 915 2604 corporibus
930 2577 942 2598 ‚
987 2536 1181 2591 saltem
1203 2538 1373 2593 animi
1395 2539 1522 2593 nisu
1536 2579 1548 2602 ‚
1581 2538 1902 2609 quantumin

344 2616 425 2650 els
442 2612 591 2685 ferat,
632 2610 1110 2677 concurrentibus3
1175 2621 1228 2666 at
1255 2629 1400 2666 unus
1423 2620 1610 2684 raptus
1631 2612 1903 2668 ambitione

342 2672 540 2726 cecidit
568 2676 717 2731 haud
743 2679 857 2734 sibi
885 2684 1158 2738 conscius.
1238 2687 1392 2742 Tunc
1419 2688 1549 2759 equi
1577 2687 1818 2743 destituti
1833 2689 1902 2756 ab
