2125 3084
161 175 255 240 [11,
281 172 399 237 em]
800 180 901 223 DE
944 180 1150 227 IONA.
1663 176 1754 229 454

162 278 377 352 privati
398 277 744 332 commodum
764 287 1074 336 constructa
1085 278 1135 351 ³¹⁵)
1149 320 1162 343 ‚
1191 282 1335 335 muri
1357 280 1585 336 formam
1604 299 1764 354 gere·-

166 372 231 408 re
252 352 565 417 videbatur,
579 354 729 407 intus
750 362 931 409 autem
950 354 1402 425 tranquillitatem
1421 373 1648 428 serenae&
1663 358 1763 415 do-

165 446 297 484 mus
316 427 609 483 efficiebat.
672 428 789 500 Ego
811 430 1019 483 veroin
1038 428 1280 499 plantam
1303 428 1662 501 (rationalem,
1684 433 1764 486 si-

164 521 237 559 ve
266 502 525 576 infantes)
555 504 667 561 iam
696 512 853 559 antea
882 512 1106 574 paterna
1137 505 1608 563 commiseratione
1634 522 1766 561 con-

163 578 415 651 spiciens
430 618 443 643 ‚
487 579 750 633 misertus
774 596 897 633 sum
926 586 979 649 et
1012 578 1292 635 miseriam
1329 579 1666 649 perditorum
1705 581 1765 635 in

165 654 511 723 voluptatem
529 654 841 725 genitorum
862 654 1242 717 transmutavi,
1267 662 1430 725 atque
1449 654 1542 711 his
1561 654 1764 713 adauxi

166 745 361 783 eorum
382 730 684 783 civitatem.
761 729 993 783 Nuncne
1014 744 1142 800 ergo
1164 728 1444 785 destruam
1461 731 1760 802 regionem,

164 813 225 858 et
242 804 461 857 iussum
480 802 621 857 dabo
642 803 921 858 civitatem
942 802 1229 859 hominum
1249 805 1552 875 corrumpi,
1587 804 1687 861 uhi
1705 814 1766 861 tu

164 877 906 948 corruptionem-umbraculi
922 893 1031 933 non
1051 880 1280 949 potuisti
1299 878 1560 936 sufferre?

286 1004 371 1057 5⁴.
422 1002 619 1059 Verum
652 1012 712 1059 tu
741 1004 1021 1059 sciscitare
1053 1004 1374 1075 agricolam,
1417 1004 1767 1077 quandoqui-

164 1078 302 1150 dem
340 1085 393 1131 et
428 1094 584 1164 agros
622 1079 997 1167 persequeriS‚
1054 1076 1321 1165 effugiens
1366 1077 1440 1156 [Ἴ
1484 1080 1760 1167 civitates:

163 1154 321 1208 Num
350 1168 477 1226 qu1s
506 1170 563 1207 1n
595 1150 923 1213 domesticas
944 1150 1363 1227 fructiferasque
1385 1154 1672 1229 neghgens
1695 1162 1768 1211 s1t

162 1224 425 1301 plantas?
462 1244 593 1283 num
622 1246 870 1286 securem
900 1230 958 1285 in
988 1229 1155 1287 utiles
1186 1230 1404 1285 arbores
1439 1226 1660 1285 afferat?
1697 1247 1765 1284 an
1842 1279 1853 1285 ,

164 1302 471 1375 quisquam
499 1303 557 1357 in
588 1303 804 1374 plantae
834 1303 1019 1359 labore
1048 1321 1108 1361 se
1137 1305 1410 1361 incuriose
1439 1304 1638 1362 habeat
1667 1322 1766 1377 pro
1801 1309 1818 1318 “

164 1376 359 1434 radice
388 1378 757 1451 assequenda,
790 1378 879 1435 vel
903 1378 1063 1433 facile
1086 1380 1284 1437 evellat
1303 1381 1524 1435 iamiam
1553 1382 1648 1435 vix
1668 1380 1767 1433 de—

166 1471 325 1511 mum
352 1452 687 1585 plantatam?
722 1454 912 1525 Nonne
941 1454 1126 1529 potius
1147 1472 1206 1509 se
1227 1473 1440 1511 armans
1464 1464 1648 1515 contra
1665 1454 1770 1510 ve-'

164 1528 355 1603 getabi
380 1546 469 1589 em
496 1537 747 1585 naturam
776 1527 1120 1587 deficientem
1147 1530 1382 1587 multum
1421 1530 1624 1587 laboris
1659 1532 1766 1587 im-

164 1604 389 1676 pendit,
414 1603 708 1661 alliciendo
727 1604 945 1677 plantae
965 1613 1232 1670 naturam,
1257 1616 1310 1661 et
1329 1606 1624 1661 reficiendo
1645 1623 1765 1661 eam

162 1696 268 1751 per
298 1696 486 1735 curam
516 1677 795 1743 sedulam,
840 1688 902 1738 ut
936 1688 1202 1751 quantum
1231 1681 1298 1735 ab
1327 1682 1566 1737 externis
1597 1682 1768 1735 susti-

166 1754 357 1808 nuerit
387 1752 633 1816 damniS‚
664 1760 874 1810 tantum
902 1772 972 1809 ex
992 1756 1262 1827 agricolae
1284 1756 1566 1809 laboribus
1588 1756 1766 1808 nutri-

166 1838 227 1882 ta
244 1868 257 1891 ‚
292 1835 411 1883 tum
431 1826 680 1901 proprias
701 1828 847 1905 vires
869 1829 927 1885 in
948 1847 1007 1885 se
1029 1829 1280 1903 colligat,
1312 1838 1427 1883 tum
1450 1828 1767 1885 infertilita-

165 1913 285 1958 tem
304 1902 363 1956 in
385 1900 719 1959 feracitatem
740 1902 947 1963 vertat?
972 1905 1092 1959 Non
1114 1904 1272 1959 vides
1287 1943 1300 1969 ,
1325 1902 1584 1958 arefactas
1607 1902 1768 1957 arbo-

167 1996 261 2031 res
292 1976 565 2047 quomodo
586 1976 1197 2053 humificantagricolae
1213 2019 1226 2041 ,
1265 1986 1357 2031 aut
1377 1976 1571 2032 subtili
1592 1984 1767 2033 terrae

167 2054 415 2107 scissura
450 2052 589 2107 facta
625 2054 916 2107 transitum
953 2071 1126 2125 aquae
1172 2052 1380 2108 faciunt
1423 2052 1760 2125 expeditum,

168 2136 270 2183 aut
298 2127 442 2181 circa
472 2128 719 2184 arborem
748 2126 952 2185 fossam
978 2127 1197 2183 fodiunt
1229 2128 1414 2201 poculi
1452 2129 1649 2191 instar,
1705 2136 1766 2181 ut
1790 2172 1796 2187 ,

167 2211 427 2258 manente
454 2202 512 2259 in
534 2221 595 2259 ea
619 2220 760 2279 aqua
781 2204 963 2269 illam,
996 2220 1164 2277 quam
1188 2204 1284 2258 vix
1301 2210 1548 2276 poterant
1568 2203 1766 2275 irriga-

167 2296 255 2342 re,
304 2277 555 2334 foveant?
592 2280 710 2337 Non
748 2278 930 2343 vides,
980 2278 1254 2367 quomodo
1289 2278 1446 2333 humi
1485 2285 1764 2351 serpentes

168 2354 423 2409 surculos
448 2354 535 2410 vel
566 2354 633 2409 ad
654 2362 853 2409 terram
874 2353 1164 2411 inclinatos
1184 2353 1515 2415 industriose
1540 2354 1764 2407 calamis

167 2428 393 2503 (fulcris)
416 2432 653 2502 erigunt,
676 2438 737 2483 ut
755 2426 973 2501 pondus
996 2430 1274 2485 fructuum
1285 2427 1612 2484 sublevent?
1625 2445 1765 2501 quo-

168 2505 334 2559 modo
375 2506 537 2560 etiam
577 2505 827 2559 utiliores
858 2504 1074 2581 plantas
1109 2503 1393 2560 inserunt?
1439 2504 1547 2560 Cur
1583 2514 1764 2561 autem
1792 2571 1794 2575 ,

276 2672 319 2721 θ’)
373 2686 408 2714 s.
436 2676 695 2715 individuum
721 2678 1030 2724 nutrimentum,
1077 2686 1160 2726 quo
1187 2676 1327 2718 Gloss.
1354 2678 1554 2727 intenigst
1578 2678 1765 2719 densita·-

172 2730 261 2766 tem
288 2727 503 2765 foliorum.
555 2726 719 2766 Auch.
1231 2777 1357 2828 Ff2

592 2828 605 2855 6

1885 2699 2104 3013 ,l
