2125 3084
146 184 233 247 [ιι
259 180 379 249 565]
530 186 785 237 sERMO
821 186 921 236 DE
958 189 1373 241 SAHPSONE.
1653 185 1754 239 407

147 287 493 343 mentiuntur
506 328 519 350 ,
572 286 821 347 dicantes
834 328 848 352 ,
895 288 1046 359 quod
1085 306 1192 347 non
1233 290 1444 361 accepit
1481 292 1751 365 Sampson

148 362 411 433 spiritum
430 362 655 422 virtutis
667 404 682 426 ‚
706 361 806 421 scd
826 361 1106 434 superfluo
1125 364 1330 435 scripta
1351 364 1458 425 fuit
1476 366 1602 421 talis
1621 384 1750 441 gra-

148 438 253 505 tia3
314 437 367 493 si
384 438 543 495 enim
570 439 903 509 accepisset,
944 438 1170 499 omnino
1198 456 1325 513 cum
1354 456 1454 513 per
1477 458 1642 514 opera
1662 442 1752 497 vi-

150 510 463 569 dissemus?
532 512 633 571 Sic
682 513 981 584 impiorum
1024 512 1238 583 ubique
1279 514 1561 573 invenitur
1594 516 1749 574 calu-

148 588 325 655 mnia;
388 586 671 659 Scriptura
692 597 877 649 tamen
896 604 1006 649 non
1027 588 1235 659 patitur
1255 589 1589 647 calumniam
1605 632 1618 654 ,
1651 608 1751 649 nc-

147 678 257 733 que
276 662 337 719 in
355 678 583 721 manum
602 662 1017 723 artificiosorum
1040 663 1336 721 verborum
1355 664 1590 725 traditur
1603 706 1617 731 ,
1649 666 1750 723 aed

146 753 276 793 cum
295 738 407 808 piis
429 737 750 797 hominibus
770 737 1237 810 simplicibusque
1264 738 1528 810 loquitur.
1605 740 1750 799 Haec

144 812 215 867 de
254 812 507 885 apologia
548 814 799 885 spiritus.
877 813 1084 871 Verum
1111 813 1183 872 ad
1211 813 1568 887 Sampsonem
1599 814 1750 873 divi-

142 904 387 957 namque
414 888 701 947 historiam
724 896 1088 949 revertamur.

257 992 344 1045 27.
394 992 567 1047 Huius
594 1010 725 1066 ergo
756 1002 873 1048 erat
898 1000 1047 1047 aetas
1075 993 1135 1047 in
1164 994 1286 1066 ipso
1317 994 1534 1067 vigore,
1577 1004 1632 1050 et
1657 996 1748 1050 iu·-

140 1074 347 1121 ventus
367 1066 426 1120 in
446 1084 665 1139 corpore
693 1068 814 1123 eius
844 1066 1190 1131 florescebat,
1233 1078 1287 1124 et
1315 1069 1607 1125 thesaurus
1633 1080 1750 1125 erat

180 1141 327 1197 otior
365 1156 531 1227 quam
570 1143 751 1203 home.
829 1141 1099 1216 Pergebat
1137 1151 1320 1201 autem
1349 1162 1477 1199 cum
1503 1146 1748 1217 parenti-

139 1159 280 1279 ἕως,
328 1224 531 1274 virtute
561 1218 803 1293 corporis
833 1217 1121 1275 decoratus
1150 1227 1212 1273 ut
1239 1219 1510 1293 singulari
1537 1221 1741 1295 gratia:

137 1288 415 1367 oppidum
454 1300 662 1362 autem,
783 1309 815 1349 0
855 1292 1305 1365 proficiscebatur
1335 1294 1604 1367 Sampson
1635 1313 1747 1351 una

136 1382 271 1425 cum
291 1367 611 1437 parentibus
626 1410 639 1432 ,
670 1370 713 1427 Τ
758 1384 917 1425 amna
936 1368 1256 1424 vocabatur.
1334 1370 1453 1425 Huc
1481 1370 1597 1425 illis
1615 1388 1746 1453 per—

138 1440 428 1519 gentibus,
469 1460 571 1513 per
601 1444 721 1523 iter·
734 1442 966 1499 devians
996 1442 1266 1519 Sampson
1306 1444 1366 1500 in
1395 1446 1644 1511 vineam,
1691 1456 1746 1503 et

139 1525 366 1589 aspectu
395 1516 696 1577 fertilitatis
726 1516 975 1591 gaudens
1005 1518 1150 1574 vidit
1176 1521 1418 1576 catulum
1449 1522 1623 1577 leonis
1653 1540 1744 1577 se·-

64 1656 71 1665 ·
136 1592 359 1649 dentem
398 1593 505 1649 sub
544 1594 679 1650 vitis
719 1593 919 1661 botris3
988 1602 1043 1647 et
1081 1594 1368 1652 incurrens
1397 1612 1564 1673 super
1591 1614 1738 1662 eum,

135 1668 457 1731 suscitavit,
501 1685 611 1725 non
638 1669 798 1739 quasi
830 1668 900 1722 ad
928 1668 1172 1725 catulum
1195 1670 1397 1735 leonia,
1440 1672 1538 1729 sed
1559 1671 1629 1729 ad
1649 1688 1743 1727 ca-

135 1742 333 1797 tellum
363 1742 517 1799 canis
556 1759 875 1799 accessurus
913 1743 1314 1799 dimicandum.
1391 1746 1521 1799 Erat
1559 1755 1743 1799 autem

132 1816 455 1889 spectaculo
481 1816 650 1891 digna
678 1816 987 1875 dimicatio:
1057 1818 1274 1873 catulus
1294 1820 1552 1875 virtutem
1574 1836 1742 1895 super

130 1890 375 1950 cervicis
396 1891 577 1947 crines
596 1900 873 1951 ostentans
887 1935 899 1959 ‚
932 1903 985 1948 et
1006 1884 1276 1967 Sampson
1294 1894 1544 1965 vigorem
1563 1894 1742 1948 virtu-

132 1970 209 2025 tis
232 1982 403 2037 super
420 1967 581 2041 signa
602 1968 789 2025 vultus
814 1970 1037 2025 iamiam
1072 1984 1378 2025 assumens.
1455 1966 1636 2035 Quum
1663 1964 1736 2047 [⁸⁵]

132 2045 327 2113 itaque
357 2042 415 2097 in
446 2042 762 2124 amplexum
803 2053 1059 2101 mutuum
1099 2058 1431 2106 convenere,
1477 2043 1740 2115 quoniam
1775 2088 1784 2097 .

130 2119 425 2177 brutorum
447 2119 770 2177 animalium
792 2119 1100 2183 irascibile,
1131 2116 1482 2173 rationalium
1499 2134 1630 2173 vero
1652 2119 1737 2173 vis

129 2209 401 2267 generosa
429 2195 608 2267 magis
636 2204 719 2249 est
747 2195 969 2263 valam,
1014 2194 1108 2249 hic
1139 2194 1223 2251 leo
1241 2194 1553 2264 quasivero
1575 2192 1739 2249 fami-

134 2270 331 2323 liar-em
350 2267 463 2323 sibi
486 2278 745 2324 venatum
765 2278 1085 2332 venaturuS,
1109 2284 1171 2323 os
1193 2270 1368 2339 aperit
1387 2267 1456 2339 ad
1475 2268 1737 2340 praedam

132 2342 533 2401 admittendam
562 2344 887 2415 acceditque
914 2352 1106 2415 uentre
1134 2344 1366 2401 elevato.
1443 2344 1543 2401 Ille
1582 2361 1730 2406 vero,
1775 2340 1786 2351 '

130 2420 281 2473 sicut
320 2416 607 2479 fortissimi
645 2427 971 2478 certatorum
1002 2436 1074 2475 ex
1101 2418 1375 2491 arroganti
1403 2418 1604 2477 fiducia
1637 2418 1737 2477 ad-

130 2494 501 2551 versariorum
530 2496 835 2567 pernicicm
866 2501 1050 2551 contra
1081 2511 1174 2549 eos
1205 2494 1569 2551 adinveniunt
1607 2511 1736 2569 pro—

130 2568 415 2625 sternendi
437 2586 501 2626 ac
518 2568 879 2633 dilacerandi,
904 2569 987 2623 sic
1008 2585 1310 2641 generosus
1330 2577 1560 2627 certator
1576 2568 1736 2629 Sam-

128 2658 271 2712 pson
290 2660 363 2697 ex
384 2645 507 2714 ipso
531 2653 735 2701 terrore
762 2643 1007 2701 catulum
1037 2643 1303 2713 debellat3
1365 2642 1644 2775 siffiidem
1671 2662 1734 2704 cs

128 2716 307 2775 leonis
322 2758 336 2781 ,
369 2718 521 2789 quod
544 2719 600 2777 in
620 2719 805 2777 omnia
820 2735 920 2791 pro
942 2720 1108 2777 armis
1129 2718 1180 2773 ei
1200 2726 1309 2783 est,
1344 2716 1403 2775 id
1477 2718 1594 2781 ‘ans
1622 2721 1734 2780 iam
