2125 3084
588 594 1039 653 PHILONIS
1097 598 1421 656 IUDAEI

190 766 929 861 QUAESTIONES
976 768 1102 847 ET
1144 768 1804 851 SOLUTIONES

637 970 668 1031 1
698 968 754 1032 N
834 970 886 1030 G
916 971 965 1034 Ε
999 970 1051 1033 Ν
1083 972 1132 1033 Ε
1165 970 1210 1035 s
1241 972 1268 1033 1
1299 972 1364 1035 N.

732 1203 1103 1259 SEBMO
1172 1206 1281 1257 111.

1450 1310 1535 1377 [ιι
1557 1318 1656 1363 m.
1680 1311 1804 1378 wa]

194 1396 267 1465 [¹⁸]
310 1396 445 1456 Quid
476 1406 553 1448 est
595 1396 759 1463 „Ego
798 1412 899 1447 sum
941 1396 1155 1448 dominus
1196 1396 1311 1447 dem
1354 1406 1480 1462 mus,
1539 1398 1623 1462 qm·
1663 1398 1812 1448 eduxi

324 1476 372 1517 te
426 1465 489 1515 de
541 1472 684 1513 »tem-a
734 1463 1104 1527 Chaldaeorum,
1168 1474 1221 1515 ut
1275 1464 1438 1515 doum
1493 1466 1582 1515 tibi
1631 1474 1806 1515 terram

324 1533 455 1583 hanc
492 1532 547 1581 in
587 1531 973 1582 hereditatem“-?
1022 1532 1180 1596 (Gen.
1223 1537 1302 1595 15,
1343 1533 1418 1598 7.)

310 1648 359 1699 4.
419 1628 913 1717 Quandoquidem
950 1647 1132 1707 littera
1166 1643 1457 1703 manifesta
1496 1655 1606 1711 est,
1655 1646 1808 1719 quod

197 1718 264 1775 ad
302 1737 509 1776 sensus
552 1722 849 1775 essentiam
888 1724 1106 1787 attinet,
1165 1721 1514 1777 reddendum
1556 1722 1660 1776 erit
1704 1720 1809 1776 hoc

195 1793 380 1850 modo.
464 1798 633 1851 Terra
662 1794 1065 1852 Chaldaeorum
1093 1796 1398 1868 symbolice
1423 1795 1810 1849 mathematica

196 1868 409 1925 theoria
440 1878 553 1934 est,
598 1870 761 1925 cuius
791 1888 922 1941 pars
962 1869 1283 1943 agnoscitur
1321 1868 1676 1932 astronomia,
1717 1868 1810 1921 cui

199 1960 306 1997 non
346 1943 557 2000 frustra
594 1960 778 2015 neque
812 1946 1057 2019 segniter
1085 1942 1310 1999 student
1338 1940 1618 1999 Chaldaei.
1695 1942 1810 1996 Du-

200 2017 335 2087 plici
366 2020 561 2090 itaque
590 2018 736 2075 dono
756 2019 991 2075 honorat
1024 2018 1359 2091 sapientem:
1418 2016 1659 2089 primum
1681 2034 1809 2073 eru-

204 2090 343 2147 endo
362 2094 555 2165 ipsum
576 2092 646 2149 de
665 2101 815 2149 secta
834 2094 1248 2167 astrologorum,
1271 2091 1534 2149 videlicet
1553 2092 1622 2147 de
1641 2092 1807 2147 Chal-

206 2164 442 2222 daeismi
482 2167 943 2233 hallucinatione,
1001 2185 1172 2241 quae,
1232 2176 1294 2223 ut
1331 2175 1495 2239 captu
1523 2165 1803 2229 difficilis,

206 2256 534 2312 magnorum
572 2242 845 2297 malorum
882 2251 937 2297 et
972 2243 1272 2315 impietatis
1313 2259 1478 2295 causa
1513 2242 1804 2313 reperitur,

212 2311 367 2369 factis
408 2315 633 2372 factoris
670 2317 905 2372 virtutes
954 2316 1274 2372 adscribens
1313 2324 1366 2370 et
1401 2332 1566 2387 opera
1613 2312 1809 2368 mundi

212 2402 309 2457 pro
348 2390 549 2460 opifice
586 2390 787 2445 mundi
826 2391 930 2447 deo
964 2393 1220 2446 venerari
1261 2407 1324 2447 ac
1363 2390 1542 2443 colere
1580 2402 1810 2457 persua-

215 2460 384 2529 dens;
488 2464 735 2521 secundo
772 2466 1124 2523 concedendo
1167 2466 1280 2536 ipsi
1325 2462 1655 2532 sapientiam
1693 2457 1813 2513 fru-

216 2535 462 2591 ctiferam
478 2580 490 2604 ‚
535 2556 705 2611 quam
744 2540 1050 2614 symbolice
1093 2536 1168 2613 [³¹⁶]
1206 2546 1410 2591 terram
1447 2532 1810 2602 nuncupavit.

214 2607 468 2667 Ostendit
488 2622 673 2669 autem
691 2623 845 2685 pater
874 2612 1164 2685 (universi)
1197 2608 1527 2681 sapientiam
1557 2612 1610 2659 et
1641 2605 1814 2658 virtu-

214 2691 331 2807 mg
348 2686 710 2814 invmassllles
739 2697 793 2744 et
818 2686 1195 2745 immutabiles
1225 2698 1347 2737 esse
1362 2722 1407 2799 ,Α
1417 2679 1679 2750 quoniam
1705 2691 1812 2729 non

346 2774 513 2811 arno
656 2798 671 2813 .
