2125 3084
187 43 286 57 Μ’·

192 215 279 281 [IL
304 212 427 277 298]
541 218 621 262 IN
662 217 1017 263 GENESIN.
1066 218 1322 263 SERMO
1358 221 1444 267 IV.
1706 214 1800 265 Ηὸ

191 328 275 374 tra
306 325 546 373 eventus
562 358 574 381 ‚
618 318 691 371 ita
724 325 787 371 ut
815 316 1116 372 satisfactio
1135 316 1396 373 reddatur
1415 318 1527 391 legi
1539 318 1590 391 *)
1611 320 1804 375 matri-

192 394 373 449 monii
390 434 402 457 ,
448 392 689 446 maxime
726 408 855 446 vero
893 392 1126 462 speciali
1161 392 1482 463 prophetiae
1521 394 1658 459 viri,
1702 395 1801 465 qui

193 484 433 523 noscens
448 508 463 531 ,
502 466 653 536 quod
673 467 875 521 intacta
890 482 1212 520 remansura
1231 474 1348 521 erat
1367 475 1420 521 et
1437 468 1650 522 illibata
1671 485 1803 523 con-

193 540 477 598 servanda
497 540 607 594 sihi
629 558 769 595 uxor
789 556 887 594 sua
904 582 916 605 ‚
950 558 1059 595 non
1080 540 1361 595 dubitavit
1380 558 1579 595 nomen
1599 542 1729 598 dare
1749 544 1802 597 ei

193 627 455 673 tenerum
497 632 559 669 ac
596 614 881 686 placidum
895 657 908 679 ‚
957 616 1294 670 conveniens
1330 616 1580 687 apprime
1609 617 1804 671 incolis

195 694 319 747 eius
362 698 541 746 terrae
558 730 570 753 ‚
630 706 871 744 sororem
917 690 1159 755 scilicet,
1219 706 1330 745 non
1374 707 1506 745 vero
1555 707 1801 745 uxorem.

191 766 422 837 Optime
454 781 585 837 ergo
614 764 780 820 hahet
808 771 862 819 et
888 764 1089 820 modus
1115 764 1408 820 locutionis
1439 765 1683 820 mandati
1717 765 1807 820 di-

192 842 347 895 vini:
393 842 567 895 Redde
590 856 832 906 uxorem,
862 855 972 894 non
1001 856 1242 894 sororem
1270 840 1361 895 vel
1383 839 1631 905 Sarrum,
1665 858 1728 895 ac
1755 843 1806 895 si

196 915 437 970 diceret:
488 912 677 969 Redde
699 930 928 968 uxorem
941 954 954 977 ‚
979 914 1194 987 integro
1213 923 1428 970 servato
1449 932 1691 987 corpore,
1716 933 1806 970 sa-

198 999 406 1045 cratam
437 1006 501 1044 ac
530 1006 767 1053 sacram,
798 990 923 1043 sine
942 987 1135 1043 fraude
1157 989 1246 1044 vel
1265 989 1541 1054 nuditate,
1577 1007 1608 1044 a
1627 991 1806 1063 virgi-

198 1067 371 1120 nitate
392 1066 741 1119 coniunctam
758 1104 771 1126 ‚
797 1064 919 1119 viro
938 1080 1067 1131 suo;
1128 1063 1298 1118 redde
1319 1080 1448 1137 ergo
1469 1065 1732 1119 mundam
1751 1075 1806 1120 et

198 1142 604 1195 intemeratam.
682 1137 842 1205 Quod
868 1139 1046 1193 sinon
1070 1146 1134 1194 ut
1151 1155 1381 1195 uxorem
1401 1141 1523 1194 viro
1549 1156 1650 1194 suo
1677 1140 1804 1195 red-

202 1214 301 1269 das
317 1257 329 1279 ,
372 1214 647 1269 exaltetur
666 1220 1039 1285 augeaturque
1060 1229 1230 1285 super
1248 1222 1302 1270 te
1325 1212 1399 1289 [*]
1425 1215 1694 1270 sententia
1716 1217 1805 1269 iu-

202 1289 338 1344 dicii
358 1298 413 1344 et
431 1306 601 1360 super
620 1305 837 1343 omnem
859 1287 1084 1343 domum
1104 1296 1256 1343 tuam
1276 1306 1376 1361 per
1401 1298 1651 1344 mortem.
1719 1290 1803 1345 Ad

202 1374 443 1419 mentem
465 1381 624 1427 vero,
658 1366 758 1435 qui
776 1364 1106 1434 sapientiam
1121 1404 1134 1428 ‚
1157 1364 1429 1419 iustitiam
1449 1367 1580 1420 etin
1601 1382 1802 1437 genere

199 1439 369 1495 simul
392 1440 657 1494 virtutem
676 1437 996 1509 profitentur
1008 1479 1021 1503 ,
1052 1440 1362 1509 quasivero
1382 1457 1522 1495 uxor
1539 1441 1653 1495 sola
1673 1458 1802 1495 cum

199 1530 470 1589 generoso
490 1512 607 1567 solo
626 1511 785 1585 (viro)
805 1521 1183 1578 conversetur,
1224 1524 1457 1585 possunt
1482 1517 1672 1571 vivere
1693 1518 1803 1570 im-

200 1589 489 1644 mortalem
512 1588 724 1643 animae
743 1587 935 1643 vitam.
986 1586 1332 1660 Quicumque
1359 1607 1488 1645 vero
1508 1590 1663 1644 illam
1682 1589 1802 1644 dis-

202 1664 429 1719 trahunt
464 1662 895 1733 discerpuntque
911 1704 923 1727 ‚
974 1662 1187 1734 pudore
1233 1681 1353 1717 eam
1392 1664 1641 1719 volentes
1680 1664 1803 1718 afti—

201 1756 323 1793 cere
340 1780 352 1801 ‚
378 1738 560 1809 ipsam
581 1744 862 1808 nequeunt
879 1736 1092 1809 pudore
1113 1736 1330 1792 afficere
1353 1746 1446 1792 aut
1466 1737 1800 1809 discerpere,

202 1814 300 1868 sed
320 1820 498 1867 semet
516 1813 667 1883 ipsos
688 1828 869 1866 amore
887 1813 1113 1884 proprio
1132 1827 1447 1880 vesanaque
1468 1813 1678 1881 impetu
1706 1811 1806 1866 de-

205 1888 429 1942 lirantes
442 1895 494 1942 et
505 1888 655 1941 omni
666 1888 888 1941 omnino
898 1888 1105 1941 virtute
1117 1883 1436 1939 deficientes
1447 1883 1802 1939 interficiunt.

202 1961 358 2028 Quod
379 1962 429 2015 si
452 1977 560 2016 non
578 1962 735 2032 prius
749 2002 761 2025 ‚
796 1962 1006 2032 inquit,
1042 1959 1294 2031 placatus
1313 1974 1372 2013 es
1382 1957 1498 2031 **)·‚
1524 1967 1578 2015 et
1595 1958 1806 2031 placuit

204 2036 304 2091 tibi
325 2044 548 2107 raptum
568 2036 749 2091 videri
766 2036 963 2091 insano
983 2035 1196 2106 impetu
1217 2050 1282 2089 ac
1301 2033 1470 2089 animi
1491 2042 1660 2099 motu,
1691 2036 1804 2090 sal-

201 2119 311 2165 tem
332 2110 564 2181 posthac
583 2118 795 2167 mutare
814 2109 894 2182 (in
915 2110 1192 2183 meliora),
1223 2117 1277 2164 et
1295 2109 1408 2166 noli
1428 2126 1543 2165 rem
1565 2111 1802 2166 alienam
1883 2138 1888 2149 ·

202 2186 307 2239 tibi
326 2184 639 2239 decidendo
663 2184 907 2253 trahere;
960 2184 1142 2240 aliena
1167 2201 1403 2256 namque
1423 2194 1507 2241 est
1529 2186 1803 2257 insipien-

204 2259 352 2314 tibus
374 2260 554 2314 virtus
568 2301 581 2323 ‚
613 2260 664 2314 si
686 2276 807 2315 eam
825 2267 1106 2330 tamquam
1126 2276 1354 2315 uxorem
1367 2302 1380 2324 ,
1412 2277 1520 2315 uon
1542 2277 1673 2314 vero
1692 2262 1803 2313 sic-

204 2342 263 2389 ut
282 2350 525 2389 sororem
545 2333 751 2389 habere
770 2334 1044 2408 dignetur.
1105 2334 1242 2391 Vere
1261 2336 1410 2389 enim
1431 2341 1662 2404 cognata
1680 2342 1803 2402 pot-

206 2417 286 2462 est
322 2424 445 2462 esse
482 2408 795 2479 proficienti
833 2408 988 2463 velut
1025 2406 1208 2473 fratri,
1257 2408 1362 2463 soli
1404 2424 1535 2463 vero
1562 2405 1803 2477 perfecto

204 2499 341 2537 uxor
358 2491 643 2553 tamquam
662 2484 884 2539 coniux.

301 2655 373 2752 a)
390 2656 476 2745 {a
494 2653 1248 2751 ffss’ssuffififssff‘ffffssss'fssffiss‘
1263 2650 1478 2739 1132220113:
1529 2700 1566 2737 a·
1584 2702 1706 2749 prim
1735 2702 1804 2737 ‹ze-

209 2758 393 2803 lectatus,
422 2758 579 2805 inquit,
599 2756 743 2804 fuisti.
796 2754 957 2794 Auch.
1293 2800 1345 2849 H
1365 2800 1395 2846 ²
