<?xml version="1.0" encoding="UTF-8"?>
<!DOCTYPE html PUBLIC "-//W3C//DTD XHTML 1.0 Transitional//EN"
    "http://www.w3.org/TR/xhtml1/DTD/xhtml1-transitional.dtd">
<html xmlns="http://www.w3.org/1999/xhtml" xml:lang="en" lang="en">
 <head>
  <title>
</title>
<meta http-equiv="Content-Type" content="text/html;charset=utf-8" />
  <meta name='ocr-system' content='tesseract 3.04.00' />
  <meta name='ocr-capabilities' content='ocr_page ocr_carea ocr_par ocr_line ocrx_word'/>
</head>
<body>
  <div class='ocr_page' id='page_1' title='image "./philonisiudaeio00alejgoog_0628.png"; bbox 0 0 2125 3084; ppageno 0'>
   <div class='ocr_carea' id='block_1_1' title="bbox 172 201 1764 271">
    <p class='ocr_par' dir='ltr' id='par_1_1' title="bbox 172 201 1764 271">
     <span class='ocr_line' id='line_1_1' title="bbox 172 201 1764 271; baseline 0.003 -16"><span class='ocrx_word' id='word_1_1' title='bbox 172 203 239 271; x_wconf 88' lang='lat'><strong>[1,</strong></span> <span class='ocrx_word' id='word_1_2' title='bbox 260 201 381 269; x_wconf 63' lang='grc'><strong>169]</strong></span> <span class='ocrx_word' id='word_1_3' title='bbox 568 208 711 255; x_wconf 88' lang='lat' dir='ltr'><strong>LIB.</strong></span> <span class='ocrx_word' id='word_1_4' title='bbox 748 209 851 255; x_wconf 75' lang='lat' dir='ltr'><strong>DE</strong></span> <span class='ocrx_word' id='word_1_5' title='bbox 892 210 1376 257; x_wconf 63' lang='lat' dir='ltr'>ANIMALIBUS.</span> <span class='ocrx_word' id='word_1_6' title='bbox 1667 206 1764 261; x_wconf 75' lang='grc'><strong>457</strong></span> 
     </span>
    </p>
   </div>
   <div class='ocr_carea' id='block_1_2' title="bbox 172 306 1766 1206">
    <p class='ocr_par' dir='ltr' id='par_1_2' title="bbox 172 306 1766 1206">
     <span class='ocr_line' id='line_1_2' title="bbox 172 306 1764 369; baseline 0.003 -5"><span class='ocrx_word' id='word_1_7' title='bbox 172 317 337 365; x_wconf 85' lang='lat' dir='ltr'><strong>antea</strong></span> <span class='ocrx_word' id='word_1_8' title='bbox 365 306 683 363; x_wconf 75' lang='lat' dir='ltr'><strong>collectione</strong></span> <span class='ocrx_word' id='word_1_9' title='bbox 712 307 851 362; x_wconf 86' lang='lat' dir='ltr'><strong>faeta</strong></span> <span class='ocrx_word' id='word_1_10' title='bbox 870 307 1059 363; x_wconf 87' lang='lat' dir='ltr'><strong>condit</strong></span> <span class='ocrx_word' id='word_1_11' title='bbox 1085 309 1143 363; x_wconf 88' lang='lat' dir='ltr'><strong>in</strong></span> <span class='ocrx_word' id='word_1_12' title='bbox 1163 308 1446 365; x_wconf 72' lang='lat' dir='ltr'><strong>thesauros</strong></span> <span class='ocrx_word' id='word_1_13' title='bbox 1467 308 1689 368; x_wconf 77' lang='lat' dir='ltr'><strong>formica</strong></span> <span class='ocrx_word' id='word_1_14' title='bbox 1711 321 1764 369; x_wconf 91' lang='lat' dir='ltr'><strong>et</strong></span> 
     </span>
     <span class='ocr_line' id='line_1_3' title="bbox 172 380 1762 459; baseline 0.003 -22"><span class='ocrx_word' id='word_1_15' title='bbox 172 383 371 437; x_wconf 81' lang='lat' dir='ltr'><strong>horrea</strong></span> <span class='ocrx_word' id='word_1_16' title='bbox 392 382 502 436; x_wconf 86' lang='lat' dir='ltr'><strong>sibi</strong></span> <span class='ocrx_word' id='word_1_17' title='bbox 563 383 678 436; x_wconf 86' lang='lat' dir='ltr'><strong>rius</strong></span> <span class='ocrx_word' id='word_1_18' title='bbox 698 380 887 453; x_wconf 73' lang='lat' dir='ltr'><strong>parat?</strong></span> <span class='ocrx_word' id='word_1_19' title='bbox 920 383 1017 437; x_wconf 82' lang='lat' dir='ltr'><strong>His</strong></span> <span class='ocrx_word' id='word_1_20' title='bbox 1044 382 1242 437; x_wconf 87' lang='lat' dir='ltr'><strong>utilius</strong></span> <span class='ocrx_word' id='word_1_21' title='bbox 1265 384 1326 437; x_wconf 87' lang='lat' dir='ltr'><strong>in</strong></span> <span class='ocrx_word' id='word_1_22' title='bbox 1345 400 1483 455; x_wconf 80' lang='lat' dir='ltr'><strong>opus</strong></span> <span class='ocrx_word' id='word_1_23' title='bbox 1509 386 1624 440; x_wconf 77' lang='lat' dir='ltr'><strong>exit</strong></span> <span class='ocrx_word' id='word_1_24' title='bbox 1643 389 1762 459; x_wconf 80' lang='lat' dir='ltr'><strong>apis</strong></span> 
     </span>
     <span class='ocr_line' id='line_1_4' title="bbox 172 455 1765 528; baseline 0.001 -14"><span class='ocrx_word' id='word_1_25' title='bbox 172 467 231 514; x_wconf 89' lang='lat' dir='ltr'><strong>et</strong></span> <span class='ocrx_word' id='word_1_26' title='bbox 252 458 495 512; x_wconf 88' lang='lat' dir='ltr'><strong>collectis</strong></span> <span class='ocrx_word' id='word_1_27' title='bbox 554 456 741 511; x_wconf 87' lang='lat' dir='ltr'><strong>oribus</strong></span> <span class='ocrx_word' id='word_1_28' title='bbox 762 455 1077 528; x_wconf 83' lang='lat' dir='ltr'><strong>alvearique</strong></span> <span class='ocrx_word' id='word_1_29' title='bbox 1093 456 1326 528; x_wconf 84' lang='lat' dir='ltr'><strong>pulchre</strong></span> <span class='ocrx_word' id='word_1_30' title='bbox 1337 465 1640 515; x_wconf 75' lang='lat' dir='ltr'><strong>constructo</strong></span> <span class='ocrx_word' id='word_1_31' title='bbox 1658 462 1765 515; x_wconf 87' lang='lat' dir='ltr'><strong>mi·-</strong></span> 
     </span>
     <span class='ocr_line' id='line_1_5' title="bbox 172 530 1764 603; baseline 0.002 -16"><span class='ocrx_word' id='word_1_32' title='bbox 172 530 331 587; x_wconf 83' lang='lat' dir='ltr'><strong>riflce</strong></span> <span class='ocrx_word' id='word_1_33' title='bbox 356 531 464 586; x_wconf 81' lang='lat' dir='ltr'><strong>mel</strong></span> <span class='ocrx_word' id='word_1_34' title='bbox 494 531 645 587; x_wconf 83' lang='lat' dir='ltr'><strong>facit.</strong></span> <span class='ocrx_word' id='word_1_35' title='bbox 721 532 799 584; x_wconf 82' lang='lat' dir='ltr'><strong>lta</strong></span> <span class='ocrx_word' id='word_1_36' title='bbox 827 531 1053 601; x_wconf 87' lang='lat' dir='ltr'><strong>quidem</strong></span> <span class='ocrx_word' id='word_1_37' title='bbox 1083 547 1184 603; x_wconf 83' lang='lat' dir='ltr'><strong>ego</strong></span> <span class='ocrx_word' id='word_1_38' title='bbox 1217 532 1382 587; x_wconf 85' lang='lat' dir='ltr'><strong>etiam</strong></span> <span class='ocrx_word' id='word_1_39' title='bbox 1415 530 1557 587; x_wconf 87' lang='lat' dir='ltr'><strong>dico.</strong></span> <span class='ocrx_word' id='word_1_40' title='bbox 1633 534 1764 591; x_wconf 88' lang='lat' dir='ltr'><strong>Dico</strong></span> 
     </span>
     <span class='ocr_line' id='line_1_6' title="bbox 172 604 1759 683; baseline -0.001 -20"><span class='ocrx_word' id='word_1_41' title='bbox 172 616 361 663; x_wconf 85' lang='lat' dir='ltr'><strong>tamen</strong></span> <span class='ocrx_word' id='word_1_42' title='bbox 380 606 516 661; x_wconf 83' lang='lat' dir='ltr'><strong>haec</strong></span> <span class='ocrx_word' id='word_1_43' title='bbox 534 604 913 677; x_wconf 86' lang='lat' dir='ltr'><strong>providentiae</strong></span> <span class='ocrx_word' id='word_1_44' title='bbox 927 645 940 670; x_wconf 90' lang='lat'>,</span> <span class='ocrx_word' id='word_1_45' title='bbox 980 621 1088 660; x_wconf 85' lang='lat' dir='ltr'><strong>non</strong></span> <span class='ocrx_word' id='word_1_46' title='bbox 1118 606 1438 661; x_wconf 85' lang='lat' dir='ltr'><strong>animalium</strong></span> <span class='ocrx_word' id='word_1_47' title='bbox 1457 607 1664 662; x_wconf 86' lang='lat' dir='ltr'><strong>ratione</strong></span> <span class='ocrx_word' id='word_1_48' title='bbox 1686 606 1759 683; x_wconf 71' lang='grc' dir='ltr'><strong>[Ἴ</strong></span> 
     </span>
     <span class='ocr_line' id='line_1_7' title="bbox 172 679 1765 756; baseline 0.001 -20"><span class='ocrx_word' id='word_1_49' title='bbox 172 682 481 737; x_wconf 88' lang='lat' dir='ltr'><strong>carentium</strong></span> <span class='ocrx_word' id='word_1_50' title='bbox 496 721 509 745; x_wconf 80' lang='lat'>,</span> <span class='ocrx_word' id='word_1_51' title='bbox 528 680 630 735; x_wconf 80' lang='lat' dir='ltr'><strong>sed</strong></span> <span class='ocrx_word' id='word_1_52' title='bbox 650 681 769 735; x_wconf 85' lang='lat' dir='ltr'><strong>eius</strong></span> <span class='ocrx_word' id='word_1_53' title='bbox 784 719 797 743; x_wconf 88' lang='lat'>,</span> <span class='ocrx_word' id='word_1_54' title='bbox 821 679 920 756; x_wconf 89' lang='lat' dir='ltr'><strong>qui</strong></span> <span class='ocrx_word' id='word_1_55' title='bbox 936 680 1253 735; x_wconf 81' lang='lat' dir='ltr'><strong>universam</strong></span> <span class='ocrx_word' id='word_1_56' title='bbox 1273 680 1584 735; x_wconf 77' lang='lat' dir='ltr'><strong>moderatur</strong></span> <span class='ocrx_word' id='word_1_57' title='bbox 1603 692 1765 737; x_wconf 86' lang='lat' dir='ltr'><strong>natu·</strong></span> 
     </span>
     <span class='ocr_line' id='line_1_8' title="bbox 174 752 1766 829; baseline 0.001 -18"><span class='ocrx_word' id='word_1_58' title='bbox 174 774 323 819; x_wconf 80' lang='lat' dir='ltr'><strong>ram,</strong></span> <span class='ocrx_word' id='word_1_59' title='bbox 357 772 477 810; x_wconf 82' lang='lat' dir='ltr'><strong>esse</strong></span> <span class='ocrx_word' id='word_1_60' title='bbox 500 752 815 811; x_wconf 78' lang='lat' dir='ltr'><strong>tribuenda.</strong></span> <span class='ocrx_word' id='word_1_61' title='bbox 892 753 1037 809; x_wconf 78' lang='lat' dir='ltr'><strong>{llud</strong></span> <span class='ocrx_word' id='word_1_62' title='bbox 1054 756 1206 809; x_wconf 87' lang='lat' dir='ltr'><strong>enim</strong></span> <span class='ocrx_word' id='word_1_63' title='bbox 1225 754 1467 828; x_wconf 84' lang='lat' dir='ltr'><strong>(animal)</strong></span> <span class='ocrx_word' id='word_1_64' title='bbox 1487 754 1629 810; x_wconf 83' lang='lat' dir='ltr'><strong>nihil</strong></span> <span class='ocrx_word' id='word_1_65' title='bbox 1652 758 1766 829; x_wconf 79' lang='lat' dir='ltr'><strong>agit</strong></span> 
     </span>
     <span class='ocr_line' id='line_1_9' title="bbox 174 826 1759 901; baseline 0 -16"><span class='ocrx_word' id='word_1_66' title='bbox 174 831 481 887; x_wconf 84' lang='lat' dir='ltr'><strong>intellectu.</strong></span> <span class='ocrx_word' id='word_1_67' title='bbox 557 830 654 884; x_wconf 83' lang='lat' dir='ltr'><strong>Isti</strong></span> <span class='ocrx_word' id='word_1_68' title='bbox 682 844 813 885; x_wconf 79' lang='lat' dir='ltr'><strong>vero</strong></span> <span class='ocrx_word' id='word_1_69' title='bbox 840 826 983 901; x_wconf 79' lang='lat' dir='ltr'><strong>(deo)</strong></span> <span class='ocrx_word' id='word_1_70' title='bbox 1012 846 1143 884; x_wconf 85' lang='lat' dir='ltr'><strong>cura</strong></span> <span class='ocrx_word' id='word_1_71' title='bbox 1171 837 1254 885; x_wconf 88' lang='lat' dir='ltr'><strong>est</strong></span> <span class='ocrx_word' id='word_1_72' title='bbox 1281 831 1450 884; x_wconf 78' lang='lat' dir='ltr'><strong>variis</strong></span> <span class='ocrx_word' id='word_1_73' title='bbox 1480 829 1549 885; x_wconf 89' lang='lat' dir='ltr'><strong>de</strong></span> <span class='ocrx_word' id='word_1_74' title='bbox 1573 830 1759 894; x_wconf 83' lang='lat' dir='ltr'><strong>rebus,</strong></span> 
     </span>
     <span class='ocr_line' id='line_1_10' title="bbox 174 903 1764 977; baseline 0 -18"><span class='ocrx_word' id='word_1_75' title='bbox 174 913 239 961; x_wconf 82' lang='lat' dir='ltr'><strong>ut</strong></span> <span class='ocrx_word' id='word_1_76' title='bbox 268 906 531 959; x_wconf 86' lang='lat' dir='ltr'><strong>nimirum</strong></span> <span class='ocrx_word' id='word_1_77' title='bbox 556 904 701 959; x_wconf 86' lang='lat' dir='ltr'><strong>sicut</strong></span> <span class='ocrx_word' id='word_1_78' title='bbox 720 911 928 959; x_wconf 86' lang='lat' dir='ltr'><strong>creator</strong></span> <span class='ocrx_word' id='word_1_79' title='bbox 955 903 1220 976; x_wconf 79' lang='lat' dir='ltr'><strong>impetum</strong></span> <span class='ocrx_word' id='word_1_80' title='bbox 1242 904 1582 977; x_wconf 84' lang='lat' dir='ltr'><strong>singularum</strong></span> <span class='ocrx_word' id='word_1_81' title='bbox 1612 922 1764 959; x_wconf 74' lang='lat' dir='ltr'><strong>crea-</strong></span> 
     </span>
     <span class='ocr_line' id='line_1_11' title="bbox 173 978 1764 1052; baseline 0.001 -19"><span class='ocrx_word' id='word_1_82' title='bbox 173 989 425 1034; x_wconf 84' lang='lat' dir='ltr'><strong>turarum</strong></span> <span class='ocrx_word' id='word_1_83' title='bbox 462 979 785 1052; x_wconf 76' lang='lat' dir='ltr'><strong>constringit</strong></span> <span class='ocrx_word' id='word_1_84' title='bbox 821 994 884 1033; x_wconf 78' lang='lat' dir='ltr'><strong>ac</strong></span> <span class='ocrx_word' id='word_1_85' title='bbox 932 979 1238 1034; x_wconf 82' lang='lat' dir='ltr'><strong>corroborat</strong></span> <span class='ocrx_word' id='word_1_86' title='bbox 1282 978 1352 1033; x_wconf 88' lang='lat' dir='ltr'><strong>ad</strong></span> <span class='ocrx_word' id='word_1_87' title='bbox 1399 980 1486 1044; x_wconf 84' lang='lat' dir='ltr'><strong>id,</strong></span> <span class='ocrx_word' id='word_1_88' title='bbox 1543 989 1764 1051; x_wconf 85' lang='lat' dir='ltr'><strong>propter</strong></span> 
     </span>
     <span class='ocr_line' id='line_1_12' title="bbox 174 1052 1763 1127; baseline 0.001 -20"><span class='ocrx_word' id='word_1_89' title='bbox 174 1052 329 1127; x_wconf 91' lang='lat' dir='ltr'><strong>quod</strong></span> <span class='ocrx_word' id='word_1_90' title='bbox 350 1052 519 1107; x_wconf 77' lang='lat' dir='ltr'><strong>factae</strong></span> <span class='ocrx_word' id='word_1_91' title='bbox 536 1060 691 1118; x_wconf 79' lang='lat' dir='ltr'><strong>sunt.</strong></span> <span class='ocrx_word' id='word_1_92' title='bbox 720 1054 842 1109; x_wconf 81' lang='lat' dir='ltr'><strong>sive</strong></span> <span class='ocrx_word' id='word_1_93' title='bbox 868 1052 938 1108; x_wconf 81' lang='lat' dir='ltr'><strong>ad</strong></span> <span class='ocrx_word' id='word_1_94' title='bbox 956 1070 1105 1119; x_wconf 86' lang='lat' dir='ltr'><strong>eam,</strong></span> <span class='ocrx_word' id='word_1_95' title='bbox 1141 1068 1284 1125; x_wconf 86' lang='lat' dir='ltr'><strong>quae</strong></span> <span class='ocrx_word' id='word_1_96' title='bbox 1303 1054 1541 1127; x_wconf 82' lang='lat' dir='ltr'><strong>singulis</strong></span> <span class='ocrx_word' id='word_1_97' title='bbox 1561 1071 1763 1109; x_wconf 84' lang='lat' dir='ltr'><strong>conve—</strong></span> 
     </span>
     <span class='ocr_line' id='line_1_13' title="bbox 174 1126 720 1206; baseline -0.004 -24"><span class='ocrx_word' id='word_1_98' title='bbox 174 1130 260 1206; x_wconf 79' lang='lat' dir='ltr'><strong>nit</strong></span> <span class='ocrx_word' id='word_1_99' title='bbox 276 1169 289 1192; x_wconf 86' lang='lat'>‚</span> <span class='ocrx_word' id='word_1_100' title='bbox 317 1126 720 1199; x_wconf 85' lang='lat' dir='ltr'><strong>perfectionem.</strong></span> 
     </span>
    </p>
   </div>
   <div class='ocr_carea' id='block_1_3' title="bbox 174 1250 1762 1549">
    <p class='ocr_par' dir='ltr' id='par_1_3' title="bbox 174 1250 1762 1549">
     <span class='ocr_line' id='line_1_14' title="bbox 291 1250 1756 1319; baseline 0.001 -12"><span class='ocrx_word' id='word_1_101' title='bbox 291 1254 377 1308; x_wconf 83' lang='lat'><strong>93.</strong></span> <span class='ocrx_word' id='word_1_102' title='bbox 414 1250 562 1319; x_wconf 87' lang='lat' dir='ltr'><strong>Quae</strong></span> <span class='ocrx_word' id='word_1_103' title='bbox 580 1269 706 1309; x_wconf 85' lang='lat' dir='ltr'><strong>vero</strong></span> <span class='ocrx_word' id='word_1_104' title='bbox 723 1251 984 1309; x_wconf 86' lang='lat' dir='ltr'><strong>dicuntur</strong></span> <span class='ocrx_word' id='word_1_105' title='bbox 1002 1252 1074 1308; x_wconf 91' lang='lat' dir='ltr'><strong>de</strong></span> <span class='ocrx_word' id='word_1_106' title='bbox 1091 1252 1264 1309; x_wconf 86' lang='lat' dir='ltr'><strong>Pinna</strong></span> <span class='ocrx_word' id='word_1_107' title='bbox 1284 1262 1338 1308; x_wconf 89' lang='lat' dir='ltr'><strong>et</strong></span> <span class='ocrx_word' id='word_1_108' title='bbox 1355 1252 1589 1311; x_wconf 78' lang='lat' dir='ltr'><strong>satellite</strong></span> <span class='ocrx_word' id='word_1_109' title='bbox 1615 1254 1756 1317; x_wconf 83' lang='lat' dir='ltr'><strong>eius,</strong></span> 
     </span>
     <span class='ocr_line' id='line_1_15' title="bbox 177 1326 1760 1401; baseline -0.001 -16"><span class='ocrx_word' id='word_1_110' title='bbox 177 1344 539 1385; x_wconf 87' lang='lat' dir='ltr'><strong>communem·</strong></span> <span class='ocrx_word' id='word_1_111' title='bbox 560 1328 870 1385; x_wconf 86' lang='lat' dir='ltr'><strong>societatem</strong></span> <span class='ocrx_word' id='word_1_112' title='bbox 906 1326 1302 1394; x_wconf 85' lang='lat' dir='ltr'><strong>demonstrant,</strong></span> <span class='ocrx_word' id='word_1_113' title='bbox 1361 1344 1614 1401; x_wconf 87' lang='lat' dir='ltr'><strong>quaeque</strong></span> <span class='ocrx_word' id='word_1_114' title='bbox 1649 1345 1760 1383; x_wconf 87' lang='lat' dir='ltr'><strong>non</strong></span> 
     </span>
     <span class='ocr_line' id='line_1_16' title="bbox 175 1402 1762 1477; baseline 0 -20"><span class='ocrx_word' id='word_1_115' title='bbox 175 1404 347 1477; x_wconf 83' lang='lat' dir='ltr'><strong>gratis</strong></span> <span class='ocrx_word' id='word_1_116' title='bbox 369 1402 513 1459; x_wconf 87' lang='lat' dir='ltr'><strong>dicta</strong></span> <span class='ocrx_word' id='word_1_117' title='bbox 534 1412 664 1460; x_wconf 84' lang='lat' dir='ltr'><strong>sunt</strong></span> <span class='ocrx_word' id='word_1_118' title='bbox 684 1404 764 1457; x_wconf 89' lang='lat' dir='ltr'><strong>eis</strong></span> <span class='ocrx_word' id='word_1_119' title='bbox 780 1444 792 1467; x_wconf 87' lang='lat'>,</span> <span class='ocrx_word' id='word_1_120' title='bbox 834 1404 932 1476; x_wconf 88' lang='lat' dir='ltr'><strong>qni</strong></span> <span class='ocrx_word' id='word_1_121' title='bbox 960 1404 1212 1475; x_wconf 77' lang='lat' dir='ltr'><strong>persuasi</strong></span> <span class='ocrx_word' id='word_1_122' title='bbox 1232 1402 1301 1459; x_wconf 91' lang='lat' dir='ltr'><strong>de</strong></span> <span class='ocrx_word' id='word_1_123' title='bbox 1319 1404 1636 1460; x_wconf 79' lang='lat' dir='ltr'><strong>inventione</strong></span> <span class='ocrx_word' id='word_1_124' title='bbox 1662 1420 1762 1457; x_wconf 87' lang='lat' dir='ltr'><strong>ve-</strong></span> 
     </span>
     <span class='ocr_line' id='line_1_17' title="bbox 174 1476 1761 1549; baseline 0 -17"><span class='ocrx_word' id='word_1_125' title='bbox 174 1479 355 1533; x_wconf 86' lang='lat' dir='ltr'><strong>ritatis</strong></span> <span class='ocrx_word' id='word_1_126' title='bbox 373 1477 721 1539; x_wconf 81' lang='lat' dir='ltr'><strong>manifestare</strong></span> <span class='ocrx_word' id='word_1_127' title='bbox 741 1495 856 1533; x_wconf 89' lang='lat' dir='ltr'><strong>rem</strong></span> <span class='ocrx_word' id='word_1_128' title='bbox 876 1478 1126 1535; x_wconf 89' lang='lat' dir='ltr'><strong>nituntur</strong></span> <span class='ocrx_word' id='word_1_129' title='bbox 1153 1476 1466 1549; x_wconf 78' lang='lat' dir='ltr'><strong>artificiose3</strong></span> <span class='ocrx_word' id='word_1_130' title='bbox 1509 1478 1654 1535; x_wconf 79' lang='lat' dir='ltr'><strong>nihil</strong></span> <span class='ocrx_word' id='word_1_131' title='bbox 1677 1486 1761 1533; x_wconf 84' lang='lat' dir='ltr'><strong>ta-</strong></span> 
     </span>
    </p>
   </div>
   <div class='ocr_carea' id='block_1_4' title="bbox 175 1552 1758 1701">
    <p class='ocr_par' dir='ltr' id='par_1_4' title="bbox 175 1552 1758 1701">
     <span class='ocr_line' id='line_1_18' title="bbox 175 1552 1758 1626; baseline 0.001 -19"><span class='ocrx_word' id='word_1_132' title='bbox 175 1569 302 1607; x_wconf 88' lang='lat' dir='ltr'><strong>men</strong></span> <span class='ocrx_word' id='word_1_133' title='bbox 323 1554 513 1610; x_wconf 87' lang='lat' dir='ltr'><strong>iuvant</strong></span> <span class='ocrx_word' id='word_1_134' title='bbox 532 1553 684 1617; x_wconf 85' lang='lat' dir='ltr'><strong>illos,</strong></span> <span class='ocrx_word' id='word_1_135' title='bbox 724 1553 823 1624; x_wconf 90' lang='lat' dir='ltr'><strong>qui</strong></span> <span class='ocrx_word' id='word_1_136' title='bbox 842 1554 1144 1626; x_wconf 83' lang='lat' dir='ltr'><strong>sapientiae</strong></span> <span class='ocrx_word' id='word_1_137' title='bbox 1161 1552 1372 1611; x_wconf 88' lang='lat' dir='ltr'><strong>ducunt</strong></span> <span class='ocrx_word' id='word_1_138' title='bbox 1389 1571 1510 1611; x_wconf 87' lang='lat' dir='ltr'><strong>esse</strong></span> <span class='ocrx_word' id='word_1_139' title='bbox 1523 1596 1537 1620; x_wconf 88' lang='lat'>‚</span> <span class='ocrx_word' id='word_1_140' title='bbox 1571 1571 1758 1626; x_wconf 88' lang='lat' dir='ltr'><strong>repre·—</strong></span> 
     </span>
     <span class='ocr_line' id='line_1_19' title="bbox 177 1627 782 1701; baseline -0.002 -19"><span class='ocrx_word' id='word_1_141' title='bbox 177 1627 417 1683; x_wconf 88' lang='lat' dir='ltr'><strong>hendere</strong></span> <span class='ocrx_word' id='word_1_142' title='bbox 436 1629 782 1701; x_wconf 80' lang='lat' dir='ltr'><strong>sapientiam.</strong></span> 
     </span>
    </p>
   </div>
   <div class='ocr_carea' id='block_1_5' title="bbox 176 1744 1762 2795">
    <p class='ocr_par' dir='ltr' id='par_1_5' title="bbox 176 1744 1762 2795">
     <span class='ocr_line' id='line_1_20' title="bbox 290 1744 1758 1820; baseline -0.001 -17"><span class='ocrx_word' id='word_1_143' title='bbox 290 1753 375 1805; x_wconf 72' lang='lat'><strong>94.</strong></span> <span class='ocrx_word' id='word_1_144' title='bbox 414 1750 678 1820; x_wconf 84' lang='lat' dir='ltr'><strong>Quisquis</strong></span> <span class='ocrx_word' id='word_1_145' title='bbox 700 1758 879 1804; x_wconf 84' lang='lat' dir='ltr'><strong>autem</strong></span> <span class='ocrx_word' id='word_1_146' title='bbox 899 1744 1130 1806; x_wconf 75' lang='lat' dir='ltr'><strong>haesitat</strong></span> <span class='ocrx_word' id='word_1_147' title='bbox 1145 1792 1157 1815; x_wconf 86' lang='lat'>‚</span> <span class='ocrx_word' id='word_1_148' title='bbox 1187 1752 1362 1807; x_wconf 82' lang='lat' dir='ltr'><strong>discat</strong></span> <span class='ocrx_word' id='word_1_149' title='bbox 1383 1768 1452 1805; x_wconf 84' lang='lat' dir='ltr'><strong>ex</strong></span> <span class='ocrx_word' id='word_1_150' title='bbox 1471 1750 1758 1804; x_wconf 83' lang='lat' dir='ltr'><strong>arboribus</strong></span> 
     </span>
     <span class='ocr_line' id='line_1_21' title="bbox 176 1822 1760 1899; baseline -0.001 -22"><span class='ocrx_word' id='word_1_151' title='bbox 176 1824 493 1899; x_wconf 81' lang='lat' dir='ltr'><strong>plantisque</strong></span> <span class='ocrx_word' id='word_1_152' title='bbox 509 1865 522 1887; x_wconf 93' lang='lat'>‚</span> <span class='ocrx_word' id='word_1_153' title='bbox 545 1833 734 1880; x_wconf 88' lang='lat' dir='ltr'><strong>utnon</strong></span> <span class='ocrx_word' id='word_1_154' title='bbox 755 1822 1079 1893; x_wconf 84' lang='lat' dir='ltr'><strong>decipiatur.</strong></span> <span class='ocrx_word' id='word_1_155' title='bbox 1129 1826 1241 1879; x_wconf 83' lang='lat' dir='ltr'><strong>Hae</strong></span> <span class='ocrx_word' id='word_1_156' title='bbox 1259 1827 1408 1879; x_wconf 88' lang='lat' dir='ltr'><strong>enim</strong></span> <span class='ocrx_word' id='word_1_157' title='bbox 1428 1824 1529 1877; x_wconf 86' lang='lat' dir='ltr'><strong>etsi</strong></span> <span class='ocrx_word' id='word_1_158' title='bbox 1550 1822 1760 1876; x_wconf 87' lang='lat' dir='ltr'><strong>nullam</strong></span> 
     </span>
     <span class='ocr_line' id='line_1_22' title="bbox 178 1895 1760 1969; baseline -0.001 -16"><span class='ocrx_word' id='word_1_159' title='bbox 178 1897 415 1954; x_wconf 87' lang='lat' dir='ltr'><strong>habeant</strong></span> <span class='ocrx_word' id='word_1_160' title='bbox 434 1899 645 1952; x_wconf 86' lang='lat' dir='ltr'><strong>animae</strong></span> <span class='ocrx_word' id='word_1_161' title='bbox 664 1905 900 1969; x_wconf 85' lang='lat' dir='ltr'><strong>partem,</strong></span> <span class='ocrx_word' id='word_1_162' title='bbox 933 1905 1114 1951; x_wconf 82' lang='lat' dir='ltr'><strong>tamen</strong></span> <span class='ocrx_word' id='word_1_163' title='bbox 1145 1896 1527 1953; x_wconf 85' lang='lat' dir='ltr'><strong>familiaritatis</strong></span> <span class='ocrx_word' id='word_1_164' title='bbox 1553 1895 1760 1951; x_wconf 85' lang='lat' dir='ltr'><strong>abalie-</strong></span> 
     </span>
     <span class='ocr_line' id='line_1_23' title="bbox 179 1968 1760 2044; baseline -0.003 -15"><span class='ocrx_word' id='word_1_165' title='bbox 179 1973 524 2044; x_wconf 85' lang='lat' dir='ltr'><strong>nationisque</strong></span> <span class='ocrx_word' id='word_1_166' title='bbox 560 1988 670 2025; x_wconf 90' lang='lat' dir='ltr'><strong>non</strong></span> <span class='ocrx_word' id='word_1_167' title='bbox 716 1971 983 2025; x_wconf 83' lang='lat' dir='ltr'><strong>minorem</strong></span> <span class='ocrx_word' id='word_1_168' title='bbox 1017 1969 1330 2043; x_wconf 84' lang='lat' dir='ltr'><strong>praeferunt</strong></span> <span class='ocrx_word' id='word_1_169' title='bbox 1367 1968 1760 2024; x_wconf 84' lang='lat' dir='ltr'><strong>manifestatio-</strong></span> 
     </span>
     <span class='ocr_line' id='line_1_24' title="bbox 179 2045 1760 2115; baseline -0.003 -12"><span class='ocrx_word' id='word_1_170' title='bbox 179 2064 325 2103; x_wconf 88' lang='lat' dir='ltr'><strong>nem.</strong></span> <span class='ocrx_word' id='word_1_171' title='bbox 402 2049 687 2105; x_wconf 77' lang='lat' dir='ltr'><strong>Moventur</strong></span> <span class='ocrx_word' id='word_1_172' title='bbox 706 2055 760 2100; x_wconf 88' lang='lat' dir='ltr'><strong>et</strong></span> <span class='ocrx_word' id='word_1_173' title='bbox 780 2046 1031 2100; x_wconf 81' lang='lat' dir='ltr'><strong>crescunt</strong></span> <span class='ocrx_word' id='word_1_174' title='bbox 1044 2086 1057 2109; x_wconf 92' lang='lat'>‚</span> <span class='ocrx_word' id='word_1_175' title='bbox 1095 2052 1258 2115; x_wconf 86' lang='lat' dir='ltr'><strong>atque</strong></span> <span class='ocrx_word' id='word_1_176' title='bbox 1277 2054 1553 2115; x_wconf 83' lang='lat' dir='ltr'><strong>tamquam</strong></span> <span class='ocrx_word' id='word_1_177' title='bbox 1573 2045 1760 2099; x_wconf 88' lang='lat' dir='ltr'><strong>osculo</strong></span> 
     </span>
     <span class='ocr_line' id='line_1_25' title="bbox 180 2119 1761 2191; baseline -0.003 -14"><span class='ocrx_word' id='word_1_178' title='bbox 180 2122 491 2177; x_wconf 82' lang='lat' dir='ltr'><strong>dilectionis</strong></span> <span class='ocrx_word' id='word_1_179' title='bbox 525 2120 812 2176; x_wconf 85' lang='lat' dir='ltr'><strong>salutando</strong></span> <span class='ocrx_word' id='word_1_180' title='bbox 848 2120 1248 2191; x_wconf 85' lang='lat' dir='ltr'><strong>amplectuntur</strong></span> <span class='ocrx_word' id='word_1_181' title='bbox 1285 2134 1343 2173; x_wconf 84' lang='lat' dir='ltr'><strong>se</strong></span> <span class='ocrx_word' id='word_1_182' title='bbox 1380 2119 1437 2173; x_wconf 90' lang='lat' dir='ltr'><strong>in</strong></span> <span class='ocrx_word' id='word_1_183' title='bbox 1447 2120 1621 2173; x_wconf 83' lang='lat' dir='ltr'><strong>vicem</strong></span> <span class='ocrx_word' id='word_1_184' title='bbox 1636 2159 1648 2182; x_wconf 91' lang='lat'><strong>‚</strong></span> <span class='ocrx_word' id='word_1_185' title='bbox 1698 2128 1761 2173; x_wconf 92' lang='lat' dir='ltr'><strong>ut</strong></span> 
     </span>
     <span class='ocr_line' id='line_1_26' title="bbox 178 2194 1760 2264; baseline -0.003 -12"><span class='ocrx_word' id='word_1_186' title='bbox 178 2197 382 2253; x_wconf 81' lang='lat' dir='ltr'><strong>olivam</strong></span> <span class='ocrx_word' id='word_1_187' title='bbox 396 2196 601 2251; x_wconf 83' lang='lat' dir='ltr'><strong>hedera</strong></span> <span class='ocrx_word' id='word_1_188' title='bbox 617 2237 629 2259; x_wconf 87' lang='lat'>,</span> <span class='ocrx_word' id='word_1_189' title='bbox 670 2204 725 2250; x_wconf 86' lang='lat' dir='ltr'><strong>et</strong></span> <span class='ocrx_word' id='word_1_190' title='bbox 742 2195 955 2250; x_wconf 88' lang='lat' dir='ltr'><strong>ulmum</strong></span> <span class='ocrx_word' id='word_1_191' title='bbox 974 2195 1127 2249; x_wconf 81' lang='lat' dir='ltr'><strong>vitis,</strong></span> <span class='ocrx_word' id='word_1_192' title='bbox 1205 2194 1431 2264; x_wconf 78' lang='lat' dir='ltr'><strong>Aliquas</strong></span> <span class='ocrx_word' id='word_1_193' title='bbox 1449 2202 1630 2248; x_wconf 82' lang='lat' dir='ltr'><strong>tamen</strong></span> <span class='ocrx_word' id='word_1_194' title='bbox 1651 2209 1760 2247; x_wconf 91' lang='lat' dir='ltr'><strong>non</strong></span> 
     </span>
     <span class='ocr_line' id='line_1_27' title="bbox 180 2266 1762 2342; baseline -0.003 -16"><span class='ocrx_word' id='word_1_195' title='bbox 180 2271 357 2327; x_wconf 89' lang='lat' dir='ltr'><strong>solum</strong></span> <span class='ocrx_word' id='word_1_196' title='bbox 376 2280 655 2326; x_wconf 78' lang='lat' dir='ltr'><strong>aversatur</strong></span> <span class='ocrx_word' id='word_1_197' title='bbox 673 2269 870 2342; x_wconf 88' lang='lat' dir='ltr'><strong>(vitis),</strong></span> <span class='ocrx_word' id='word_1_198' title='bbox 902 2284 1094 2324; x_wconf 84' lang='lat' dir='ltr'><strong>verum</strong></span> <span class='ocrx_word' id='word_1_199' title='bbox 1121 2269 1284 2324; x_wconf 84' lang='lat' dir='ltr'><strong>etiam</strong></span> <span class='ocrx_word' id='word_1_200' title='bbox 1304 2269 1496 2332; x_wconf 83' lang='lat' dir='ltr'><strong>evitat,</strong></span> <span class='ocrx_word' id='word_1_201' title='bbox 1527 2266 1762 2322; x_wconf 80' lang='lat' dir='ltr'><strong>manife-</strong></span> 
     </span>
     <span class='ocr_line' id='line_1_28' title="bbox 180 2342 1762 2417; baseline -0.003 -16"><span class='ocrx_word' id='word_1_202' title='bbox 180 2355 259 2401; x_wconf 87' lang='lat' dir='ltr'><strong>ste</strong></span> <span class='ocrx_word' id='word_1_203' title='bbox 277 2345 567 2401; x_wconf 84' lang='lat' dir='ltr'><strong>ostendens</strong></span> <span class='ocrx_word' id='word_1_204' title='bbox 587 2346 647 2399; x_wconf 89' lang='lat' dir='ltr'><strong>in</strong></span> <span class='ocrx_word' id='word_1_205' title='bbox 668 2344 931 2417; x_wconf 85' lang='lat' dir='ltr'><strong>adspectu</strong></span> <span class='ocrx_word' id='word_1_206' title='bbox 949 2360 1050 2399; x_wconf 87' lang='lat' dir='ltr'><strong>suo</strong></span> <span class='ocrx_word' id='word_1_207' title='bbox 1063 2385 1077 2409; x_wconf 89' lang='lat'>‚</span> <span class='ocrx_word' id='word_1_208' title='bbox 1100 2342 1248 2416; x_wconf 90' lang='lat' dir='ltr'><strong>quod</strong></span> <span class='ocrx_word' id='word_1_209' title='bbox 1269 2344 1326 2398; x_wconf 85' lang='lat' dir='ltr'><strong>in</strong></span> <span class='ocrx_word' id='word_1_210' title='bbox 1347 2342 1534 2417; x_wconf 82' lang='lat' dir='ltr'><strong>fugam</strong></span> <span class='ocrx_word' id='word_1_211' title='bbox 1554 2360 1614 2397; x_wconf 91' lang='lat' dir='ltr'><strong>se</strong></span> <span class='ocrx_word' id='word_1_212' title='bbox 1635 2360 1762 2396; x_wconf 82' lang='lat' dir='ltr'><strong>ver-</strong></span> 
     </span>
     <span class='ocr_line' id='line_1_29' title="bbox 180 2418 1755 2493; baseline -0.003 -17"><span class='ocrx_word' id='word_1_213' title='bbox 180 2430 339 2485; x_wconf 84' lang='lat' dir='ltr'><strong>teret,</strong></span> <span class='ocrx_word' id='word_1_214' title='bbox 368 2422 417 2474; x_wconf 90' lang='lat' dir='ltr'><strong>si</strong></span> <span class='ocrx_word' id='word_1_215' title='bbox 437 2420 607 2492; x_wconf 82' lang='lat' dir='ltr'><strong>pedes</strong></span> <span class='ocrx_word' id='word_1_216' title='bbox 626 2419 876 2488; x_wconf 84' lang='lat' dir='ltr'><strong>haberet3</strong></span> <span class='ocrx_word' id='word_1_217' title='bbox 912 2427 1074 2491; x_wconf 83' lang='lat' dir='ltr'><strong>atque</strong></span> <span class='ocrx_word' id='word_1_218' title='bbox 1094 2421 1315 2493; x_wconf 76' lang='lat' dir='ltr'><strong>languet</strong></span> <span class='ocrx_word' id='word_1_219' title='bbox 1333 2435 1440 2474; x_wconf 89' lang='lat' dir='ltr'><strong>non</strong></span> <span class='ocrx_word' id='word_1_220' title='bbox 1461 2418 1755 2483; x_wconf 87' lang='lat' dir='ltr'><strong>modicum,</strong></span> 
     </span>
     <span class='ocr_line' id='line_1_30' title="bbox 180 2493 1761 2567; baseline -0.003 -16"><span class='ocrx_word' id='word_1_221' title='bbox 180 2496 227 2551; x_wconf 86' lang='lat' dir='ltr'><strong>si</strong></span> <span class='ocrx_word' id='word_1_222' title='bbox 256 2496 481 2567; x_wconf 85' lang='lat' dir='ltr'><strong>propius</strong></span> <span class='ocrx_word' id='word_1_223' title='bbox 513 2494 757 2559; x_wconf 85' lang='lat' dir='ltr'><strong>accedat,</strong></span> <span class='ocrx_word' id='word_1_224' title='bbox 797 2495 1059 2567; x_wconf 88' lang='lat' dir='ltr'><strong>quoniam</strong></span> <span class='ocrx_word' id='word_1_225' title='bbox 1086 2495 1302 2551; x_wconf 81' lang='lat' dir='ltr'><strong>steriles</strong></span> <span class='ocrx_word' id='word_1_226' title='bbox 1323 2493 1627 2550; x_wconf 86' lang='lat' dir='ltr'><strong>redduntur</strong></span> <span class='ocrx_word' id='word_1_227' title='bbox 1644 2494 1761 2565; x_wconf 79' lang='lat' dir='ltr'><strong>pri-</strong></span> 
     </span>
     <span class='ocr_line' id='line_1_31' title="bbox 180 2568 1760 2644; baseline -0.002 -19"><span class='ocrx_word' id='word_1_228' title='bbox 180 2588 297 2625; x_wconf 84' lang='lat' dir='ltr'><strong>mae</strong></span> <span class='ocrx_word' id='word_1_229' title='bbox 326 2571 445 2625; x_wconf 87' lang='lat' dir='ltr'><strong>cius</strong></span> <span class='ocrx_word' id='word_1_230' title='bbox 475 2572 895 2644; x_wconf 80' lang='lat' dir='ltr'><strong>germinationes</strong></span> <span class='ocrx_word' id='word_1_231' title='bbox 932 2579 985 2624; x_wconf 88' lang='lat' dir='ltr'><strong>et</strong></span> <span class='ocrx_word' id='word_1_232' title='bbox 1012 2572 1260 2643; x_wconf 78' lang='lat' dir='ltr'><strong>germina</strong></span> <span class='ocrx_word' id='word_1_233' title='bbox 1283 2569 1546 2642; x_wconf 87' lang='lat' dir='ltr'><strong>producta</strong></span> <span class='ocrx_word' id='word_1_234' title='bbox 1581 2568 1760 2624; x_wconf 85' lang='lat' dir='ltr'><strong>adhuc</strong></span> 
     </span>
     <span class='ocr_line' id='line_1_32' title="bbox 180 2642 1760 2709; baseline -0.002 -8"><span class='ocrx_word' id='word_1_235' title='bbox 180 2654 379 2701; x_wconf 85' lang='lat' dir='ltr'><strong>restant</strong></span> <span class='ocrx_word' id='word_1_236' title='bbox 398 2655 459 2702; x_wconf 89' lang='lat' dir='ltr'><strong>ut</strong></span> <span class='ocrx_word' id='word_1_237' title='bbox 478 2646 719 2703; x_wconf 87' lang='lat' dir='ltr'><strong>novella:</strong></span> <span class='ocrx_word' id='word_1_238' title='bbox 748 2646 823 2703; x_wconf 86' lang='lat' dir='ltr'><strong>ita</strong></span> <span class='ocrx_word' id='word_1_239' title='bbox 843 2654 903 2700; x_wconf 92' lang='lat' dir='ltr'><strong>ut</strong></span> <span class='ocrx_word' id='word_1_240' title='bbox 920 2646 1278 2703; x_wconf 83' lang='lat' dir='ltr'><strong>invisibiliter</strong></span> <span class='ocrx_word' id='word_1_241' title='bbox 1298 2647 1628 2709; x_wconf 80' lang='lat' dir='ltr'><strong>exsiccetur,</strong></span> <span class='ocrx_word' id='word_1_242' title='bbox 1653 2642 1760 2699; x_wconf 87' lang='lat' dir='ltr'><strong>alia</strong></span> 
     </span>
     <span class='ocr_line' id='line_1_33' title="bbox 182 2720 1019 2795; baseline 0 -20"><span class='ocrx_word' id='word_1_243' title='bbox 182 2738 395 2794; x_wconf 82' lang='lat' dir='ltr'><strong>quoque</strong></span> <span class='ocrx_word' id='word_1_244' title='bbox 414 2722 681 2794; x_wconf 79' lang='lat' dir='ltr'><strong>paulatim</strong></span> <span class='ocrx_word' id='word_1_245' title='bbox 702 2720 1019 2795; x_wconf 75' lang='lat' dir='ltr'><strong>mulgendo.</strong></span> 
     </span>
    </p>
   </div>
  </div>
 </body>
</html>
