2125 3084
164 185 357 266 [ιω]
441 203 541 249 DE
578 179 1126 252 Pfiovrnun‘rn
1157 189 1416 254 'sunno
1453 197 1516 254 Π.
1711 206 1776 258 63

176 355 185 362 ,
299 306 380 358 ⁴9.
420 303 611 360 Vestes
648 321 781 359 vem
808 323 879 360 ex
916 305 1118 360 ovibus
1153 299 1310 370 sunt,
1358 315 1420 362 ut
1447 310 1642 379 poetae,
1663 312 1774 366 iam

166 378 467 442 dixerunt,
500 377 686 434 flores:
720 379 1026 436 secundum
1046 389 1230 436 autem
1246 383 1586 453 operativum
1603 393 1774 440 artem

162 462 453 509 textorum
470 455 613 508 laus.

286 526 444 594 Quod
471 529 523 584 si
542 545 647 600 per
674 529 907 601 gloriam
934 530 1063 600 quis
1091 545 1290 602 magua
1317 529 1386 585 de
1407 547 1467 586 se
1487 532 1802 604 cogitabit,·-

165 603 389 675 quippe
414 604 514 674 qui
534 603 607 658 ab
624 603 894 675 improbis
912 605 1345 674 acceptationem
1363 605 1562 660 laetam
1582 621 1776 662 eonse-

165 685 339 734 cutus
356 677 553 766 {neria
572 679 739 743 sciat,
754 678 915 750 quod
932 679 1125 756 etipse
1144 679 1430 750 improbus
1451 688 1559 736 est:
1588 681 1774 736 simile

166 753 327 808 enim
342 753 521 808 emili
537 752 763 825 gaudet.
816 754 1018 808 Verum
1038 762 1236 808 oret-ut
1257 754 1586 810 munditiam
1607 757 1773 810 attin-

165 836 296 901 gat,
332 827 581 907 sanapdo
604 845 796 894 aures,
839 845 943 900 ¹per
970 845 1110 899 quas
1135 830 1338 886 animis
1367 825 1564 902 graves
1593 830 1771 886 morbi

164 902 521 975 contingunt.

288 1013 375 1066 20.
413 1007 635 1066 Discant
664 1011 829 1066 etiam
850 1013 1191 1083 quicumque
1207 1011 1427 1066 viribus
1447 1011 1653 1066 validis
1674 1029 1771 1067 su—

167 1083 465 1157 perbiunt,
499 1101 567 1140 ne
591 1083 1150 1150 cervices'extollant,
1187 1081 1262 1162 [Ἴ
1291 1087 1570 1140 intuentes
1615 1085 1770 1141 cicu—

167 1177 301 1215 rum
346 1167 401 1213 et
438 1160 736 1232 agrestium
782 1178 844 1215 ac
882 1161 1275 1216 indomitorum
1315 1161 1637 1216 animalium
1676 1179 1794 1216 ca·-

166 1247 356 1290 tervas
373 1234 617 1289 infinitas
633 1277 645 1299 ‚
687 1235 893 1309 quibus
920 1237 1010 1290 vis
1032 1245 1086 1290 et
1103 1237 1270 1312 robur
1291 1253 1390 1290 con
1433 1237 1642 1290 en'itmn
1663 1245 1760 1291 est.

162 1309 391 1366 Etenim
420 1323 491 1364 ex
518 1309 1041 1384 absurdissimorum
1069 1313 1210 1366 serie
1239 1320 1347 1375 est,
1431 1328 1460 1366 e
1489 1310 1604 1365 illis
1625 1328 1768 1383 quae

164 1385 465 1440 inbelluis
494 1385 683 1440 insunt
710 1387 857 1440 vires
874 1427 886 1450 ‚
942 1401 1147 1457 eaeque
1183 1386 1360 1459 magis
1389 1386 1678 1458 expeditae
1707 1387 1767 1441 in

164 1461 315 1526 vita,
347 1459 627 1542 hominem
646 1461 891 1534 gloriari.

279 1574 367 1630 24.
406 1571 475 1626 Et
490 1580 666 1642 quare
680 1609 695 1634 ‚
722 1569 823 1640 qui
842 1570 1047 1640 optime
1068 1571 1260 1634 sentit,
1283 1570 1354 1626 de
1375 1571 1616 1641 corporis
1635 1571 1768 1641 pul-

162 1645 487 1702 chritudine
516 1643 841 1712 exsultabit,
884 1660 1052 1714 quam
1090 1643 1259 1700 breve
1294 1655 1512 1717 tempus
1553 1646 1764 1702 exstin-

162 1722 319 1793 gui-t,
340 1727 638 1790 antequam
658 1718 869 1774 diutius
883 1715 1130 1777 floruerit
1142 1761 1155 1784 ,
1186 1719 1437 1776 fallacem
1455 1721 1765 1774 communi—

162 1794 373 1865 ter(vel
390 1793 677 1850 fallentem
694 1792 882 1849 oculos
900 1793 1080 1866 vulgi)
1097 1794 1329 1849 deficere
1349 1811 1410 1848 ac
1429 1809 1765 1848 marcescere

164 1867 417 1926 faciens?
470 1869 539 1924 Et
558 1867 661 1924 hoc
679 1869 999 1940 praecipue,
1035 1878 1327 1941 postquam
1347 1867 1407 1922 id
1426 1867 1570 1922 vidit
1597 1867 1764 1921 etiam

163 1948 227 2001 in
267 1941 437 1998 rebus
472 1943 786 2010 inanimatis
804 1951 868 2000 -et
893 1946 1094 2016 pratis,
1137 1944 1195 1998 in
1223 1943 1475 2014 pulchris
1501 1941 1763 2011 operibus

162 2021 443 2093 pictorum
481 2017 841 2090 fictorumque
854 2061 867 2084 ‚
926 2036 988 2074 ac
1023 2020 1083 2074 i-ti
1117 2027 1454 2072 caeterorum
1492 2015 1762 2071 artificum

164 2095 318 2150 vivis
347 2095 580 2166 picturis
618 2103 672 2150 et
708 2093 1046 2167 imaginihus
1075 2093 1214 2166 (sive
1249 2091 1465 2165 statuis)
1501 2099 1664 2162 atque
1702 2091 1760 2145 in

165 2172 439 2228 tincturae
473 2177 831 2242 texturaeque
868 2168 1228 2230 varietatibus
1257 2166 1406 2240 apud
1443 2167 1678 2223 Graecos
1711 2175 1764 2220 et

168 2243 430 2300 barbaros
458 2245 764 2302 secundum
792 2245 972 2300 varias
1004 2244 1256 2299 civitates
1275 2241 1596 2315 vigentibus
1618 2240 1762 2296 cele—

168 2319 469 2392 bratisque.
1577 2331 1582 2336 ·

278 2430 363 2486 22.
390 2428 553 2484 Porro
572 2430 828 2492 istorum,
849 2445 994 2499 quae
1014 2426 1162 2490 dixi,
1189 2423 1406 2482 nullum
1423 2423 1574 2497 apud
1595 2425 1759 2480 deum

170 2501 302 2558 boni
330 2497 565 2558 alicuius
595 2503 711 2560 loco
738 2504 931 2560 haberi
950 2502 1182 2575 dignum
1206 2502 1330 2558 fuit.
1407 2502 1476 2556 Et
1495 2500 1633 2573 quid
1654 2501 1762 2556 mi-

170 2575 381 2641 ramur,
428 2578 481 2632 si
512 2594 623 2633 non
650 2579 799 2650 apud
828 2577 1030 2635 deum‘?
1077 2577 1368 2649 Siquidem
1397 2593 1577 2648 neque
1605 2575 1763 2649 apud

168 2657 435 2708 amatores
454 2651 545 2706 dei
564 2653 707 2710 inter
726 2653 975 2708 homines
991 2695 1004 2719 ,
1034 2653 1184 2724 apud
1201 2670 1340 2724 quos
1360 2669 1502 2724 quae
1523 2652 1594 2707 ad
1611 2653 1762 2708 veri-

169 2735 335 2784 tatem
352 2735 625 2801 spectant,
660 2746 723 2785 ea
737 2736 807 2802 ut
822 2727 963 2786 bona
982 2727 1317 2801 honestaque
1339 2730 1396 2786 in
1416 2729 1591 2800 pretio
1609 2736 1758 2784 sunt.
