2125 3084
197 178 280 242 [ιι
302 174 419 240 ssa]
825 178 921 222 DE
958 178 1161 225 ῙοΝΑ.
1295 214 1304 221 .
1685 176 1776 229 42}

196 281 306 342 vit,
331 279 431 349 qui
452 276 729 332 medicum
750 276 1110 349 despiciebat.
1173 277 1328 333 Sicut
1347 280 1492 333 enim
1512 280 1596 335 illi
1617 283 1674 335 in
1695 283 1806 351 vir

196 362 282 409 tae
304 369 435 407 suae
454 356 863 408 conversatione
882 352 1233 425 aegrotabant
1247 362 1272 418 ,⁸
1292 354 1374 408 sic
1394 360 1447 407 et
1464 356 1727 426 propheta
1754 374 1785 410 a

198 430 291 485 dei
308 429 540 483 scientia
558 428 784 491 desciit,
819 427 888 482 ab
910 427 1198 500 infugibili
1217 427 1318 483 deo
1337 426 1526 502 fu'gere
1545 447 1604 484 se
1624 447 1785 503 posse

198 513 415 575 putans.

310 631 363 685 4.
404 628 685 683 Accedens
714 628 899 699 itaque
926 627 995 683 ad
1017 644 1144 681 eum
1165 626 1448 693 dominus,
1482 637 1542 683 ut
1562 630 1790 701 iampri—

195 706 325 760 dem
355 703 590 769 solebat,
634 704 715 758 sic
741 704 927 775 ipsum
957 702 1278 773 alloquitur:
1349 703 1558 767 Viden’,
1603 722 1634 759 o
1660 721 1789 777 pro-

194 780 391 851 pheta,
435 779 695 833 Ninivem
723 779 1030 841 civitatem,
1073 777 1233 831 cuius
1264 794 1364 849 ego
1399 778 1628 851 largitus
1666 798 1790 836 sum

194 870 414 909 omnem
445 853 683 908 laetitiae
712 846 1112 908 habitatoribus
1135 851 1473 907 abundanter
1491 852 1790 910 rationem?

197 928 382 984 viden’
399 928 606 998 spicam
626 927 767 983 bene
788 926 1106 1001 vigentem?
1143 934 1340 981 terram
1361 930 1566 1001 optime
1585 930 1792 1001 germi-

194 1012 421 1059 nantem
449 1020 615 1073 supra
642 1020 861 1057 omnem
888 1000 1124 1058 terram?
1153 998 1225 1075 [³¹⁶]
1259 1003 1448 1057 mitem
1478 1021 1540 1058 ac
1569 1004 1790 1061 dulcem

196 1082 323 1133 ae'ra
354 1077 499 1131 circa
526 1095 643 1132 eam
670 1076 913 1133 iucunde
950 1076 1276 1133 circulatam
1314 1077 1382 1131 ad
1422 1077 1790 1135 fertilitatem?

194 1156 320 1209 Non
354 1150 531 1223 frigus
556 1152 743 1226 algens
758 1194 771 1217 ‚
804 1169 907 1207 nec
926 1151 1107 1207 imber
1126 1150 1440 1207 redundans
1455 1194 1467 1216 ,
1502 1170 1680 1225 neque
1699 1172 1792 1209 so-

197 1230 313 1285 lem
342 1234 531 1281 natura
560 1228 678 1300 ipsa
696 1244 796 1283 sua
816 1227 1138 1283 calidiorem
1157 1236 1387 1298 possunt
1403 1237 1682 1299 praetexto
1703 1232 1792 1285 in-

196 1319 414 1358 cusare.
492 1300 635 1369 Quid
664 1319 793 1375 ergo
823 1303 883 1357 id
910 1302 1051 1357 mihi
1070 1310 1177 1366 est,
1220 1302 1368 1375 quod
1389 1302 1630 1359 debitam
1650 1305 1790 1363 mihi

196 1376 593 1451 gratitudinem
633 1376 957 1433 inhibeant?
1012 1394 1146 1432 num
1183 1378 1411 1433 multam
1450 1380 1588 1433 mihi
1629 1381 1791 1453 exigo

196 1451 509 1509 mercedem
535 1470 635 1525 pro
654 1461 731 1509 tot
748 1453 1023 1525 tantisque
1043 1452 1328 1508 beneficiis
1345 1496 1358 1519 ,
1392 1455 1526 1510 utin
1546 1454 1791 1511 officium

196 1530 401 1602 gratias
438 1526 635 1601 agant?
695 1528 793 1582 Isti
832 1545 961 1583 vero
1001 1528 1059 1582 in
1099 1536 1302 1583 tantam
1339 1530 1792 1602 ingratitudinem

198 1606 471 1659 devenere
486 1644 499 1667 ,
524 1611 712 1657 utnon
735 1602 914 1657 solum
935 1619 1043 1656 non
1063 1604 1266 1675 gratias
1289 1621 1448 1676 agere
1468 1606 1668 1669 velint,
1693 1624 1792 1660 ve-

196 1696 321 1735 rum
344 1680 509 1735 etiam
530 1678 735 1749 gratias
754 1677 865 1732 sibi
888 1678 1210 1749 largientem
1235 1678 1506 1750 ignorent.
1583 1680 1792 1750 thuid

196 1768 331 1825 ergo
369 1768 595 1807 necesse
628 1752 731 1807 erit
758 1752 847 1807 his
874 1753 1090 1808 caelum
1121 1752 1304 1807 lucide
1332 1752 1571 1824 fulgere,
1615 1754 1792 1808 nubes

194 1844 410 1890 rorare,
454 1835 653 1881 terram
680 1825 867 1899 fruges
898 1826 1066 1892 ferre,
1099 1827 1318 1882 arbores
1337 1826 1645 1881 fructiferas
1665 1843 1796 1899 pro-

196 1905 430 1966 ducere,
472 1902 661 1957 lunam
682 1901 865 1958 lumen
888 1911 1163 1974 praestare
1179 1943 1191 1965 ‚
1235 1909 1289 1955 et
1311 1900 1484 1955 solem
1503 1902 1561 1955 in
1582 1902 1792 1957 animas

196 1982 445 2050 ingratas
483 1975 871 2047 splendoribus
898 1975 1070 2032 oriri?
1134 1974 1282 2041 Quae
1311 1974 1520 2041 omnia,
1564 1983 1626 2029 ut
1653 1974 1792 2031 mihi

197 2053 422 2116 videor,
482 2052 811 2122 recipientes
848 2052 1070 2108 inutilia
1109 2048 1420 2105 effecerunt.
1508 2048 1696 2107 Oculis
1733 2050 1794 2105 in

196 2129 431 2185 scientia
469 2126 683 2200 opificis
712 2126 985 2183 mundum
1014 2144 1121 2181 non
1150 2124 1434 2189 viderunt,
1478 2142 1636 2180 aures
1665 2142 1792 2179 suas

196 2211 387 2259 contra
404 2203 625 2275 pietatis
646 2202 816 2257 verba
844 2202 1216 2264 incluserunt,
1256 2208 1309 2256 et
1337 2200 1514 2273 ipsam
1547 2199 1792 2272 linguam

196 2282 261 2335 in
280 2296 369 2335 me
386 2278 531 2333 mala
550 2278 815 2335 memoria
834 2276 1144 2333 divinitatis
1163 2284 1468 2331 moverunt.

316 2407 369 2459 5.
419 2401 577 2470 Quod
603 2403 655 2456 si
682 2402 779 2457 illa
810 2400 879 2456 ad
907 2418 995 2456 me
1024 2400 1318 2466 maleficia,
1363 2400 1431 2457 ad
1460 2418 1518 2455 se
1553 2400 1791 2455 invicem

196 2478 503 2536 virtutibus
524 2476 863 2541 refecissent,
896 2476 1056 2530 venia
1078 2476 1324 2531 fortassis
1345 2479 1425 2531 eis
1445 2474 1791 2530 concedenda

199 2563 374 2611 esset:
436 2569 585 2607 nunc
613 2560 797 2607 autem
826 2551 1100 2606 accusatio
1115 2552 1357 2607 istorum
1384 2568 1512 2625 erga
1541 2550 1792 2607 homines

198 2630 530 2697 delictorum
558 2626 958 2681 accusationem
986 2624 1312 2680 delictorum
1341 2636 1468 2699 'erga
1496 2625 1660 2681 deum
1693 2644 1790 2681 su-

200 2704 438 2779 peravit.
516 2702 657 2755 Nam
694 2702 839 2757 sicut
866 2709 1084 2771 tempus
1113 2718 1300 2755 eorum
1328 2702 1388 2757 in
1415 2710 1613 2767 aetates
1643 2702 1794 2757 divi-
