2125 3084
154 182 235 248 [11,
261 179 379 245 518]
533 185 613 230 IN
650 185 989 240 EXODUM.
1028 186 1284 232 SERMO
1321 187 1384 232 11.
1651 180 1748 234 363

154 303 321 344 sensu
342 292 473 341 sunt
486 326 499 350 ‚
525 284 797 342 disserere
810 326 825 350 ,
845 286 1006 340 initio
1027 284 1170 340 facto
1191 301 1220 339 a
1240 301 1432 342 mensa.
1483 288 1608 342 Iure
1624 288 1754 359 qui-

156 361 279 418 dem
308 369 364 416 et
388 361 677 430 decenter3
750 361 1014 432 quoniam
1034 377 1226 415 mensa
1245 361 1651 434 receptaculum
1672 362 1756 416 ci-

157 437 348 493 borum
379 444 483 491 est.
563 435 765 492 Cibum
794 444 976 491 autem
1006 436 1180 491 sumit
1205 436 1394 491 nullus
1422 436 1757 509 intelligibi-

160 511 223 568 lis
238 555 251 578 ,
286 521 350 566 ut
368 510 623 584 inindiga
638 553 651 576 ‚
674 510 771 566 sed
793 511 1138 582 quicumque
1157 518 1408 566 naturam
1429 511 1656 567 sortitus
1675 519 1758 566 est

158 586 579 658 corporalitatis:
642 585 771 643 ideo
798 585 1117 659 symbolum
1136 585 1294 657 ponit
1311 603 1560 642 mensam
1579 587 1759 640 sensi-

156 663 259 718 bili
289 679 352 717 ac
382 663 627 734 corporis
658 660 889 718 formam
919 660 1148 716 habenti
1176 662 1469 716 essentiae.
1548 662 1664 716 Nec
1699 659 1759 715 id

154 746 366 794 tantum
382 777 395 802 ‚
436 736 536 792 sed
565 737 732 792 etiam
767 745 1055 810 propterea
1072 777 1084 801 ,
1128 736 1278 808 quod
1315 738 1760 792 communionem

152 812 433 886 quandam
452 811 731 886 significat
759 829 949 867 mensa
976 827 1168 867 eorum
1193 813 1398 885 gratia,
1440 812 1540 884 qui
1570 828 1640 867 ex
1667 828 1763 866 eo-

152 889 283 945 dem
304 888 419 943 sale
436 897 491 942 et
508 889 737 942 victima
755 887 1178 959 participarunt.
1245 886 1540 960 Siquidem
1559 895 1643 942 est
1663 885 1763 941 ad-

153 963 368 1020 ducens
396 963 637 1018 similem
666 957 726 1018 in
756 962 1112 1018 dilectionem
1139 971 1363 1036 propter
1391 962 1502 1037 (vel
1529 961 1648 1036 per)
1677 978 1760 1018 se.

150 1038 313 1096 Nihil
333 1045 513 1092 tamen
532 1047 585 1094 et
605 1037 811 1094 nullibi
832 1037 1072 1094 amabile
1093 1045 1202 1102 est,
1245 1039 1392 1094 sicut
1413 1056 1441 1093 a
1463 1055 1564 1093 sua
1589 1037 1762 1094 factas

152 1114 399 1171 essentia
420 1121 603 1184 partes
628 1113 845 1168 mundi.
924 1110 1198 1180 Quoniam
1217 1114 1379 1185 quasi
1400 1113 1591 1169 cibum
1607 1130 1764 1168 sum-

152 1199 355 1263 pturus
384 1196 440 1243 et
466 1188 727 1244 laetitiam
759 1195 1086 1262 accepturus
1116 1206 1147 1243 a
1177 1190 1423 1262 genitore
1453 1206 1641 1245 eorum
1663 1205 1764 1262 pa·

152 1274 266 1328 tre,
311 1262 541 1319 reddere
570 1265 723 1320 vices
754 1281 816 1320 ae
845 1263 1152 1320 retribuere
1170 1265 1466 1321 utilitatem
1485 1266 1632 1321 sicut
1651 1263 1764 1320 fra·

152 1339 340 1396 tribus
358 1339 695 1411 quibusdam
725 1339 793 1394 ab
825 1338 1019 1396 eodem
1047 1348 1202 1412 patre
1231 1339 1535 1414 eademque
1565 1348 1757 1404 matre,
1787 1368 1794 1386 ·

153 1415 326 1471 discit
343 1415 581 1488 desuper
600 1415 669 1488 (s.
692 1415 955 1489 rursum).
1022 1413 1182 1483 Quod
1198 1433 1330 1472 vero
1349 1434 1418 1473 ea>
1435 1435 1570 1474 auro
1581 1421 1763 1486 puris-

154 1498 285 1546 simo
324 1500 438 1548 erat
478 1507 695 1557 mensa,
734 1491 869 1562 quia
908 1499 1019 1546 tota
1057 1490 1254 1548 mundi
1285 1493 1522 1562 essentia
1551 1501 1666 1551 erat
1691 1509 1762 1548 ex

153 1567 383 1640 probata
402 1567 690 1639 electaque
708 1575 890 1638 parte3
929 1568 1194 1638 quoniam
1214 1568 1652 1642 unumquodque
1671 1576 1762 1622 ut-

154 1660 395 1716 cumque
413 1651 531 1698 erat
554 1659 655 1714 per
682 1659 839 1698 suam
868 1645 1163 1698 essentiam
1193 1645 1313 1700 sive
1342 1653 1620 1710 naturam,
1664 1642 1763 1698 ad-

154 1719 269 1775 huc
290 1719 555 1775 maiorem
575 1716 968 1789 perfectionem
989 1728 1378 1792 suscepturum
1399 1726 1533 1774 erat.

194 1894 272 1959 [⁸²]
298 1891 383 1941 'Ad
400 1891 518 1956 quid
532 1891 753 1955 „tortilia
772 1894 1025 1960 cymacia“
1042 1894 1174 1943 circa
1191 1897 1428 1942 mensam?
1455 1896 1560 1954 (25,
1583 1897 1648 1940 24
1659 1892 1726 1953 s.)

272 2014 361 2068 70.
422 2011 690 2085 Corporea
724 2015 1114 2070 universorum
1143 2013 1380 2068 essentia
1407 2010 1762 2066 mutationem

151 2089 359 2160 recipit
378 2088 448 2143 ad
468 2087 809 2145 effectionem
839 2089 907 2161 (s.
928 2087 1357 2162 generationem)
1387 2087 1652 2160 partium,
1694 2102 1764 2139 ex

150 2163 368 2238 quibus
399 2164 641 2229 mundus
669 2163 1126 2222 constituebatur.
1185 2201 1190 2208 -

266 2339 361 2389 C'ur
392 2357 535 2405 super
566 2355 773 2390 mensam
808 2339 1008 2403 ,‚cat2’m'
1039 2349 1086 2388 et
1121 2338 1384 2401 thuribula,
1423 2335 1586 2404 cyathi
1617 2345 1662 2385 et

667 2408 893 2459 libatoria
906 2409 971 2455 “r
1007 2412 1115 2471 (25,
1147 2408 1258 2470 29.)

264 2509 353 2562 7⁴.
400 2509 575 2566 Cotini
594 2509 660 2583 (S.
683 2508 925 2586 phialae)
946 2509 1280 2566 ferculorum
1309 2498 1560 2581 symbola
1589 2513 1758 2568 erant,

149 2594 203 2640 et
227 2587 405 2652 cyathi
424 2586 699 2650 convivii,
741 2584 949 2658 quibus
976 2603 1190 2641 merum
1211 2590 1584 2650 mensuratum
1649 2585 1766 2637 thu-

146 2662 334 2714 ribula
365 2667 545 2713 autem
576 2660 758 2715 thuris
786 2677 948 2724 vasa,
992 2668 1047 2715 et
1078 2663 1324 2715 libatoria
1345 2657 1482 2713 ’vini
1527 2657 1762 2714 libandi.

148 2735 261 2789 Per
284 2733 489 2788 fercula
512 2743 566 2789 et
586 2751 799 2790 merum
822 2735 891 2790 ad
912 2735 1232 2790 convivium
1251 2731 1492 2789 declarat
1509 2735 1766 2790 maiesta-
