2125 3084
202 196 439 265 [mata]
551 201 631 246 IN
674 202 1034 247 GENESIN.
1078 202 1330 247 SERMO
1371 204 1460 250 lv.
1731 196 1822 247 ⁴63

204 304 354 358 viris
393 300 742 372 sapientibus
783 300 1112 373 perpolitas,
1173 304 1255 355 sic
1295 302 1602 357 censendus
1643 311 1727 356 est
1771 310 1824 355 et

207 376 533 433 intellectus
570 374 865 447 proficiens
904 376 1148 448 recipere
1187 378 1652 447 perseuerantiam
1683 384 1824 431 tam-

208 469 385 524 quam
421 442 857 523 speculationem
897 449 1004 520 (vel
1049 450 1606 523 contemplationem).
1685 453 1823 505 Nam

142 564 153 573 .
209 536 441 599 propter
462 542 641 580 mores
662 532 716 578 et
735 525 987 595 exempla
1014 522 1088 599 [*]
1115 527 1486 596 virtutesque,
1514 542 1621 579 non
1645 534 1824 580 autem
2056 494 2063 611 ζ

210 603 286 749 pb
324 609 537 749 cre)atos
577 608 843 670 natosque
882 599 1133 657 homines
1171 602 1424 671 quaestio
1463 608 1547 655 est
1586 600 1825 670 theologi
2063 628 2065 673 q

232 677 407 733 nostri
438 717 449 730 .

258 832 420 891 Quare
458 832 599 883 dicit:
654 832 849 895 „Isaac
884 832 1020 903 vad-it
1046 850 1142 898 per
1178 834 1408 883 desertum
1447 835 1582 883 ita-ta
1601 844 1793 897 puteum

741 900 1012 950 visioni-ew
1054 906 1162 966 (24,
1195 901 1304 965 62.)

336 1006 451 1058 138.
512 1002 558 1057 Ο
595 1002 699 1057 deo
738 1003 1025 1058 decentem
1061 1003 1581 1074 contemplationem
1610 1003 1830 1057 intelle-

214 1080 575 1151 9tionemque
596 1078 986 1150 dignissimam
1006 1087 1172 1149 atque
1193 1079 1624 1150 speculationem
1641 1119 1653 1142 ,
1687 1094 1830 1149 quae

218 1152 398 1225 digna
441 1160 554 1206 erat
598 1161 659 1207 ut
703 1170 922 1225 semper
968 1170 1096 1208 cum
1141 1154 1370 1208 canticis
1415 1162 1824 1214 memoraretur,

221 1243 463 1298 eamque
497 1227 787 1298 optimam,
827 1245 995 1299 quam
1033 1228 1182 1284 oculi
1221 1231 1464 1300 corporis
1500 1228 1693 1283 videre
1730 1245 1830 1281 ne-

220 1301 469 1373 queunt!
546 1301 766 1373 Apertis
804 1320 934 1375 ergo
970 1303 1150 1357 oculis
1188 1304 1300 1359 tuis
1338 1303 1755 1375 spiritualibuS,
1796 1320 1829 1356 o

222 1394 411 1441 mem,
461 1376 591 1431 vide
623 1377 810 1441 illum,
854 1380 953 1448 qui
983 1378 1040 1432 in
1072 1387 1126 1433 te
1154 1387 1236 1434 est
1263 1396 1362 1450 pro
1389 1380 1671 1450 exemplo,
1713 1380 1829 1433 Isa-

221 1469 413 1516 acum,
454 1452 648 1505 Risum
676 1453 930 1507 tristitiae
960 1462 1268 1525 expertem:
1329 1470 1482 1518 eum,
1523 1456 1621 1525 qui
1661 1471 1828 1525 super

219 1528 410 1582 omnia
438 1543 469 1580 a
498 1526 603 1580 deo
632 1526 770 1581 facta
800 1528 921 1581 sine
950 1529 1346 1600 interruptione
1374 1529 1579 1603 gaudet
1601 1530 1825 1601 iugiter.

220 1602 457 1657 Videbis
486 1603 636 1655 enim
671 1619 798 1656 eum
836 1620 863 1655 a
903 1602 1234 1673 promiscuis
1274 1621 1337 1658 ac
1372 1605 1695 1676 procellosis
1737 1620 1831 1655 co—

222 1676 590 1750 gitationibus
629 1687 1070 1747 praeservatum,
1113 1695 1219 1733 non
1260 1678 1478 1740 dubiis,
1527 1676 1624 1731 sed
1658 1677 1831 1730 firmis

223 1751 515 1824 gressibus
542 1760 596 1805 et
622 1750 793 1823 pedes
821 1762 1182 1824 usurpantem
1208 1752 1482 1823 sapientia
1501 1792 1513 1814 ‚
1555 1768 1697 1819 quae
1725 1752 1833 1803 im·-

225 1828 413 1881 munis
435 1834 520 1879 est
540 1844 568 1879 a
590 1828 751 1881 malis
771 1828 1215 1901 praegrandibus
1231 1867 1243 1889 ‚
1284 1826 1352 1880 ab
1381 1823 1753 1878 ineruditione
1782 1834 1835 1878 et

225 1900 673 1972 indisciplinatu.
768 1902 904 1958 Vide
942 1912 1126 1957 autem
1163 1917 1290 1959 eum
1329 1898 1389 1953 in
1425 1915 1554 1952 vera
1583 1900 1835 1969 propria-

227 1993 333 2047 que
369 1984 529 2047 parte
566 1977 870 2048 sapientiae
912 1976 1142 2050 aggredi
1182 1974 1520 2045 colloquium
1541 1971 1620 2045 ³⁶),
1680 1973 1834 2026 iuxta

226 2060 486 2122 puteum,
531 2051 735 2105 mirum
762 2052 991 2124 inquam
1019 2070 1083 2106 ac
1111 2051 1364 2105 divinum
1393 2048 1625 2112 fontem,
1667 2065 1836 2120 quem

228 2126 473 2180 Visionis
494 2126 823 2197 appellavit,
849 2144 1048 2183 nomen
1071 2126 1339 2182 familiare
1359 2134 1522 2197 atque
1547 2124 1836 2197 proprium

229 2202 519 2271 imponens
540 2202 687 2255 vitae
709 2202 1085 2274 speculativae
1115 2203 1332 2257 vacanti
1362 2202 1441 2266 ei,
1484 2200 1591 2266 Qui
1619 2200 1742 2261 Est,
1784 2208 1838 2253 et

229 2274 673 2347 incorporalibus
708 2277 766 2330 in
810 2278 931 2349 ipso
960 2275 1132 2341 ideis,
1173 2294 1315 2347 quae
1344 2291 1633 2330 mensurae
1663 2272 1836 2326 factae

231 2358 358 2404 sunt
402 2351 699 2421 utriusqhe
751 2350 968 2406 mundi.
1073 2350 1452 2423 Intelligibilis
1490 2348 1641 2401 enim
1680 2345 1837 2399 illius

230 2437 617 2496 argumentum
657 2434 741 2480 est
778 2427 885 2481 iste
922 2434 976 2480 et
1008 2435 1330 2498 prototypus
1361 2433 1525 2493 atque
1553 2418 1837 2475 sensibilis

231 2498 494 2571 (mundi),
536 2502 594 2554 in
618 2516 729 2571 quo
752 2518 850 2555 nos
871 2518 1066 2555 sumus
1081 2542 1093 2566 ,
1133 2498 1441 2553 secundum
1459 2498 1836 2565 incorpoream

232 2574 559 2642 mixturam3
615 2576 879 2645 quoniam
898 2575 1095 2629 melior
1113 2582 1298 2629 nostra
1317 2588 1445 2641 pars
1465 2569 1534 2625 ad
1554 2570 1838 2640 superiora

336 2748 381 2795 ²³)
408 2748 480 2787 Ad
496 2748 699 2789 verbum:
746 2750 935 2797 aventem
962 2744 1190 2787 diatribam
1216 2742 1473 2783 ambulandi.
1526 2740 1690 2780 Auch.

1336 2790 1430 2841 1⁴2
