2125 3084
186 171 249 236 [1,
271 169 363 236 w]
445 175 544 221 DE
580 174 1127 225 PROVIDENTIA
1163 179 1416 225 SERMO
1453 182 1514 227 11.
1713 178 1778 231 53

184 275 292 330 bus
323 276 490 339 meis,
524 282 577 329 et
606 274 675 329 ab
702 276 827 330 eliis
858 278 1021 331 etiam
1052 280 1476 351 cogitationibus
1498 282 1776 339 distrahe—

184 350 311 412 bar,
346 364 579 421 quarum
601 350 997 409 noscendarum
1018 352 1294 407 desiderio
1315 355 1776 414 vehementer‘in-

185 422 460 481 cendeber
475 458 491 489 ,-
519 425 640 479 sive
667 424 941 496 proficuae
959 426 1100 481 mihi
1123 426 1338 483 futurae
1357 430 1468 483 sint
1485 432 1607 486 sive
1627 433 1777 487 indi-
1823 468 1831 473 -

184 514 325 572 gnae
354 498 561 571 quibus
589 515 801 571 pascar.
880 502 955 555 De
975 500 1182 573 quibus
1203 502 1416 558 curiose
1437 505 1776 578 interrogans

181 574 511 645 singillatim
526 614 540 639 ,
570 581 823 645 peratum
842 592 931 629 me
950 576 1240 647 praestabo
1259 576 1329 631 ad
1347 578 1599 634 auditum
1618 597 1778 637 scru-

180 650 555 721 tationemque
580 649 847 704 veritatis.
926 649 1384 723 Quandoquidem
1413 654 1470 707 in
1501 654 1572 709 iis
1612 656 1778 711 etiem

181 739 327 795 quae
357 724 477 779 heri
506 722 744 778 confessi
773 740 994 788 sumus,
1036 726 1450 781 immanendum
1478 735 1589 793 est,
1627 737 1690 784 ut
1715 731 1776 785 in

181 798 459 853 concessis
480 815 511 852 a
530 797 709 853 nobis.
788 800 869 853 Ne
894 806 1076 853 tamen
1096 800 1415 872 imperfecta
1433 802 1778 875 relinquatur

179 873 433 944 quaestio
445 912 460 936 ‚
482 873 703 927 iamiam
721 872 871 927 unde
888 873 1046 929 decet
1065 875 1309 947 incipere
1323 916 1337 939 ,
1359 877 1650 932 exordium
1669 877 1777 935 du-

176 964 324 1002 cam.
362 962 369 971 ·

297 1037 349 1089 3.
400 1032 589 1106 (Idem)
626 1034 1018 1091 Auinnn.
1078 1036 1620 1111 Providentiamne*)
1654 1057 1776 1095 esse

179 1109 329 1165 dicis
367 1108 427 1162 in
466 1115 611 1163 tanta
648 1125 833 1163 rerum
870 1110 1282 1181 perturbatione
1320 1120 1374 1167 et
1419 1112 1777 1169 confusione?

178 1182 330 1251 Quid
358 1182 507 1237 enim
535 1199 750 1248 eorum,
791 1200 935 1255 quae
971 1186 1276 1241 secundum
1311 1180 1611 1242 humanam
1647 1198 1778 1244 sunt

176 1260 353 1315 vitam
369 1298 382 1321 ,
408 1257 653 1331 legitime
672 1257 985 1314 ordinatum
1004 1258 1121 1315 est?
1165 1262 1278 1315 imo
1296 1261 1436 1333 quid
1453 1280 1561 1319 non
1583 1271 1666 1317 est
1684 1264 1774 1318 in-

178 1333 605 1388 ordinatis'actis
625 1331 883 1393 refertum
914 1351 977 1388 ao
1004 1334 1387 1407 corruptione?
1417 1338 1593 1393 ·Tune
1621 1338 1772 1406 solus

178 1408 401 1463 nescius
438 1424 525 1472 es,
576 1407 724 1478 quod
765 1408 926 1464 malis
965 1418 1020 1464 et
1056 1410 1336 1466 sceleratis
1373 1412 1594 1484 copiose
1631 1412 1774 1469 bona

176 1482 365 1539 omnia
384 1480 643 1546 affluunt,
677 1482 933 1547 divitiae,
970 1481 1045 1558 [Ἴ
1077 1486 1283 1555 optimu
1314 1485 1485 1550 fame,
1517 1486 1766 1552 bonores,

176 1558 475 1629 multiplex
493 1558 836 1628 principatus
850 1598 863 1621 ‚
896 1558 1028 1613 item
1048 1560 1307 1615 valetudo
1326 1578 1584 1633 prospera
1600 1604 1613 1627 ,
1643 1580 1774 1617 sen-

180 1650 281 1687 sus
300 1630 560 1704 perfecti,
584 1632 938 1703 pulchritudo
954 1674 966 1696 ,
992 1633 1186 1699 robur,
1220 1634 1407 1694 fruitio
1428 1636 1774 1708 voluptatum

176 1724 397 1778 semper
425 1713 613 1777 parata
628 1746 641 1769 ,
681 1705 753 1760 ob
782 1708 994 1777 copiam
1016 1724 1184 1779 opum
1206 1718 1559 1781 pacatamque
1579 1726 1773 1780 corpo-

174 1782 257 1835 ris
298 1777 777 1835 constitutionem?
828 1780 935 1847 Qui
964 1800 1096 1837 vero
1134 1784 1352 1838 consilii
1388 1786 1689 1855 sapientiae
1719 1792 1775 1839 et

174 1855 360 1911 omnis
382 1854 602 1909 virtutis
622 1854 854 1911 studiosi
876 1864 1039 1927 etque
1057 1866 1299 1912 amantes
1325 1865 1479 1919 sunt,
1522 1857 1771 1911 universi

176 1929 294 1984 fere
322 1938 775 2000 pauperes-sunt,
818 1939 1068 2003 egentes,
1111 1931 1364 2003 inglorii,
1407 1929 1768 2003 humiles**),

176 2004 439 2059 alimento
458 2012 701 2059 carentes
716 2045 730 2069 ‚
760 2004 964 2059 infirmi
987 2013 1095 2059 toto
1119 2021 1342 2076 corpore
1357 2046 1370 2069 ,
1395 2004 1651 2059 sensibus
1670 2004 1772 2059 be-

173 2079 332 2133 betes
349 2119 362 2143 ,
402 2077 641 2149 pedibus
656 2120 669 2143 ,
713 2079 971 2134 manibus
992 2080 1331 2151 caeterisque
1347 2080 1600 2151 partibus
1620 2095 1771 2134 com-

275 2292 319 2339 ι’)
348 2291 412 2332 cf.
438 2292 607 2342 Fragm.
636 2302 692 2332 ex
716 2294 905 2333 Eusebio
932 2302 1063 2341 supr·
1088 2294 1209 2333 Tem.
1235 2294 1312 2335 vl.
1339 2307 1381 2344 p.
1411 2296 1498 2349 209.

274 2358 343 2407 ¹¹¹*)
377 2360 458 2399 Hic
483 2352 808 2409 interrumpitur
834 2359 907 2399 Gr.
934 2362 1102 2407 textus,
1147 2362 1417 2409 postmodum
1443 2362 1597 2401 iterum
1630 2364 1767 2402 eonti-

170 2410 391 2459 anundus,
434 2414 485 2450 ut
516 2411 639 2451 vides
674 2412 721 2450 in
754 2410 1052 2459 sequentibuQ
1107 2421 1237 2459 quare
1271 2412 1463 2452 consulto
1495 2412 1653 2452 Βησοῦ.
1687 2414 1770 2453 hoo

169 2462 269 2500 loeo
294 2462 399 2501 haee
424 2464 668 2501 notaverat:
721 2488 747 2508 ‚.
761 2459 880 2508 Quae
914 2460 1087 2508 quidem
1120 2462 1213 2507 me,
1259 2472 1309 2501 nc
1336 2467 1536 2502 sexcenta
1561 2462 1606 2503 m
1632 2473 1768 2512 genus

171 2512 259 2551 alis
299 2512 512 2551 refutandi
555 2512 697 2551 animo
738 2514 784 2551 et
815 2511 1041 2549 voluntate
1074 2512 1337 2561 complexus,
1381 2516 1474 2552 tum
1506 2514 1580 2553 ms
1611 2515 1766 2561 omnia,

172 2571 285 2610 quae
312 2562 393 2599 hoe
419 2563 463 2600 in
489 2571 645 2611 genere
671 2570 862 2610 pugnare
887 2560 1162 2609 videbantur,
1191 2563 1253 2602 ita
1272 2564 1523 2603 dissolvit-⁴⁴
1575 2562 1658 2604 Ubi
1676 2565 1766 2604 edi-

169 2616 239 2650 tor
264 2612 437 2650 minime
465 2608 689 2651 advertens
715 2612 825 2649 hane
882 2611 1096 2650 enocham
1121 2622 1207 2651 non
1223 2614 1415 2653 Philonis
1442 2624 1549 2662 esse,
1581 2614 1657 2654 sed
1674 2614 1762 2655 En-

174 2660 306 2709 sebii,
349 2663 619 2710 prosequitur
652 2662 853 2700 commati
884 2670 933 2699 us
959 2670 1011 2699 eo
1036 2662 1186 2710 modo,
1231 2672 1316 2711 qno
1343 2664 1432 2705 edit
1455 2667 1551 2715 ipss
1574 2666 1766 2706 Philonis

174 2711 309 2751 verba
336 2713 485 2760 citata,
520 2716 609 2753 tam
634 2712 681 2752 in
707 2710 780 2752 Gr.
808 2720 935 2761 quam
960 2710 1005 2750 in
1030 2711 1127 2753 Lat.
1177 2712 1340 2755 Aueh.
1607 2744 1616 2753 .
