2125 3084
201 206 279 271 [IL
305 205 425 268 262]
551 210 633 254 IN
674 210 1026 255 GENESIN.
1067 212 1320 257 SERMO
1359 214 1444 261 lv.
1737 210 1802 259 83

199 310 506 367 secundum
526 318 778 365 naturam
794 352 806 375 ‚
830 310 1174 367 'monstravit
1194 312 1358 378 dene,
1403 314 1582 370 ablato
1611 314 1734 370 velo
1753 325 1807 371 et

202 387 400 442 nudata
430 386 705 456 cuiusque
740 387 923 457 operis
957 385 1265 441 efficaciore
1292 389 1801 459 comprehensione.

200 464 305 518 Hoc
326 460 791 532 contemplativae
822 462 967 516 vitae
1000 462 1365 533 omniumque
1393 464 1662 520 virtutum
1695 474 1806 520 ter-

202 538 383 591 minus
406 544 491 592 est
504 577 517 600 ,
544 535 693 589 nude
715 534 907 589 videre
928 545 1180 591 naturam
1201 544 1256 591 et
1273 544 1500 591 naturae
1520 546 1806 611 tegumen-

199 622 276 676 ta,
321 610 533 683 quibus
568 618 685 665 erat
718 610 917 682 celata,
971 610 1253 666 auferente
1289 610 1513 666 domino
1548 622 1602 667 et
1635 623 1805 684 patre,

200 694 647 757 monstranteque
668 684 957 740 manifeste
977 703 1144 757 opera
1165 704 1266 741 sua
1287 686 1595 741 intellectui
1616 728 1629 751 ‚
1660 697 1812 743 extra

199 778 341 834 quae
370 760 516 815 nihil
548 762 679 815 visu
708 760 942 833 dignum
971 762 1130 832 prius
1159 769 1414 816 censetur
1450 771 1544 817 aut
1573 773 1814 819 meretur

200 836 471 891 studium.
539 834 810 901 Quoniam
838 836 1067 906 quinon
1090 835 1389 891 domestice
1409 837 1813 910 philosophan-

202 919 291 966 tur
313 912 529 965 animae
549 910 727 965 oculis
743 952 755 974 ‚
795 911 1075 965 obcaecati
1097 920 1226 967 sunt
1247 929 1348 966 nec
1367 912 1558 967 videre
1577 922 1813 985 possunt

204 1003 306 1039 nec
331 984 632 1049 mundum,
677 1002 856 1056 neque
886 1003 1029 1057 quae
1049 986 1109 1040 in
1131 987 1236 1041 isto
1257 996 1410 1054 sunt;
1455 989 1640 1043 omnia
1661 990 1812 1043 enim

204 1060 374 1115 dilata
395 1068 450 1115 et
470 1060 641 1117 celata
660 1069 791 1116 sunt
810 1061 931 1117 iure
954 1061 1035 1115 eis
1051 1102 1063 1126 ‚
1104 1062 1203 1133 qui
1224 1060 1412 1117 videre
1433 1071 1733 1133 nequeunt.

213 1236 311 1287 Cur
335 1236 473 1287 dicit:
524 1236 822 1301 ‚,Sc2‘ebam,
863 1238 977 1301 quia
995 1239 1265 1303 praecipiet
1289 1238 1418 1300 filiae
1450 1238 1549 1287 εαίε
1582 1248 1627 1287 et
1660 1237 1819 1287 domui

340 1321 456 1354 suae
484 1314 597 1369 post
632 1321 684 1353 se
694 1340 710 1367 ,
770 1314 814 1353 et
849 1306 1108 1356 custodient
1143 1308 1248 1356 vias
1285 1306 1464 1356 domini
1473 1342 1488 1369 ‚
1538 1315 1590 1355 ut
1613 1306 1813 1370 faciant

341 1372 561 1421 iustitiam
582 1382 629 1421 et
649 1371 898 1421 iudicium.-
934 1382 985 1421 ut
1014 1372 1225 1423 adducat
1253 1374 1464 1423 dominus
1489 1390 1632 1437 super
1651 1373 1810 1423 Abra·

344 1439 450 1489 luam
469 1440 625 1489 omnia
640 1476 653 1501 ‚
696 1456 819 1503 quae
839 1439 1015 1489 locutus
1033 1440 1189 1491 estad
1207 1442 1330 1491 illum
1346 1444 1410 1491 “2
1447 1443 1551 1506 (18,
1581 1445 1685 1503 19.)

320 1544 403 1598 22.
459 1542 773 1597 Praesciam
815 1542 1078 1597 virtutem
1115 1544 1272 1599 Entis
1318 1543 1530 1599 indicat
1575 1541 1814 1597 manife—

208 1616 377 1681 stius,
414 1616 633 1672 dicens:
702 1618 939 1672 Sciebam
968 1624 1104 1673 enim
1118 1660 1130 1682 ,
1168 1624 1306 1688 quod
1325 1628 1703 1687 praecepturus
1727 1622 1812 1671 sit.

209 1692 349 1745 Nam
375 1701 655 1747 creaturae
688 1690 962 1747 familiare
988 1703 1072 1749 est
1101 1711 1169 1747 ex
1205 1693 1677 1748 consummatione
1717 1689 1817 1743 ad-

208 1773 421 1821 vertere
448 1768 701 1839 singula,
754 1765 857 1821 deo
889 1785 1017 1822 vero
1054 1778 1110 1821 et
1147 1776 1273 1821 ante
1312 1766 1656 1837 principium
1697 1764 1818 1817 ani-

208 1840 549 1897 madvertere
578 1840 649 1914 (s,
682 1840 875 1914 scire).
954 1843 1227 1899 Honorem
1259 1849 1441 1895 autem
1469 1845 1710 1891 meretur
1729 1854 1820 1890 sa-

207 1916 370 1986 piens
386 1958 399 1981 ,
441 1934 549 1971 non
570 1918 697 1988 ipse
716 1916 869 1972 solus
890 1918 1165 1973 honorans
1195 1916 1480 1976 virtutem,
1525 1910 1625 1967 sed
1652 1911 1818 1966 etiam

206 1992 269 2045 in
292 1991 419 2045 aliis
438 1991 787 2047 desiderium
808 1992 1222 2047 eius-excitans.
1283 1990 1464 2045 Honor
1485 1996 1668 2043 autem
1689 1986 1814 2051 fuit,

206 2065 361 2136 quod
386 2062 459 2140 [Ἴ
482 2068 642 2138 prius
663 2065 830 2121 dixit.
907 2066 1182 2133 Quoniam
1209 2066 1354 2121 visio
1374 2074 1456 2120 est
1475 2063 1698 2119 nuditas
1719 2063 1814 2135 (al.

207 2139 535 2213 nuditatem)
564 2150 619 2196 et
649 2141 843 2196 velum
870 2140 1129 2215 detegere
1158 2150 1384 2196 naturae
1411 2150 1464 2196 et
1482 2140 1662 2196 oculis
1683 2156 1818 2196 acu—

206 2216 310 2279 tis„
340 2216 440 2286 qui
461 2224 592 2271 sunt
609 2214 919 2274 secundum
941 2218 1311 2279 intellectum,
1341 2217 1650 2287 incorporei
1677 2231 1820 2286 quo-

206 2305 319 2361 que
348 2290 577 2345 luminis
604 2292 1019 2363 perceptionem
1046 2291 1118 2347 ad
1139 2300 1342 2346 certam
1370 2289 1820 2361 comprehensio-

206 2380 337 2419 nem
366 2365 838 2421 circumducendo
866 2367 1118 2423 invenire
1150 2367 1460 2439 graviorem
1495 2363 1824 2433 promissio„

206 2456 364 2504 nem,
425 2457 568 2513 quae
615 2440 925 2496 secundum
970 2441 1381 2515 philosophiam
1423 2436 1676 2508 percellit
1711 2434 1820 2518 (vel

205 2514 451 2589 superat)
471 2516 755 2571 ratiocinii
776 2515 980 2571 ideam.
1058 2518 1300 2571 Necesse
1319 2514 1471 2583 enim
1491 2519 1576 2564 est
1590 2550 1602 2573 ,
1639 2519 1702 2563 ut
1721 2524 1820 2593 qul

206 2598 355 2644 certe
386 2591 491 2645 scit
519 2599 814 2662 potestque
849 2588 1316 2662 comprehendere
1355 2586 1601 2647 animus»,
1658 2584 1826 2665 lumi-

208 2681 343 2719 noso
365 2664 601 2720 consilio
626 2666 795 2719 etiam
815 2666 1024 2721 ratione
1046 2664 1202 2718 illico
1222 2658 1394 2715 simul
1415 2654 1628 2733 [possit]
1651 2672 1829 2710 conn-

209 2755 363 2803 cere‚
408 2748 469 2796 ut
489 2739 697 2795 factum
726 2749 827 2796 est.
1327 2807 1369 2855 F
1389 2808 1419 2834 q
