2125 3084
352 180 448 234 376
584 186 785 232 PHIL.
822 186 971 232 IUD.
1012 184 1332 259 QUAEs'r.
1369 186 1473 232 ΕΤ
1511 188 1670 232 soL.
1717 184 1806 250 [IL
1833 186 1955 252 532]

350 290 495 343 sicut
544 288 709 342 etiam
762 295 949 359 operta
1002 288 1269 341 incertam
1323 286 1529 343 babent
1585 290 1960 360 comprehen-

350 365 583 418 sionem.
661 364 772 417 Hoc
812 362 949 419 forte
976 363 1100 417 iure
1121 363 1454 434 meritoque:
1495 363 1959 435 quandoquidem

348 455 511 493 omne
548 438 815 493 sensibile
842 455 943 509 per
966 454 1195 493 sensum
1224 437 1598 510 probationem
1625 436 1696 509 (s.
1727 444 1959 511 experi-

350 513 617 585 mentum)
645 513 811 569 babet
824 552 838 577 ‚
878 530 1077 569 sensus
1096 521 1279 567 autem
1297 514 1612 567 inconstans
1632 510 1809 568 falsae
1829 517 1959 587 opi-

350 590 503 645 nioni
531 596 794 661 cognatus
820 597 931 652 est,
972 588 1332 661 intelligibile
1359 605 1488 657 vero
1513 586 1795 657 consiliis;
1863 591 1958 645 in-

349 665 602 725 tellectus
631 665 780 719 enim
812 662 1129 719 infallibilis
1155 671 1240 719 est
1267 672 1323 719 et
1342 663 1738 737 intelligentiae
1759 680 1957 719 aman-

349 740 620 795 tissimus.

414 878 573 938 Quare
591 897 733 945 super
751 880 954 945 quinque
970 878 1211 929 columnas
1219 879 1360 945 ponit
1379 874 1652 944 opertoria?
1669 878 1774 945 (26,
1787 878 1894 937 37.)

462 996 549 1053 9⁹7.
590 996 809 1070 Optime
839 1008 1198 1070 accurateque
1215 998 1461 1053 secundo
1479 998 1816 1070 operimento
1835 996 1952 1051 dis-

353 1074 549 1129 tribuit
586 1080 1021 1145 quinquenarium
1054 1073 1416 1147 (numerum),
1475 1074 1548 1129 ob
1587 1074 1950 1145 aspectionem

354 1150 509 1203 illius
546 1150 791 1222 regionis
831 1149 901 1203 ad
941 1148 1266 1203 sensibilem
1305 1150 1630 1217 essentiam3
1693 1149 1950 1220 quoniam

354 1226 793 1296 quinquenarius
822 1240 1086 1278 numerus
1115 1240 1310 1279 sensus
1341 1232 1442 1279 est.
1521 1224 1699 1279 Priori
1733 1240 1860 1279 vero
1887 1239 1952 1275 ac

353 1299 601 1354 interiori
640 1298 783 1371 (velo
823 1298 1092 1373 concedit)
1131 1300 1574 1371 quaternionem,
1627 1300 1772 1353 sicut
1811 1298 1948 1361 dixi,

354 1375 487 1445 quia
522 1374 582 1427 in
620 1375 941 1446 incorporea
980 1375 1342 1447 propinquat:
1413 1375 1736 1445 incorporea
1775 1372 1954 1427 autem

353 1464 532 1519 usque
560 1447 631 1502 ad
660 1450 1076 1519 quaternionem
1103 1449 1396 1504 definiunt.

596 1602 757 1663 Quare
792 1606 947 1656 altare
982 1618 1122 1657 vocat
1156 1609 1450 1671 ‚,arcam“?
1495 1606 1602 1670 (27,
1640 1605 1720 1669 4.)

469 1711 555 1765 98.
606 1706 735 1765 Sola
770 1708 906 1765 haec
943 1728 1045 1765 ara
1082 1709 1504 1766 non’consumit
1534 1708 1814 1772 victimaS‚
1857 1708 1957 1761 sed

355 1793 563 1852 servat3
632 1786 765 1858 quia
804 1802 929 1841 caro
966 1784 1308 1841 consumitur
1335 1785 1492 1856 igne,
1536 1784 1796 1837 sanctitas
1829 1798 1956 1837 vero

354 1860 614 1916 sacrificii
652 1868 961 1933 permanet:
1024 1861 1286 1931 quoniam
1325 1858 1657 1913 sacrificium
1685 1873 1803 1912 -non
1832 1872 1956 1911 caro

355 1944 463 2002 est,
506 1936 607 1991 sed
637 1938 813 1991 sancti
838 1953 976 2007 pura
1003 1936 1464 2006 immaculataque
1491 1935 1622 1987 vita.

362 2108 456 2159 C'ur
492 2110 697 2173 „altare
732 2110 1137 2175 quadranyulum,
1182 2126 1242 2159 ex
1277 2072 1480 2173 quinque
1513 2110 1681 2159 cubitis
1717 2108 1956 2173 lonqitudo

609 2178 729 2239 eius,
767 2194 915 2242 exque
942 2178 1146 2242 paribus
1181 2176 1462 2227 latitudo“?
1497 2180 1604 2239 (2⁷,
1633 2178 1701 2237 1.)

468 2282 554 2333 99.
578 2278 848 2345 Quoniam
866 2294 966 2349 pro
986 2279 1350 2334 sensibilibus
1375 2279 1811 2351 sanguineisque
1825 2294 1961 2333 con—-

356 2354 615 2422 struitur;
678 2354 964 2408 sensibilis
994 2362 1177 2408 autem
1205 2351 1276 2427 [Ἴ
1301 2353 1672 2425 generationis
1691 2370 1962 2425 numerus

355 2429 795 2498 quinquenarius
824 2435 933 2491 est,
976 2436 1038 2481 ut
1066 2428 1208 2481 dixi.
1295 2428 1548 2483 Secundo
1589 2428 1968 2498 lonqitudinein

358 2495 779 2571 latitudinemque}
796 2505 1066 2570 aequalem
1084 2501 1276 2566 habet,
1319 2504 1448 2572 quia
1479 2519 1672 2557 omnes
1701 2504 1970 2559 victimas
2094 2474 2095 2563 l

356 2574 749 2629 sacrificiorum
770 2576 1078 2631 oblatorum
1097 2594 1170 2631 ex
1187 2577 1352 2631 corde
1372 2578 1572 2650 mentis
1601 2578 1713 2650 pii,
1753 2596 1998 2651 aequb,

360 2643 441 2695 les
470 2660 589 2699 esse
616 2658 853 2718 oportet,
894 2659 1005 2704 tam
1032 2652 1082 2704 si
1105 2653 1444 2706 centenarios
1463 2661 1648 2708 tauros
1669 2654 1972 2723 obtulerit,

360 2730 527 2783 quam
559 2721 609 2772 si
646 2722 854 2777 frixum
895 2724 1214 2781 adduxerit:
1277 2744 1385 2781 non
1426 2728 1576 2781 enim
1611 2729 1985 2802 opulentiam
