2125 3084
382 152 476 204 176
616 158 816 204 PHIL.
853 158 1004 204 IUD.
1047 158 1369 216 QUAEST.
1411 158 1509 201 ET
1558 159 1714 203 SOL.
1756 153 1842 219 [11,
1866 157 1983 221 352]

379 340 452 405 [²¹³]
499 337 656 397 Quare
692 338 1020 402 quadraqinta
1055 355 1284 387 annorum
1319 348 1424 387 erat
1458 338 1629 401 Isaac,
1670 339 1863 403 quando
1899 340 1985 389 du-

706 406 792 479 ·xit
825 422 1015 453 uxorem
1045 404 1350 463 Rebeccam?
1387 410 1493 469 (25,
1521 406 1635 471 20.)

494 544 608 597 ⁴54.
668 541 907 611 Nuptiae
947 556 1011 593 ac
1048 539 1463 595 matrimonium
1490 548 1863 611 opportunum
1893 560 1985 595 sa-

375 619 551 689 pienti
587 614 1083 689 quadragintennis
1115 622 1197 669 est
1225 622 1399 683 aetas;
1462 616 1725 686 quoniam
1756 616 1984 687 expedit

375 694 485 747 iam
505 692 707 746 instrui
730 698 893 762 atque
913 690 1048 745 satis
1077 688 1188 743 frui
1216 689 1362 744 sicut
1387 691 1577 761 pueris
1596 732 1607 752 ,
1652 688 1984 762 disciplina-

374 785 498 822 rum
537 768 702 821 rectis
741 766 912 829 ideis,
956 766 1031 819 ita
1072 772 1135 819 ut
1170 763 1312 819 nihil
1356 763 1507 818 aliud
1551 761 1851 835 aspiciatur
1889 766 1979 820 vel

375 844 520 895 circa
543 842 650 896 alia
669 839 1089 895 circumferatur
1103 881 1115 903 ‚
1140 856 1283 911 quae
1303 856 1410 894 non
1434 848 1561 893 sunt
1584 856 1764 893 amore
1786 838 1975 913 digna,

373 916 472 971 sed
503 919 560 971 in
591 916 760 970 huius
789 914 1324 971 considerationibus
1356 931 1417 967 ac
1448 914 1612 968 choro
1641 912 1853 968 fruatur
1890 916 1981 968 ni-

373 994 480 1046 mis
502 1000 554 1046 et
574 992 752 1064 magis
774 992 1022 1046 laetetur.
1091 990 1340 1045 'Necesse
1367 989 1534 1043 habet
1563 990 1755 1053 etiam,
1798 998 1861 1043 ut
1890 989 1979 1043 di—

375 1068 626 1123 lectionis
658 1068 970 1138 amorisque
999 1066 1192 1121 uxoris
1223 1063 1464 1119 fructum
1495 1066 1675 1135 capiat
1702 1072 1755 1119 et
1778 1081 1980 1137 puero-

373 1160 496 1198 rum
519 1142 928 1203 educandorum
951 1141 1132 1214 legem
1153 1138 1421 1213 perficiat.
1486 1139 1757 1205 Quoniam
1779 1140 1980 1195 viven-

379 1399 538 1456 Quarc
585 1399 912 1463 quadraqinta
961 1416 1189 1517 απῖἔνῖηι
1234 1410 1347 1449 crat·
1371 1399 1543 1461 Isaac,
1601 1416 1703 1451 cum
1745 1400 1983 1463 nupsisset

1082 1483 1107 1515 e
1140 1472 1329 1517 eccam?

489 1602 583 1654 ⁴54
595 1599 668 1675 ³¹⁵).
735 1602 974 1674 Nuptiae
1018 1612 1264 1663 maturae
1308 1604 1545 1676 sapienti
1591 1602 1983 1677 quadragena-

371 1677 485 1731 riae
515 1684 670 1733 sunt:
723 1676 931 1733 bonum
960 1686 1044 1733 est
1065 1678 1214 1733 enim
1233 1680 1390 1751 prius
1412 1679 1654 1735 exerceri
1678 1686 1731 1733 et
1752 1696 1983 1736 concre-

371 1768 525 1807 scere
547 1752 923 1809 eruditionum
944 1754 1172 1809 directis
1194 1754 1428 1825 spiculis
1443 1796 1455 1819 ‚
1500 1754 1655 1809 nullo
1685 1753 1857 1809 altero
1880 1755 1981 1809 de-

370 1828 575 1883 siderio
616 1837 964 1902 occupatum.
1043 1830 1115 1885 Ut
1157 1830 1306 1884 enim
1346 1831 1587 1885 amicum
1624 1838 1707 1884 est
1747 1832 1979 1886 amatori

368 1903 790 1974 prudentiarum
827 1923 928 1959 sua
968 1904 1273 1960 fruniscere
1309 1906 1531 1968 merita,
1577 1904 1817 1966 eundem
1860 1922 1982 1959 mo-

370 1978 504 2031 dum
527 1980 691 2033 etiam
713 1982 1035 2050 nuptiarum
1057 1982 1303 2052 carpitur
1321 1980 1545 2034 affectus
1560 2020 1572 2043 ‚
1598 1978 1866 2034 imitabili
1888 1997 1981 2033 ae—

369 2053 496 2105 tatis
519 2054 833 2107 testimonio
848 2095 860 2118 ‚
895 2063 957 2112 ut
976 2055 1328 2110 confirmetur
1348 2056 1515 2109 etiam
1537 2055 1628 2109 lex
1649 2054 1976 2110 liberorum.

469 2240 514 2288 *)
541 2241 680 2290 Haec,
715 2252 824 2291 quae
858 2246 1052 2291 nequitur
1085 2246 1221 2287 altera
1252 2246 1617 2295 paragr-ephorum
1643 2248 1799 2295 series,
1838 2252 1980 2287 sumta

369 2295 436 2331 est
462 2302 485 2331 e
511 2292 670 2331 latinae
697 2294 906 2333 versionis
941 2296 1141 2343 antiquae
1175 2297 1415 2345 fragmento
1440 2297 1634 2337 Basileae
1661 2298 1763 2336 1538
1790 2299 1909 2339 edito
1938 2302 1981 2337 et

367 2344 430 2381 sic
455 2344 682 2392 inscripto:
729 2344 955 2389 „Philonia
980 2346 1131 2385 Iudaei
1160 2347 1451 2393 Quaestionum
1474 2351 1511 2386 et
1534 2348 1796 2387 solutionum
1818 2351 1865 2388 in
1902 2350 1978 2387 Ge-

367 2394 484 2431 nesin
511 2394 629 2432 liber.
643 2396 672 2415 ‘⁴
727 2392 853 2443 Quod
886 2395 1173 2442 fragmentum
1204 2396 1480 2438 Aucherus
1516 2399 1595 2437 sub
1630 2407 1733 2437 suae
1766 2400 1979 2439 versionis

365 2446 487 2480 textu
521 2446 714 2491 repetere
748 2454 874 2492 posse
908 2445 1077 2484 duobus
1112 2447 1165 2484 de
1200 2450 1342 2487 causis
1376 2449 1557 2496 gaudet,
1602 2452 1653 2487 ut
1677 2450 1837 2497 partim
1866 2460 1980 2498 „pro

366 2494 612 2531 testimonio
641 2496 699 2533 sit
725 2494 1070 2533 constantissimo
1096 2496 1141 2533 in
1169 2494 1421 2546 Occidente,
1464 2500 1700 2547 genuinum
1735 2509 1836 2539 esse
1871 2510 1981 2548 opus

367 2550 393 2576 a
419 2551 465 2600 se
492 2543 656 2581 editum
682 2546 806 2583 iuxta
832 2544 1000 2583 codices
1029 2546 1307 2592 orientales“‚
1340 2550 1495 2596 partim
1522 2559 1599 2597 pro
1624 2550 1878 2589 testimonio
1899 2550 1980 2588 dif-

366 2588 488 2628 ficilis
505 2594 571 2630 sui
589 2594 769 2640 laboris,
800 2594 899 2642 qula
925 2595 1054 2632 etiam
1082 2594 1363 2643 „Anonymus
1389 2599 1475 2644 ille,
1505 2599 1549 2636 in
1576 2600 1766 2646 antiquis
1792 2601 1984 2639 saeculis

367 2636 577 2697 Graecum
609 2646 775 2682 textum
808 2644 1051 2683 immediate
1092 2645 1137 2683 in
1170 2644 1373 2686 Latinum
1412 2650 1609 2693 vertens,
1659 2652 1751 2689 tam
1796 2650 1984 2691 obscuro

364 2687 587 2737 alienoque
613 2694 724 2740 stylo
750 2695 1020 2742 processerit.
1035 2696 1060 2716 ‘⁴

2056 24 2077 62 Ἰ.
2087 24 2088 39 i

2061 193 2083 261 Q
