2125 3084
365 149 464 202 364
610 152 812 198 PHIL.
850 153 999 199 ιω).
1040 151 1366 210 QUAEs'r.
1401 152 1504 198 ΕΤ
1551 155 1712 198 sor„
1755 149 1991 220 [11,519.]

362 256 437 311 tis
472 252 937 325 largitudinisque
968 251 1059 308 dei
1089 254 1320 325 gratias,
1363 255 1462 324 qui
1489 271 1602 310 non
1632 263 1849 313 tantum
1884 275 1996 318 ne-

366 330 603 384 cessaria
632 336 895 400 praestat,
940 345 1134 386 verum
1162 329 1330 383 etiam
1357 327 1662 399 quodquod
1690 329 1764 384 ad
1797 329 1995 386 abun-

365 405 587 462 dantem
626 403 1004 475 copiositatem
1040 402 1334 460 fruendam
1369 404 1633 475 pertinet;
1703 422 1808 476 per
1846 407 1994 462 thus

363 498 497 537 vero
536 488 591 536 et
628 479 872 536 libamen
902 477 1134 534 delicias
1163 495 1378 542 eorum,
1421 479 1520 551 qui
1548 477 1846 536 beneficiis
1879 481 1995 538 do-

364 557 479 613 nati
499 554 741 611 fuerunt.
819 553 1092 621 Quoniam
1111 554 1308 612 dicunt
1325 562 1385 610 et
1398 553 1484 612 illi
1499 595 1511 618 ,
1546 555 1644 625 qui
1666 558 1992 611 constanti—

362 631 471 687 bus
490 631 635 686 cibis
655 639 954 688 vescuntur
974 629 1035 686 in
1054 631 1242 701 specie
1265 629 1558 702 allegoriae
1573 671 1586 694 ,
1617 629 1768 701 quod
1787 632 1985 686 omnis

364 709 547 762 anima
580 706 873 778 probitatis
914 704 1164 762 studiosa
1201 704 1446 762 libamen
1477 713 1584 768 est,
1625 703 1981 776 profundens

364 782 742 854 dedimusque
762 781 1027 838 virtutem
1042 780 1169 839 deo.
1247 781 1363 837 Hoc
1393 788 1576 836 autem
1591 796 1728 851 opus
1747 788 1979 852 gratum

364 875 429 912 ac
448 856 601 914 cordi
620 856 903 928 placidum
924 857 1069 928 patri
1085 865 1170 917 est
1183 897 1197 920 ‚
1229 855 1696 928 quemadmodum
1715 871 1810 926 per
1829 854 1976 910 odo-

364 950 451 988 res
462 933 515 1006 ³¹⁵)
536 933 869 990 suavissima
888 933 1262 989 incensorum.

368 1089 466 1140 Cur
507 1089 648 1142 dicit.-
704 1089 977 1155 „Imponat
1014 1107 1160 1154 super
1189 1107 1398 1140 mensam
1425 1107 1603 1155 panem
1638 1091 1690 1140 in
1723 1098 1973 1154 conspectu

824 1176 925 1209 meo
958 1161 1224 1222 semper“?
1259 1161 1368 1222 (25,
1393 1159 1505 1224 ³0.)

475 1263 561 1318 72.
603 1261 911 1315 Necessarii
934 1259 1076 1325 cibi,
1111 1262 1233 1315 sine
1254 1277 1366 1332 quo
1385 1277 1493 1316 non
1514 1269 1597 1316 est
1619 1263 1733 1314 vita
1749 1301 1761 1324 ‚
1793 1260 1972 1332 signi-

363 1334 570 1389 ficativi
601 1344 730 1389 sunt
756 1351 953 1406 panes;
1019 1343 1074 1390 et
1101 1337 1420 1409 principum
1451 1353 1516 1391 ac
1544 1331 1864 1390 villicorum
1885 1336 1968 1390 vis

364 1409 452 1480 (al.
484 1409 779 1480 aequitas),
822 1407 926 1464 deo
954 1411 1272 1476 ordinante,
1315 1413 1373 1467 in
1393 1411 1723 1467 necessariis
1745 1419 1970 1466 naturae

364 1483 651 1556 (versatur)
681 1486 739 1538 in
770 1484 897 1540 cibo
926 1493 980 1540 et
1008 1495 1164 1558 potu.
1242 1486 1372 1542 Ideo
1399 1487 1726 1559 superaddit
1748 1486 1963 1542 dicens:

362 1560 427 1612 In
472 1571 742 1628 conspectu
784 1577 894 1615 meo
934 1579 1135 1632 semper
1171 1581 1332 1632 pones
1369 1581 1560 1631 panes:
1635 1562 1738 1616 ubi
1776 1577 1970 1630 semper

362 1634 603 1690 ostendit
632 1636 948 1691 continuam
970 1636 1044 1714 [³¹⁵]
1071 1655 1134 1693 ac
1164 1655 1272 1694 non
1302 1639 1668 1711 interruptam
1697 1655 1820 1692 esse
1844 1653 1968 1710 gra-

364 1712 496 1766 tiam
524 1710 666 1780 cibi‚;
738 1716 795 1766 in
832 1723 1104 1781 conspectu
1139 1731 1298 1778 vero,
1341 1715 1476 1785 quia
1514 1720 1734 1787 gratum
1772 1714 1968 1768 iucun-

364 1785 609 1860 dumque
630 1795 713 1844 est
731 1787 834 1843 deo
854 1797 963 1843 tam
984 1789 1189 1844 donare
1208 1790 1413 1863 gratias
1429 1831 1442 1854 ,
1481 1805 1649 1862 quam
1670 1791 1964 1862 gratiarum

364 1864 633 1918 actionem
653 1865 920 1937 recipere.

396 2011 482 2060 Ad
502 2012 619 2075 quid
636 2013 1010 2075 „candelabrum
1030 2013 1254 2063 tornatile
1273 2030 1334 2062 ex
1351 2031 1470 2063 auro
1480 2015 1681 2079 [κινοίη
1701 2017 1807 2077 (25,
1824 2016 1926 2076 81.)

475 2132 561 2185 73.
618 2131 997 2188 Candelabrum
1030 2133 1348 2206 symbolum
1387 2129 1470 2188 est
1507 2133 1840 2204 purissimae
1875 2149 1961 2186 es-

366 2206 576 2259 sentiae
598 2207 765 2271 caeli,
798 2207 1035 2279 ideoque
1057 2207 1265 2264 dicitur
1285 2217 1470 2280 postea
1489 2250 1501 2273 ‚
1543 2208 1695 2279 quod
1716 2226 1786 2263 ex
1803 2208 1960 2262 unico

366 2297 498 2336 auro
538 2279 831 2336 conflatum
870 2281 1057 2337 fuerit.
1157 2282 1449 2355 Siquidem
1490 2292 1736 2338 caeterae
1773 2281 1960 2338 mundi

362 2362 546 2423 partes
565 2372 666 2425 per
686 2365 919 2426 quatuor
939 2356 1211 2414 elementa
1231 2357 1509 2414 confectae
1531 2366 1686 2424 sunt,
1713 2376 1783 2413 ex
1803 2366 1956 2420 terra,

365 2443 533 2497 aqua,
575 2431 696 2488 ae're
726 2438 779 2485 et
809 2431 963 2502 igne3
1028 2431 1245 2487 caelum
1273 2441 1456 2488 autem
1487 2451 1558 2491 ex
1577 2451 1688 2489 uno
1711 2443 1764 2488 et
1785 2433 1964 2488 excel-

364 2499 499 2554 lenti
520 2505 705 2573 specie
720 2545 733 2567 ‚
764 2520 931 2575 quam
952 2513 1202 2560 recentes
1223 2516 1423 2563 vocant
1440 2510 1693 2580 quintam
1711 2507 1969 2564 substan-

362 2573 517 2626 tiam.
587 2575 927 2656 Candelabro
947 2596 1078 2634 vero
1099 2581 1283 2637 simile
1306 2582 1511 2638 dicitur
1532 2583 1672 2648 iure,
1697 2592 1966 2656 quatenus

466 2709 511 2755 ¹⁵>
536 2721 571 2750 ο.
599 2715 646 2754 in
672 2719 867 2758 odor-iem
884 2721 1202 2768 srauroentibm.
1251 2723 1414 2763 Auen.
