2125 3084
190 169 285 234 [tn
304 164 422 230 588]
822 170 923 215 DE
958 170 983 214 1
994 170 1160 216 ONA.
1687 166 1786 221 429

190 272 305 329 sibi
328 270 469 325 facta
490 268 581 326 dei
609 266 1005 341 benignitatem
1035 269 1130 323 ille
1161 268 1409 334 discens,
1453 288 1525 325 ne⁴
1548 272 1786 343 amplius

188 343 472 403 invideret
508 342 808 416 participes
846 360 967 399 esse
994 345 1274 401 Ninivitas
1309 343 1592 410 beneficii,
1629 347 1786 418 'quod

190 426 313 495 ipse
346 426 629 477 assecutus
659 418 819 473 vixit.

311 516 393 567 ⁴6.
433 512 738 580 Utrumque
759 524 891 581 ergo
908 510 1161 575 morbum
1183 525 1400 574 curans,
1424 509 1672 566 docendo
1687 512 1788 567 ho—

188 590 429 651 minem,
472 603 540 640 ne
568 586 933 657 ignorantiam
962 584 1154 639 indeo
1191 585 1488 656 quisquam
1526 588 1788 659 cogitaret

187 680 375 735 neque
405 668 701 731 opponeret
728 676 787 713 se
816 659 1146 731 benignitati
1177 658 1336 731 (eius)
1366 677 1492 733 erga
1513 660 1782 726 homines,

188 740 548 793 circumstare
578 735 629 789 ei
660 732 791 789 fecit
821 733 1065 807 (novum)
1095 734 1380 807 navigium
1407 735 1639 790 inferius
1661 754 1789 791 cur-

187 823 404 869 rentem
425 819 633 874 cetum,
664 826 830 881 quam
850 810 954 863 iste
975 808 1207 863 bestiam
1230 810 1509 865 exitialem
1529 810 1782 875 credidit,

187 890 290 943 illa
314 903 442 943 vero
468 883 749 939 salutifera
779 902 841 939 ac
868 884 1063 938 salutis
1094 893 1275 938 custos
1304 892 1436 940 erat.
1513 886 1653 939 Dum
1682 887 1788 942 ita-

186 976 304 1035 que
328 960 544 1015 natabat
563 960 825 1031 propheta
842 1001 854 1024 ,
889 959 1109 1013 attraxit
1128 960 1186 1013 in
1207 977 1265 1013 se
1288 976 1414 1013 eum
1434 960 1587 1015 velut
1605 962 1786 1033 respi-

186 1036 420 1095 rationis
440 1034 600 1089 modo
620 1041 791 1099 cetuS‚
817 1042 869 1089 et
889 1036 1038 1088 intus
1056 1035 1115 1087 in
1135 1042 1289 1088 utero
1303 1052 1402 1089 suo
1414 1033 1524 1089 fere
1536 1038 1787 1108 concepit

188 1115 383 1185 ipsum
404 1112 621 1177 vivum3
660 1106 733 1185 [³¹⁶]
768 1116 882 1163 erat
910 1110 1057 1163 enim
1087 1108 1371 1163 submerso
1402 1109 1468 1181 (S.
1491 1110 1785 1184 submersi)

188 1184 493 1261 prophetae
511 1182 707 1241 ‚domus
730 1192 919 1239 venter
939 1186 1074 1248 ceti,
1117 1184 1309 1239 oculus
1342 1194 1522 1239 autem
1545 1187 1786 1241 exterius

192 1264 445 1316 visorum
484 1259 798 1330 speculum,
853 1267 906 1314 et
946 1260 1156 1315 alarum
1197 1268 1374 1315 motus
1414 1260 1558 1317 sicut
1594 1278 1786 1317 currus

191 1334 421 1409 quidam
452 1335 617 1407 regis.

196 1513 201 1521 ..
256 1494 261 1499 .
314 1446 393 1499 47.
436 1442 481 1499 Ο
500 1442 785 1515 propheta,
810 1442 945 1503 adeo
966 1442 1234 1517 dignitate
1255 1444 1538 1516 praeditus
1560 1462 1637 1510 es,
1659 1462 1786 1500 cur-

194 1538 317 1576 rum
340 1521 525 1592 ipsum
545 1519 823 1574 celeritate
842 1520 1128 1593 attingere,
1151 1528 1418 1591 quantum
1438 1520 1784 1576 circumdans

192 1606 247 1651 te
284 1604 435 1650 cetus
474 1594 735 1649 velociter
774 1594 963 1649 currit.
1040 1594 1179 1661 Quis
1218 1612 1481 1667 umquam
1521 1603 1786 1667 tyrannus

196 1670 331 1725 adeo
351 1668 547 1723 mundi
576 1668 838 1741 abyssum
866 1667 1078 1725 vidisse
1105 1678 1327 1740 putatus
1357 1678 1465 1733 est,
1507 1670 1653 1723 sicut
1681 1670 1784 1723 tibi

197 1745 449 1800 visibilia
468 1742 778 1799 invisibilia
797 1743 985 1799 fuere?
1040 1744 1144 1799 Cui
1173 1762 1433 1814 umquam
1456 1760 1525 1797 ex
1544 1744 1785 1797 homini-

194 1820 400 1877 busita
420 1826 644 1889 patuere
664 1817 732 1871 ad
758 1818 1091 1875 cernendum
1119 1835 1242 1873 orae
1272 1826 1470 1880 terrae,
1511 1818 1656 1871 sicut
1682 1817 1786 1871 tibi

195 1905 251 1950 et
270 1894 439 1949 maris
460 1891 691 1965 abyssus
716 1901 965 1949 ostensus
994 1894 1100 1949 fuit
1127 1901 1186 1947 ut
1213 1890 1621 1963 spectaculum?
1672 1893 1786 1945 Imo

197 1970 291 2025 cui
319 1984 581 2039 umquam
617 1986 701 2041 ars
739 1968 1060 2025 huiusmodi
1099 1967 1447 2023 artificiosam
1483 1967 1786 2021 construxit

197 2044 511 2100 machinam
540 2042 837 2115 perfectam
852 2086 864 2108 ‚
908 2046 1053 2099 sicut
1071 2051 1132 2097 tu
1148 2044 1326 2098 omnia
1347 2041 1528 2095 cernis
1549 2041 1786 2095 lustran-

197 2120 271 2175 do
292 2129 345 2174 et
364 2127 632 2190 spectator
652 2120 771 2191 ipse
796 2119 901 2175 ulli
921 2136 1029 2174 non
1052 2115 1354 2190 spectaris?

313 2232 393 2281 48.
432 2226 700 2294 Quoniam
721 2236 902 2283 autem
923 2228 1187 2299 propheta
1208 2228 1380 2299 figura
1407 2234 1566 2279 tenus
1593 2224 1652 2277 in
1680 2224 1784 2278 ceti

195 2312 386 2362 ventre
404 2303 833 2368 custodiebatur,
857 2320 915 2357 re
937 2311 1118 2357 autem
1139 2320 1267 2357 vera
1288 2320 1318 2356 a
1337 2302 1527 2365 dextra
1547 2298 1639 2353 dei
1655 2317 1786 2354 con-

194 2378 517 2434 servabatur
532 2419 545 2443 ,
574 2396 767 2450 preces
788 2379 847 2433 in
869 2380 989 2449 ipso
1009 2386 1127 2433 ceto
1146 2376 1354 2442 fundit,
1394 2384 1454 2431 ut
1474 2374 1677 2429 dicitur
1705 2374 1783 2447 (in

196 2454 499 2525 Scriptura)
510 2452 581 2526 ³¹⁵),
604 2470 696 2508 ore
715 2453 922 2509 bestiae
943 2454 1000 2507 in
1018 2454 1318 2510 orationem
1337 2459 1617 2523 usurpato.
1657 2450 1787 2504 Erat

194 2536 379 2585 autem
408 2528 599 2582 videre
635 2528 999 2601 paradoxum,
1040 2530 1454 2585 intercessorem
1484 2524 1686 2603 factum
1715 2524 1784 2579 ad

298 2668 343 2715 ἕ)
378 2668 591 2717 seriptum
618 2674 727 2711 erat:
770 2674 817 2710 ut
842 2670 1046 2715 dict-imm.-
1099 2673 1216 2721 quasi
1243 2680 1343 2711 vero
1369 2671 1410 2709 id
1440 2670 1716 2710 concludatur
1740 2670 1783 2709 in

192 2721 455 2771 praemissis.
510 2719 583 2759 Aa
594 2722 669 2765 ch,
918 2766 923 2773 ,
1573 2757 1578 2763 .
2092 2694 2093 2699 ¹
