<?xml version="1.0" encoding="UTF-8"?>
<!DOCTYPE html PUBLIC "-//W3C//DTD XHTML 1.0 Transitional//EN"
    "http://www.w3.org/TR/xhtml1/DTD/xhtml1-transitional.dtd">
<html xmlns="http://www.w3.org/1999/xhtml" xml:lang="en" lang="en">
 <head>
  <title>
</title>
<meta http-equiv="Content-Type" content="text/html;charset=utf-8" />
  <meta name='ocr-system' content='tesseract 3.04.00' />
  <meta name='ocr-capabilities' content='ocr_page ocr_carea ocr_par ocr_line ocrx_word'/>
</head>
<body>
  <div class='ocr_page' id='page_1' title='image "./philonisiudaeio00alejgoog_0021.png"; bbox 0 0 2125 3084; ppageno 0'>
   <div class='ocr_carea' id='block_1_1' title="bbox 363 171 1957 236">
    <p class='ocr_par' dir='ltr' id='par_1_1' title="bbox 363 171 1957 236">
     <span class='ocr_line' id='line_1_1' title="bbox 363 171 1957 236; baseline -0.004 -10"><span class='ocrx_word' id='word_1_1' title='bbox 363 175 392 226; x_wconf 73' lang='grc'>4</span> <span class='ocrx_word' id='word_1_2' title='bbox 613 177 809 223; x_wconf 86' lang='lat' dir='ltr'><strong>PHIL.</strong></span> <span class='ocrx_word' id='word_1_3' title='bbox 847 176 994 222; x_wconf 87' lang='lat' dir='ltr'><strong>IUD.</strong></span> <span class='ocrx_word' id='word_1_4' title='bbox 1033 175 1355 234; x_wconf 77' lang='lat' dir='ltr'><strong>QUAEs&#39;r.</strong></span> <span class='ocrx_word' id='word_1_5' title='bbox 1391 175 1490 220; x_wconf 82' lang='lat' dir='ltr'><strong>ET</strong></span> <span class='ocrx_word' id='word_1_6' title='bbox 1538 175 1692 220; x_wconf 87' lang='lat' dir='ltr'><strong>SOL.</strong></span> <span class='ocrx_word' id='word_1_7' title='bbox 1734 171 1817 236; x_wconf 74' lang='lat' dir='ltr'><strong>[IL</strong></span> <span class='ocrx_word' id='word_1_8' title='bbox 1838 171 1957 236; x_wconf 72' lang='lat'><strong>171]</strong></span> 
     </span>
    </p>
   </div>
   <div class='ocr_carea' id='block_1_2' title="bbox 357 275 1967 2502">
    <p class='ocr_par' dir='ltr' id='par_1_2' title="bbox 357 275 1967 1225">
     <span class='ocr_line' id='line_1_2' title="bbox 357 275 1960 346; baseline -0.002 -14"><span class='ocrx_word' id='word_1_9' title='bbox 357 278 661 333; x_wconf 76' lang='lat' dir='ltr'><strong>tentionem</strong></span> <span class='ocrx_word' id='word_1_10' title='bbox 679 277 972 331; x_wconf 85' lang='lat' dir='ltr'><strong>universae</strong></span> <span class='ocrx_word' id='word_1_11' title='bbox 993 276 1298 346; x_wconf 84' lang='lat' dir='ltr'><strong>scripturae</strong></span> <span class='ocrx_word' id='word_1_12' title='bbox 1328 291 1455 331; x_wconf 82' lang='lat' dir='ltr'><strong>vere</strong></span> <span class='ocrx_word' id='word_1_13' title='bbox 1469 316 1481 339; x_wconf 91' lang='lat'>‚</span> <span class='ocrx_word' id='word_1_14' title='bbox 1522 283 1669 330; x_wconf 86' lang='lat' dir='ltr'><strong>certe</strong></span> <span class='ocrx_word' id='word_1_15' title='bbox 1698 283 1753 329; x_wconf 89' lang='lat' dir='ltr'><strong>et</strong></span> <span class='ocrx_word' id='word_1_16' title='bbox 1778 275 1960 330; x_wconf 84' lang='lat' dir='ltr'><strong>mani-</strong></span> 
     </span>
     <span class='ocr_line' id='line_1_3' title="bbox 362 349 1963 414; baseline -0.002 -8"><span class='ocrx_word' id='word_1_17' title='bbox 362 350 500 406; x_wconf 80' lang='lat' dir='ltr'><strong>feste</strong></span> <span class='ocrx_word' id='word_1_18' title='bbox 521 351 952 406; x_wconf 83' lang='lat' dir='ltr'><strong>circumoernere</strong></span> <span class='ocrx_word' id='word_1_19' title='bbox 967 391 980 414; x_wconf 83' lang='lat'>‚</span> <span class='ocrx_word' id='word_1_20' title='bbox 1023 367 1131 404; x_wconf 90' lang='lat' dir='ltr'><strong>non</strong></span> <span class='ocrx_word' id='word_1_21' title='bbox 1153 349 1479 406; x_wconf 84' lang='lat' dir='ltr'>dissecando</span> <span class='ocrx_word' id='word_1_22' title='bbox 1498 349 1840 404; x_wconf 81' lang='lat' dir='ltr'><strong>harmoniam</strong></span> <span class='ocrx_word' id='word_1_23' title='bbox 1856 365 1963 404; x_wconf 88' lang='lat' dir='ltr'><strong>ne-</strong></span> 
     </span>
     <span class='ocr_line' id='line_1_4' title="bbox 360 424 1963 497; baseline -0.001 -18"><span class='ocrx_word' id='word_1_24' title='bbox 360 442 472 496; x_wconf 87' lang='lat' dir='ltr'><strong>que</strong></span> <span class='ocrx_word' id='word_1_25' title='bbox 509 425 772 480; x_wconf 88' lang='lat' dir='ltr'><strong>unionem</strong></span> <span class='ocrx_word' id='word_1_26' title='bbox 809 424 1211 497; x_wconf 77' lang='lat' dir='ltr'><strong>disiungend03</strong></span> <span class='ocrx_word' id='word_1_27' title='bbox 1282 425 1419 479; x_wconf 86' lang='lat' dir='ltr'><strong>alias</strong></span> <span class='ocrx_word' id='word_1_28' title='bbox 1448 425 1627 480; x_wconf 86' lang='lat' dir='ltr'><strong>aliena</strong></span> <span class='ocrx_word' id='word_1_29' title='bbox 1652 425 1877 479; x_wconf 89' lang='lat' dir='ltr'><strong>omnino</strong></span> <span class='ocrx_word' id='word_1_30' title='bbox 1905 431 1963 478; x_wconf 87' lang='lat' dir='ltr'><strong>et</strong></span> 
     </span>
     <span class='ocr_line' id='line_1_5' title="bbox 363 497 1962 572; baseline -0.001 -19"><span class='ocrx_word' id='word_1_31' title='bbox 363 498 603 554; x_wconf 88' lang='lat' dir='ltr'><strong>absurda</strong></span> <span class='ocrx_word' id='word_1_32' title='bbox 633 508 956 572; x_wconf 73' lang='lat' dir='ltr'><strong>apparerent</strong></span> <span class='ocrx_word' id='word_1_33' title='bbox 981 501 1168 554; x_wconf 87' lang='lat' dir='ltr'><strong>omnia</strong></span> <span class='ocrx_word' id='word_1_34' title='bbox 1182 540 1195 564; x_wconf 87' lang='lat'>,</span> <span class='ocrx_word' id='word_1_35' title='bbox 1236 501 1626 554; x_wconf 81' lang='lat' dir='ltr'><strong>communitate</strong></span> <span class='ocrx_word' id='word_1_36' title='bbox 1653 498 1743 554; x_wconf 89' lang='lat' dir='ltr'><strong>vel</strong></span> <span class='ocrx_word' id='word_1_37' title='bbox 1766 497 1962 568; x_wconf 86' lang='lat' dir='ltr'><strong>aequi-</strong></span> 
     </span>
     <span class='ocr_line' id='line_1_6' title="bbox 361 572 1961 646; baseline -0.001 -18"><span class='ocrx_word' id='word_1_38' title='bbox 361 581 472 629; x_wconf 86' lang='lat' dir='ltr'><strong>tate</strong></span> <span class='ocrx_word' id='word_1_39' title='bbox 505 573 812 631; x_wconf 86' lang='lat' dir='ltr'><strong>deturbata.</strong></span> <span class='ocrx_word' id='word_1_40' title='bbox 889 573 1038 640; x_wconf 88' lang='lat' dir='ltr'>Quid</span> <span class='ocrx_word' id='word_1_41' title='bbox 1066 590 1195 646; x_wconf 82' lang='lat' dir='ltr'><strong>ergo</strong></span> <span class='ocrx_word' id='word_1_42' title='bbox 1228 582 1311 628; x_wconf 87' lang='lat' dir='ltr'><strong>est</strong></span> <span class='ocrx_word' id='word_1_43' title='bbox 1337 575 1567 628; x_wconf 89' lang='lat' dir='ltr'><strong>intentio</strong></span> <span class='ocrx_word' id='word_1_44' title='bbox 1595 572 1961 644; x_wconf 79' lang='lat' dir='ltr'><strong>legislationis</strong></span> 
     </span>
     <span class='ocr_line' id='line_1_7' title="bbox 361 646 1961 722; baseline -0.001 -20"><span class='ocrx_word' id='word_1_45' title='bbox 361 648 685 720; x_wconf 71' lang='lat' dir='ltr'><strong>praetensa?</strong></span> <span class='ocrx_word' id='word_1_46' title='bbox 756 647 1071 704; x_wconf 83' lang='lat' dir='ltr'><strong>Scientifica</strong></span> <span class='ocrx_word' id='word_1_47' title='bbox 1082 647 1161 722; x_wconf 81' lang='lat'><strong>*)‚</strong></span> <span class='ocrx_word' id='word_1_48' title='bbox 1219 656 1274 702; x_wconf 89' lang='lat' dir='ltr'><strong>et</strong></span> <span class='ocrx_word' id='word_1_49' title='bbox 1310 647 1589 719; x_wconf 83' lang='lat' dir='ltr'><strong>quidquid</strong></span> <span class='ocrx_word' id='word_1_50' title='bbox 1628 646 1961 701; x_wconf 88' lang='lat' dir='ltr'><strong>scientificas</strong></span> 
     </span>
     <span class='ocr_line' id='line_1_8' title="bbox 361 722 1960 794; baseline -0.001 -17"><span class='ocrx_word' id='word_1_51' title='bbox 361 724 771 778; x_wconf 84' lang='lat' dir='ltr'><strong>circumscribit</strong></span> <span class='ocrx_word' id='word_1_52' title='bbox 805 723 1048 794; x_wconf 89' lang='lat' dir='ltr'><strong>species:</strong></span> <span class='ocrx_word' id='word_1_53' title='bbox 1124 723 1388 794; x_wconf 85' lang='lat' dir='ltr'><strong>quoniam</strong></span> <span class='ocrx_word' id='word_1_54' title='bbox 1426 722 1867 778; x_wconf 82' lang='lat' dir='ltr'><strong>convenientiam</strong></span> <span class='ocrx_word' id='word_1_55' title='bbox 1904 729 1960 775; x_wconf 86' lang='lat' dir='ltr'><strong>et</strong></span> 
     </span>
     <span class='ocr_line' id='line_1_9' title="bbox 365 795 1964 869; baseline 0 -19"><span class='ocrx_word' id='word_1_56' title='bbox 365 807 676 869; x_wconf 85' lang='lat' dir='ltr'><strong>coaptatum</strong></span> <span class='ocrx_word' id='word_1_57' title='bbox 705 797 939 852; x_wconf 88' lang='lat' dir='ltr'><strong>verbum</strong></span> <span class='ocrx_word' id='word_1_58' title='bbox 971 797 1401 868; x_wconf 85' lang='lat' dir='ltr'><strong>opinionemque</strong></span> <span class='ocrx_word' id='word_1_59' title='bbox 1429 796 1632 868; x_wconf 84' lang='lat' dir='ltr'><strong>recipit</strong></span> <span class='ocrx_word' id='word_1_60' title='bbox 1658 795 1964 850; x_wconf 81' lang='lat' dir='ltr'><strong>immolatio</strong></span> 
     </span>
     <span class='ocr_line' id='line_1_10' title="bbox 363 871 1964 942; baseline -0.001 -16"><span class='ocrx_word' id='word_1_61' title='bbox 363 887 426 926; x_wconf 85' lang='lat' dir='ltr'><strong>ac</strong></span> <span class='ocrx_word' id='word_1_62' title='bbox 455 873 636 927; x_wconf 87' lang='lat' dir='ltr'><strong>omnis</strong></span> <span class='ocrx_word' id='word_1_63' title='bbox 663 872 893 926; x_wconf 85' lang='lat' dir='ltr'><strong>scientia</strong></span> <span class='ocrx_word' id='word_1_64' title='bbox 907 913 920 936; x_wconf 89' lang='lat'>,</span> <span class='ocrx_word' id='word_1_65' title='bbox 963 871 1171 942; x_wconf 84' lang='lat' dir='ltr'><strong>quibus</strong></span> <span class='ocrx_word' id='word_1_66' title='bbox 1192 888 1300 926; x_wconf 88' lang='lat' dir='ltr'><strong>non</strong></span> <span class='ocrx_word' id='word_1_67' title='bbox 1320 871 1499 926; x_wconf 87' lang='lat' dir='ltr'><strong>solum</strong></span> <span class='ocrx_word' id='word_1_68' title='bbox 1519 871 1768 926; x_wconf 89' lang='lat' dir='ltr'><strong>veritatis</strong></span> <span class='ocrx_word' id='word_1_69' title='bbox 1789 871 1964 926; x_wconf 87' lang='lat' dir='ltr'><strong>vesti-</strong></span> 
     </span>
     <span class='ocr_line' id='line_1_11' title="bbox 360 943 1965 1018; baseline -0.001 -19"><span class='ocrx_word' id='word_1_70' title='bbox 360 946 454 1018; x_wconf 81' lang='lat' dir='ltr'><strong>gia</strong></span> <span class='ocrx_word' id='word_1_71' title='bbox 483 954 847 1016; x_wconf 84' lang='lat' dir='ltr'><strong>usurpantur,</strong></span> <span class='ocrx_word' id='word_1_72' title='bbox 889 962 1085 1000; x_wconf 87' lang='lat' dir='ltr'><strong>verum</strong></span> <span class='ocrx_word' id='word_1_73' title='bbox 1118 947 1282 1001; x_wconf 90' lang='lat' dir='ltr'><strong>etiam</strong></span> <span class='ocrx_word' id='word_1_74' title='bbox 1312 945 1687 1009; x_wconf 86' lang='lat' dir='ltr'><strong>obducuntur,</strong></span> <span class='ocrx_word' id='word_1_75' title='bbox 1731 951 1793 998; x_wconf 84' lang='lat' dir='ltr'><strong>ut</strong></span> <span class='ocrx_word' id='word_1_76' title='bbox 1822 943 1965 999; x_wconf 91' lang='lat' dir='ltr'><strong>adu-</strong></span> 
     </span>
     <span class='ocr_line' id='line_1_12' title="bbox 366 1018 1964 1093; baseline -0.001 -19"><span class='ocrx_word' id='word_1_77' title='bbox 366 1019 566 1075; x_wconf 86' lang='lat' dir='ltr'><strong>latione</strong></span> <span class='ocrx_word' id='word_1_78' title='bbox 587 1020 837 1075; x_wconf 83' lang='lat' dir='ltr'><strong>dilectio:</strong></span> <span class='ocrx_word' id='word_1_79' title='bbox 879 1021 955 1075; x_wconf 90' lang='lat' dir='ltr'><strong>ita</strong></span> <span class='ocrx_word' id='word_1_80' title='bbox 975 1029 1037 1075; x_wconf 88' lang='lat' dir='ltr'><strong>ut</strong></span> <span class='ocrx_word' id='word_1_81' title='bbox 1055 1029 1459 1076; x_wconf 86' lang='lat' dir='ltr'><strong>commutentur</strong></span> <span class='ocrx_word' id='word_1_82' title='bbox 1467 1020 1557 1093; x_wconf 80' lang='lat'><strong>**)</strong></span> <span class='ocrx_word' id='word_1_83' title='bbox 1576 1019 1743 1074; x_wconf 87' lang='lat' dir='ltr'><strong>rebus</strong></span> <span class='ocrx_word' id='word_1_84' title='bbox 1764 1018 1964 1073; x_wconf 88' lang='lat' dir='ltr'><strong>alienis</strong></span> 
     </span>
     <span class='ocr_line' id='line_1_13' title="bbox 361 1095 1967 1168; baseline -0.002 -19"><span class='ocrx_word' id='word_1_85' title='bbox 361 1103 416 1150; x_wconf 88' lang='lat' dir='ltr'><strong>et</strong></span> <span class='ocrx_word' id='word_1_86' title='bbox 450 1095 754 1168; x_wconf 85' lang='lat' dir='ltr'><strong>inexpertis</strong></span> <span class='ocrx_word' id='word_1_87' title='bbox 783 1097 907 1167; x_wconf 89' lang='lat' dir='ltr'><strong>ipsa</strong></span> <span class='ocrx_word' id='word_1_88' title='bbox 934 1096 1175 1168; x_wconf 81' lang='lat' dir='ltr'><strong>genuina</strong></span> <span class='ocrx_word' id='word_1_89' title='bbox 1213 1103 1267 1150; x_wconf 88' lang='lat' dir='ltr'><strong>et</strong></span> <span class='ocrx_word' id='word_1_90' title='bbox 1300 1095 1675 1167; x_wconf 73' lang='lat' dir='ltr'><strong>experimento</strong></span> <span class='ocrx_word' id='word_1_91' title='bbox 1712 1109 1967 1164; x_wconf 89' lang='lat' dir='ltr'><strong>compro-</strong></span> 
     </span>
     <span class='ocr_line' id='line_1_14' title="bbox 361 1170 506 1225; baseline -0.007 -2"><span class='ocrx_word' id='word_1_92' title='bbox 361 1170 506 1225; x_wconf 90' lang='lat' dir='ltr'><strong>bata.</strong></span> 
     </span>
    </p>

    <p class='ocr_par' dir='ltr' id='par_1_3' title="bbox 362 1241 1967 2502">
     <span class='ocr_line' id='line_1_15' title="bbox 477 1241 1967 1313; baseline -0.001 -16"><span class='ocrx_word' id='word_1_93' title='bbox 477 1245 642 1313; x_wconf 87' lang='lat' dir='ltr'><strong>Atqui</strong></span> <span class='ocrx_word' id='word_1_94' title='bbox 665 1243 1143 1313; x_wconf 86' lang='lat' dir='ltr'><strong>praelaudatorum</strong></span> <span class='ocrx_word' id='word_1_95' title='bbox 1164 1241 1527 1295; x_wconf 89' lang='lat' dir='ltr'><strong>animantium</strong></span> <span class='ocrx_word' id='word_1_96' title='bbox 1548 1248 1773 1294; x_wconf 87' lang='lat' dir='ltr'><strong>naturae</strong></span> <span class='ocrx_word' id='word_1_97' title='bbox 1798 1241 1967 1296; x_wconf 88' lang='lat' dir='ltr'><strong>fami-</strong></span> 
     </span>
     <span class='ocr_line' id='line_1_16' title="bbox 364 1313 1966 1387; baseline -0.001 -16"><span class='ocrx_word' id='word_1_98' title='bbox 364 1317 658 1372; x_wconf 87' lang='lat' dir='ltr'><strong>liaritatem</strong></span> <span class='ocrx_word' id='word_1_99' title='bbox 701 1325 900 1387; x_wconf 81' lang='lat' dir='ltr'><strong>gerunt</strong></span> <span class='ocrx_word' id='word_1_100' title='bbox 943 1333 1070 1369; x_wconf 92' lang='lat' dir='ltr'><strong>cum</strong></span> <span class='ocrx_word' id='word_1_101' title='bbox 1116 1315 1367 1369; x_wconf 89' lang='lat' dir='ltr'><strong>universi</strong></span> <span class='ocrx_word' id='word_1_102' title='bbox 1414 1313 1687 1385; x_wconf 88' lang='lat' dir='ltr'><strong>partibus.</strong></span> <span class='ocrx_word' id='word_1_103' title='bbox 1765 1316 1966 1371; x_wconf 88' lang='lat' dir='ltr'><strong>Terrae</strong></span> 
     </span>
     <span class='ocr_line' id='line_1_17' title="bbox 363 1387 1967 1464; baseline 0.001 -19"><span class='ocrx_word' id='word_1_104' title='bbox 363 1390 483 1455; x_wconf 80' lang='lat' dir='ltr'><strong>boS‚</strong></span> <span class='ocrx_word' id='word_1_105' title='bbox 505 1398 567 1445; x_wconf 90' lang='lat' dir='ltr'><strong>ut</strong></span> <span class='ocrx_word' id='word_1_106' title='bbox 587 1397 763 1444; x_wconf 85' lang='lat' dir='ltr'><strong>arator</strong></span> <span class='ocrx_word' id='word_1_107' title='bbox 787 1387 859 1464; x_wconf 87' lang='lat'><strong>[*]</strong></span> <span class='ocrx_word' id='word_1_108' title='bbox 885 1397 938 1444; x_wconf 89' lang='lat' dir='ltr'><strong>et</strong></span> <span class='ocrx_word' id='word_1_109' title='bbox 957 1389 1217 1462; x_wconf 80' lang='lat' dir='ltr'><strong>agricola.</strong></span> <span class='ocrx_word' id='word_1_110' title='bbox 1268 1389 1339 1443; x_wconf 87' lang='lat' dir='ltr'><strong>Et</strong></span> <span class='ocrx_word' id='word_1_111' title='bbox 1358 1403 1532 1459; x_wconf 89' lang='lat' dir='ltr'><strong>aquae</strong></span> <span class='ocrx_word' id='word_1_112' title='bbox 1552 1404 1715 1458; x_wconf 89' lang='lat' dir='ltr'><strong>capra</strong></span> <span class='ocrx_word' id='word_1_113' title='bbox 1736 1387 1967 1461; x_wconf 87' lang='lat' dir='ltr'><strong>(Graece</strong></span> 
     </span>
     <span class='ocr_line' id='line_1_18' title="bbox 363 1463 1964 1536; baseline -0.001 -16"><span class='ocrx_word' id='word_1_114' title='bbox 363 1473 418 1520; x_wconf 89' lang='lat' dir='ltr'><strong>et</strong></span> <span class='ocrx_word' id='word_1_115' title='bbox 437 1463 758 1518; x_wconf 89' lang='lat' dir='ltr'><strong>Armeniace</strong></span> <span class='ocrx_word' id='word_1_116' title='bbox 780 1466 870 1526; x_wconf 75' lang='grc' dir='ltr'><strong>αἴξ</strong></span> <span class='ocrx_word' id='word_1_117' title='bbox 886 1464 976 1520; x_wconf 87' lang='lat' dir='ltr'><strong>vel</strong></span> <span class='ocrx_word' id='word_1_118' title='bbox 997 1463 1138 1536; x_wconf 81' lang='lat' dir='ltr'><strong>aiz),</strong></span> <span class='ocrx_word' id='word_1_119' title='bbox 1184 1463 1386 1518; x_wconf 89' lang='lat' dir='ltr'><strong>animal</strong></span> <span class='ocrx_word' id='word_1_120' title='bbox 1416 1479 1584 1535; x_wconf 80' lang='lat' dir='ltr'><strong>agens</strong></span> <span class='ocrx_word' id='word_1_121' title='bbox 1615 1471 1668 1518; x_wconf 93' lang='lat' dir='ltr'><strong>et</strong></span> <span class='ocrx_word' id='word_1_122' title='bbox 1692 1464 1964 1536; x_wconf 88' lang='lat' dir='ltr'><strong>impetum</strong></span> 
     </span>
     <span class='ocr_line' id='line_1_19' title="bbox 363 1536 1966 1612; baseline 0 -18"><span class='ocrx_word' id='word_1_123' title='bbox 363 1538 574 1594; x_wconf 80' lang='lat' dir='ltr'><strong>faciens</strong></span> <span class='ocrx_word' id='word_1_124' title='bbox 602 1536 811 1592; x_wconf 88' lang='lat' dir='ltr'><strong>dictum</strong></span> <span class='ocrx_word' id='word_1_125' title='bbox 832 1538 921 1610; x_wconf 88' lang='lat' dir='ltr'><strong>(ab</strong></span> <span class='ocrx_word' id='word_1_126' title='bbox 942 1537 1086 1612; x_wconf 73' lang='grc' dir='ltr'><strong>ἄγω,</strong></span> <span class='ocrx_word' id='word_1_127' title='bbox 1119 1536 1341 1611; x_wconf 61' lang='lat' dir='ltr'><strong>divom),</strong></span> <span class='ocrx_word' id='word_1_128' title='bbox 1373 1537 1637 1608; x_wconf 86' lang='lat' dir='ltr'><strong>quoniam</strong></span> <span class='ocrx_word' id='word_1_129' title='bbox 1654 1538 1966 1610; x_wconf 88' lang='lat' dir='ltr'><strong>impetuosa</strong></span> 
     </span>
     <span class='ocr_line' id='line_1_20' title="bbox 363 1610 1965 1684; baseline 0 -16"><span class='ocrx_word' id='word_1_130' title='bbox 363 1622 447 1669; x_wconf 89' lang='lat' dir='ltr'><strong>est</strong></span> <span class='ocrx_word' id='word_1_131' title='bbox 467 1628 635 1684; x_wconf 89' lang='lat' dir='ltr'><strong>aqua:</strong></span> <span class='ocrx_word' id='word_1_132' title='bbox 687 1621 740 1666; x_wconf 88' lang='lat' dir='ltr'><strong>et</strong></span> <span class='ocrx_word' id='word_1_133' title='bbox 759 1620 924 1667; x_wconf 89' lang='lat' dir='ltr'><strong>testes</strong></span> <span class='ocrx_word' id='word_1_134' title='bbox 944 1620 1075 1667; x_wconf 89' lang='lat' dir='ltr'><strong>sunt</strong></span> <span class='ocrx_word' id='word_1_135' title='bbox 1094 1610 1387 1668; x_wconf 84' lang='lat' dir='ltr'><strong>fluminum</strong></span> <span class='ocrx_word' id='word_1_136' title='bbox 1408 1629 1602 1667; x_wconf 88' lang='lat' dir='ltr'><strong>cursus</strong></span> <span class='ocrx_word' id='word_1_137' title='bbox 1628 1621 1682 1668; x_wconf 89' lang='lat' dir='ltr'><strong>et</strong></span> <span class='ocrx_word' id='word_1_138' title='bbox 1712 1613 1965 1669; x_wconf 87' lang='lat' dir='ltr'><strong>latitudi-</strong></span> 
     </span>
     <span class='ocr_line' id='line_1_21' title="bbox 364 1685 1961 1759; baseline -0.001 -16"><span class='ocrx_word' id='word_1_139' title='bbox 364 1688 454 1743; x_wconf 89' lang='lat' dir='ltr'><strong>nis</strong></span> <span class='ocrx_word' id='word_1_140' title='bbox 475 1687 644 1741; x_wconf 88' lang='lat' dir='ltr'><strong>maris</strong></span> <span class='ocrx_word' id='word_1_141' title='bbox 666 1689 1031 1752; x_wconf 83' lang='lat' dir='ltr'><strong>extensiones,</strong></span> <span class='ocrx_word' id='word_1_142' title='bbox 1056 1695 1110 1741; x_wconf 90' lang='lat' dir='ltr'><strong>et</strong></span> <span class='ocrx_word' id='word_1_143' title='bbox 1130 1687 1317 1759; x_wconf 89' lang='lat' dir='ltr'><strong>ipsum</strong></span> <span class='ocrx_word' id='word_1_144' title='bbox 1340 1705 1490 1743; x_wconf 89' lang='lat' dir='ltr'><strong>mare</strong></span> <span class='ocrx_word' id='word_1_145' title='bbox 1510 1685 1664 1743; x_wconf 84' lang='lat' dir='ltr'><strong>fluxu</strong></span> <span class='ocrx_word' id='word_1_146' title='bbox 1686 1687 1961 1744; x_wconf 89' lang='lat' dir='ltr'><strong>laborans.</strong></span> 
     </span>
     <span class='ocr_line' id='line_1_22' title="bbox 366 1761 1965 1827; baseline -0.002 -9"><span class='ocrx_word' id='word_1_147' title='bbox 366 1762 492 1818; x_wconf 71' lang='lat' dir='ltr'><strong>Aeri</strong></span> <span class='ocrx_word' id='word_1_148' title='bbox 514 1771 696 1817; x_wconf 89' lang='lat' dir='ltr'><strong>autem</strong></span> <span class='ocrx_word' id='word_1_149' title='bbox 716 1763 856 1816; x_wconf 89' lang='lat' dir='ltr'><strong>aries</strong></span> <span class='ocrx_word' id='word_1_150' title='bbox 872 1804 884 1827; x_wconf 88' lang='lat'>‚</span> <span class='ocrx_word' id='word_1_151' title='bbox 917 1771 979 1820; x_wconf 92' lang='lat' dir='ltr'><strong>ut</strong></span> <span class='ocrx_word' id='word_1_152' title='bbox 997 1761 1161 1818; x_wconf 90' lang='lat' dir='ltr'><strong>valde</strong></span> <span class='ocrx_word' id='word_1_153' title='bbox 1182 1762 1459 1817; x_wconf 89' lang='lat' dir='ltr'><strong>violentus</strong></span> <span class='ocrx_word' id='word_1_154' title='bbox 1484 1770 1538 1817; x_wconf 88' lang='lat' dir='ltr'><strong>et</strong></span> <span class='ocrx_word' id='word_1_155' title='bbox 1566 1765 1760 1818; x_wconf 83' lang='lat' dir='ltr'><strong>vivax:</strong></span> <span class='ocrx_word' id='word_1_156' title='bbox 1814 1762 1965 1816; x_wconf 90' lang='lat' dir='ltr'><strong>unde</strong></span> 
     </span>
     <span class='ocr_line' id='line_1_23' title="bbox 362 1836 1965 1894; baseline -0.002 0"><span class='ocrx_word' id='word_1_157' title='bbox 362 1847 416 1894; x_wconf 88' lang='lat' dir='ltr'><strong>et</strong></span> <span class='ocrx_word' id='word_1_158' title='bbox 453 1838 656 1892; x_wconf 90' lang='lat' dir='ltr'><strong>animal</strong></span> <span class='ocrx_word' id='word_1_159' title='bbox 697 1837 1071 1893; x_wconf 89' lang='lat' dir='ltr'><strong>animantibus</strong></span> <span class='ocrx_word' id='word_1_160' title='bbox 1109 1837 1391 1892; x_wconf 88' lang='lat' dir='ltr'><strong>universis</strong></span> <span class='ocrx_word' id='word_1_161' title='bbox 1421 1837 1609 1892; x_wconf 88' lang='lat' dir='ltr'><strong>utilior</strong></span> <span class='ocrx_word' id='word_1_162' title='bbox 1642 1836 1965 1892; x_wconf 89' lang='lat' dir='ltr'><strong>hominibus</strong></span> 
     </span>
     <span class='ocr_line' id='line_1_24' title="bbox 364 1910 1965 1985; baseline -0.002 -18"><span class='ocrx_word' id='word_1_163' title='bbox 364 1914 507 1968; x_wconf 89' lang='lat' dir='ltr'><strong>aries</strong></span> <span class='ocrx_word' id='word_1_164' title='bbox 522 1955 534 1977; x_wconf 85' lang='lat'>,</span> <span class='ocrx_word' id='word_1_165' title='bbox 576 1914 675 1984; x_wconf 92' lang='lat' dir='ltr'><strong>qui</strong></span> <span class='ocrx_word' id='word_1_166' title='bbox 698 1921 750 1968; x_wconf 89' lang='lat' dir='ltr'><strong>et</strong></span> <span class='ocrx_word' id='word_1_167' title='bbox 768 1912 1156 1968; x_wconf 88' lang='lat' dir='ltr'><strong>indumentum</strong></span> <span class='ocrx_word' id='word_1_168' title='bbox 1176 1913 1258 1968; x_wconf 89' lang='lat' dir='ltr'><strong>eis</strong></span> <span class='ocrx_word' id='word_1_169' title='bbox 1277 1920 1535 1985; x_wconf 84' lang='lat' dir='ltr'><strong>praestat.</strong></span> <span class='ocrx_word' id='word_1_170' title='bbox 1612 1913 1837 1983; x_wconf 89' lang='lat' dir='ltr'><strong>Propter</strong></span> <span class='ocrx_word' id='word_1_171' title='bbox 1862 1910 1965 1965; x_wconf 88' lang='lat' dir='ltr'><strong>has</strong></span> 
     </span>
     <span class='ocr_line' id='line_1_25' title="bbox 363 1986 1965 2058; baseline -0.001 -19"><span class='ocrx_word' id='word_1_172' title='bbox 363 1989 551 2058; x_wconf 89' lang='lat' dir='ltr'><strong>itaque</strong></span> <span class='ocrx_word' id='word_1_173' title='bbox 578 1988 842 2052; x_wconf 76' lang='lat' dir='ltr'><strong>rationeS‚</strong></span> <span class='ocrx_word' id='word_1_174' title='bbox 889 1996 950 2042; x_wconf 89' lang='lat' dir='ltr'><strong>ut</strong></span> <span class='ocrx_word' id='word_1_175' title='bbox 983 1997 1144 2058; x_wconf 83' lang='lat' dir='ltr'><strong>puto,</strong></span> <span class='ocrx_word' id='word_1_176' title='bbox 1194 1986 1429 2042; x_wconf 82' lang='lat' dir='ltr'><strong>feminas</strong></span> <span class='ocrx_word' id='word_1_177' title='bbox 1466 1986 1593 2044; x_wconf 86' lang='lat' dir='ltr'><strong>illas</strong></span> <span class='ocrx_word' id='word_1_178' title='bbox 1628 1988 1835 2058; x_wconf 90' lang='lat' dir='ltr'><strong>primas</strong></span> <span class='ocrx_word' id='word_1_179' title='bbox 1866 2003 1965 2039; x_wconf 93' lang='lat' dir='ltr'><strong>su-</strong></span> 
     </span>
     <span class='ocr_line' id='line_1_26' title="bbox 364 2060 1964 2133; baseline 0 -20"><span class='ocrx_word' id='word_1_180' title='bbox 364 2077 514 2114; x_wconf 89' lang='lat' dir='ltr'><strong>mere</strong></span> <span class='ocrx_word' id='word_1_181' title='bbox 535 2068 744 2123; x_wconf 88' lang='lat' dir='ltr'><strong>monet‚</strong></span> <span class='ocrx_word' id='word_1_182' title='bbox 787 2077 1006 2131; x_wconf 89' lang='lat' dir='ltr'><strong>capram</strong></span> <span class='ocrx_word' id='word_1_183' title='bbox 1029 2070 1083 2115; x_wconf 90' lang='lat' dir='ltr'><strong>et</strong></span> <span class='ocrx_word' id='word_1_184' title='bbox 1102 2079 1351 2126; x_wconf 89' lang='lat' dir='ltr'><strong>vaccam,</strong></span> <span class='ocrx_word' id='word_1_185' title='bbox 1394 2062 1655 2133; x_wconf 89' lang='lat' dir='ltr'><strong>quoniam</strong></span> <span class='ocrx_word' id='word_1_186' title='bbox 1677 2061 1837 2114; x_wconf 87' lang='lat' dir='ltr'><strong>ambo</strong></span> <span class='ocrx_word' id='word_1_187' title='bbox 1857 2060 1964 2113; x_wconf 87' lang='lat' dir='ltr'><strong>ista</strong></span> 
     </span>
     <span class='ocr_line' id='line_1_27' title="bbox 365 2132 1965 2206; baseline -0.001 -16"><span class='ocrx_word' id='word_1_188' title='bbox 365 2137 663 2197; x_wconf 86' lang='lat' dir='ltr'><strong>elementa,</strong></span> <span class='ocrx_word' id='word_1_189' title='bbox 706 2142 846 2188; x_wconf 86' lang='lat' dir='ltr'><strong>terra</strong></span> <span class='ocrx_word' id='word_1_190' title='bbox 874 2142 927 2188; x_wconf 88' lang='lat' dir='ltr'><strong>et</strong></span> <span class='ocrx_word' id='word_1_191' title='bbox 948 2152 1117 2206; x_wconf 88' lang='lat' dir='ltr'><strong>aqua,</strong></span> <span class='ocrx_word' id='word_1_192' title='bbox 1160 2137 1463 2191; x_wconf 88' lang='lat' dir='ltr'><strong>materialia</strong></span> <span class='ocrx_word' id='word_1_193' title='bbox 1491 2142 1621 2189; x_wconf 87' lang='lat' dir='ltr'><strong>sunt</strong></span> <span class='ocrx_word' id='word_1_194' title='bbox 1648 2151 1709 2188; x_wconf 92' lang='lat' dir='ltr'><strong>ac</strong></span> <span class='ocrx_word' id='word_1_195' title='bbox 1738 2133 1850 2188; x_wconf 81' lang='lat' dir='ltr'><strong>fere</strong></span> <span class='ocrx_word' id='word_1_196' title='bbox 1883 2132 1965 2188; x_wconf 80' lang='lat' dir='ltr'><strong>fe-</strong></span> 
     </span>
     <span class='ocr_line' id='line_1_28' title="bbox 367 2208 1965 2278; baseline -0.001 -14"><span class='ocrx_word' id='word_1_197' title='bbox 367 2211 576 2274; x_wconf 77' lang='lat' dir='ltr'><strong>minae3</strong></span> <span class='ocrx_word' id='word_1_198' title='bbox 637 2208 861 2262; x_wconf 87' lang='lat' dir='ltr'><strong>tertium</strong></span> <span class='ocrx_word' id='word_1_199' title='bbox 881 2226 1010 2263; x_wconf 90' lang='lat' dir='ltr'><strong>vero</strong></span> <span class='ocrx_word' id='word_1_200' title='bbox 1038 2211 1373 2274; x_wconf 89' lang='lat' dir='ltr'><strong>masculum,</strong></span> <span class='ocrx_word' id='word_1_201' title='bbox 1418 2209 1668 2271; x_wconf 88' lang='lat' dir='ltr'><strong>arietem,</strong></span> <span class='ocrx_word' id='word_1_202' title='bbox 1710 2209 1845 2278; x_wconf 85' lang='lat' dir='ltr'><strong>quia</strong></span> <span class='ocrx_word' id='word_1_203' title='bbox 1874 2210 1965 2263; x_wconf 70' lang='lat' dir='ltr'><strong>aer</strong></span> 
     </span>
     <span class='ocr_line' id='line_1_29' title="bbox 367 2281 1965 2353; baseline -0.001 -15"><span class='ocrx_word' id='word_1_204' title='bbox 367 2285 487 2338; x_wconf 84' lang='lat' dir='ltr'><strong>sive</strong></span> <span class='ocrx_word' id='word_1_205' title='bbox 508 2290 706 2336; x_wconf 90' lang='lat' dir='ltr'><strong>ventus</strong></span> <span class='ocrx_word' id='word_1_206' title='bbox 727 2283 886 2352; x_wconf 89' lang='lat' dir='ltr'><strong>quasi</strong></span> <span class='ocrx_word' id='word_1_207' title='bbox 909 2284 1188 2339; x_wconf 89' lang='lat' dir='ltr'><strong>masculus</strong></span> <span class='ocrx_word' id='word_1_208' title='bbox 1210 2294 1291 2340; x_wconf 89' lang='lat' dir='ltr'><strong>est</strong></span> <span class='ocrx_word' id='word_1_209' title='bbox 1321 2283 1593 2339; x_wconf 88' lang='lat' dir='ltr'><strong>redditus.</strong></span> <span class='ocrx_word' id='word_1_210' title='bbox 1672 2281 1965 2353; x_wconf 87' lang='lat' dir='ltr'><strong>Siquidem</strong></span> 
     </span>
     <span class='ocr_line' id='line_1_30' title="bbox 369 2358 1965 2427; baseline -0.002 -15"><span class='ocrx_word' id='word_1_211' title='bbox 369 2364 689 2412; x_wconf 87' lang='lat' dir='ltr'><strong>cunctarum</strong></span> <span class='ocrx_word' id='word_1_212' title='bbox 717 2373 899 2410; x_wconf 90' lang='lat' dir='ltr'><strong>rerum</strong></span> <span class='ocrx_word' id='word_1_213' title='bbox 928 2366 1153 2413; x_wconf 88' lang='lat' dir='ltr'><strong>naturae</strong></span> <span class='ocrx_word' id='word_1_214' title='bbox 1192 2367 1284 2414; x_wconf 89' lang='lat' dir='ltr'><strong>aut</strong></span> <span class='ocrx_word' id='word_1_215' title='bbox 1318 2360 1376 2413; x_wconf 90' lang='lat' dir='ltr'><strong>in</strong></span> <span class='ocrx_word' id='word_1_216' title='bbox 1408 2373 1607 2427; x_wconf 87' lang='lat' dir='ltr'><strong>corpus</strong></span> <span class='ocrx_word' id='word_1_217' title='bbox 1643 2365 1736 2412; x_wconf 91' lang='lat' dir='ltr'><strong>aut</strong></span> <span class='ocrx_word' id='word_1_218' title='bbox 1763 2358 1823 2410; x_wconf 90' lang='lat' dir='ltr'><strong>in</strong></span> <span class='ocrx_word' id='word_1_219' title='bbox 1854 2366 1965 2410; x_wconf 86' lang='lat' dir='ltr'><strong>ter-</strong></span> 
     </span>
     <span class='ocr_line' id='line_1_31' title="bbox 367 2431 1957 2502; baseline -0.001 -15"><span class='ocrx_word' id='word_1_220' title='bbox 367 2449 484 2487; x_wconf 91' lang='lat' dir='ltr'><strong>ram</strong></span> <span class='ocrx_word' id='word_1_221' title='bbox 507 2440 558 2485; x_wconf 89' lang='lat' dir='ltr'><strong>et</strong></span> <span class='ocrx_word' id='word_1_222' title='bbox 579 2447 777 2502; x_wconf 85' lang='lat' dir='ltr'><strong>aquam</strong></span> <span class='ocrx_word' id='word_1_223' title='bbox 797 2431 1087 2489; x_wconf 84' lang='lat' dir='ltr'><strong>distinctae</strong></span> <span class='ocrx_word' id='word_1_224' title='bbox 1108 2442 1264 2499; x_wconf 87' lang='lat' dir='ltr'><strong>sunt,</strong></span> <span class='ocrx_word' id='word_1_225' title='bbox 1298 2443 1351 2488; x_wconf 90' lang='lat' dir='ltr'><strong>et</strong></span> <span class='ocrx_word' id='word_1_226' title='bbox 1373 2431 1609 2487; x_wconf 87' lang='lat' dir='ltr'><strong>feminae</strong></span> <span class='ocrx_word' id='word_1_227' title='bbox 1638 2448 1709 2486; x_wconf 86' lang='lat' dir='ltr'><strong>ex</strong></span> <span class='ocrx_word' id='word_1_228' title='bbox 1738 2438 1957 2494; x_wconf 77' lang='lat' dir='ltr'><strong>natura;</strong></span> 
     </span>
    </p>
   </div>
   <div class='ocr_carea' id='block_1_3' title="bbox 365 2603 1965 2704">
    <p class='ocr_par' dir='ltr' id='par_1_4' title="bbox 365 2603 1965 2704">
     <span class='ocr_line' id='line_1_32' title="bbox 471 2603 1965 2652; baseline -0.002 -9"><span class='ocrx_word' id='word_1_229' title='bbox 471 2606 512 2650; x_wconf 63' lang='lat'><strong>⁴³)</strong></span> <span class='ocrx_word' id='word_1_230' title='bbox 561 2605 733 2644; x_wconf 83' lang='lat' dir='ltr'><strong>Poterat</strong></span> <span class='ocrx_word' id='word_1_231' title='bbox 773 2608 883 2646; x_wconf 86' lang='lat' dir='ltr'><strong>verti</strong></span> <span class='ocrx_word' id='word_1_232' title='bbox 925 2607 1054 2646; x_wconf 86' lang='lat' dir='ltr'><strong>etiam</strong></span> <span class='ocrx_word' id='word_1_233' title='bbox 1098 2605 1323 2644; x_wconf 71' lang='lat' dir='ltr'><strong>scientialia</strong></span> <span class='ocrx_word' id='word_1_234' title='bbox 1368 2607 1442 2643; x_wconf 75' lang='lat' dir='ltr'><strong>aut</strong></span> <span class='ocrx_word' id='word_1_235' title='bbox 1463 2612 1681 2652; x_wconf 58' lang='lat' dir='ltr'><strong>prae-&#39;aya</strong></span> <span class='ocrx_word' id='word_1_236' title='bbox 1714 2606 1787 2642; x_wconf 78' lang='lat' dir='ltr'><strong>aut</strong></span> <span class='ocrx_word' id='word_1_237' title='bbox 1821 2603 1965 2650; x_wconf 87' lang='lat' dir='ltr'><strong>potius</strong></span> 
     </span>
     <span class='ocr_line' id='line_1_33' title="bbox 365 2655 862 2704; baseline 0.008 -12"><span class='ocrx_word' id='word_1_238' title='bbox 365 2656 648 2704; x_wconf 67' lang='lat' dir='ltr'><strong>monastica.</strong></span> <span class='ocrx_word' id='word_1_239' title='bbox 699 2655 862 2696; x_wconf 74' lang='lat' dir='ltr'><strong>Auch.</strong></span> 
     </span>
    </p>
   </div>
   <div class='ocr_carea' id='block_1_4' title="bbox 472 2709 1962 2759">
    <p class='ocr_par' dir='ltr' id='par_1_5' title="bbox 472 2709 1962 2759">
     <span class='ocr_line' id='line_1_34' title="bbox 472 2709 1962 2759; baseline -0.003 -7"><span class='ocrx_word' id='word_1_240' title='bbox 472 2711 542 2759; x_wconf 73' lang='lat'>¹⁸⁸⁸)</span> <span class='ocrx_word' id='word_1_241' title='bbox 589 2712 777 2752; x_wconf 84' lang='lat' dir='ltr'><strong>Verbum</strong></span> <span class='ocrx_word' id='word_1_242' title='bbox 811 2717 931 2755; x_wconf 79' lang='lat' dir='ltr'><strong>deest</strong></span> <span class='ocrx_word' id='word_1_243' title='bbox 963 2718 1010 2755; x_wconf 80' lang='lat' dir='ltr'><strong>in</strong></span> <span class='ocrx_word' id='word_1_244' title='bbox 1043 2715 1186 2759; x_wconf 63' lang='lat' dir='ltr'><strong>Anu„</strong></span> <span class='ocrx_word' id='word_1_245' title='bbox 1224 2711 1339 2750; x_wconf 80' lang='lat' dir='ltr'><strong>unde</strong></span> <span class='ocrx_word' id='word_1_246' title='bbox 1372 2710 1531 2759; x_wconf 83' lang='lat' dir='ltr'><strong>pendet</strong></span> <span class='ocrx_word' id='word_1_247' title='bbox 1563 2719 1731 2750; x_wconf 74' lang='lat' dir='ltr'><strong>sensus.</strong></span> <span class='ocrx_word' id='word_1_248' title='bbox 1800 2709 1962 2750; x_wconf 72' lang='lat' dir='ltr'><strong>Aaou.</strong></span> 
     </span>
    </p>
   </div>
  </div>
 </body>
</html>
