2125 3084
383 181 477 235 4⁰8
831 187 1200 232 PHILoms
1237 187 1506 234 mDAm
1665 181 1856 248 [Lm.
1875 187 2018 252 115.]

380 289 541 358 sique
570 295 729 350 sunt,
770 296 1015 342 amantes
1050 286 1193 342 nihil
1221 287 1356 342 mali
1383 288 1498 358 pati
1527 287 1597 342 ab
1627 287 2007 349 hominibus.

382 361 483 420 Sin
500 370 685 418 autem
692 363 923 434 quidam
940 361 1013 418 ob
1030 362 1430 434 negligentiam
1449 363 1692 418 inermes
1711 383 1782 420 ac
1803 366 2012 438 impa-

382 437 487 493 rati
515 436 747 494 latibula
776 453 1138 507 recessusque
1165 436 1404 492 ferarum
1431 438 1552 493 sine
1571 440 1776 494 timore
1793 442 2008 511 perlu-

380 512 661 576 strabant,
700 512 1007 568 evenientia
1046 510 1362 568 detrimenti
1401 529 1624 570 causam
1661 513 1782 569 sibi
1827 516 1998 588 ipsis,

379 587 611 644 minime
638 603 769 643 vero
798 595 1021 642 naturae
1060 586 1402 654 adscribant,
1453 603 1518 641 eo
1543 588 1696 658 quod
1737 589 2000 646 debitam

382 663 651 720 cautelam
692 669 1154 732 contempserunt.
1245 662 1390 716 Ecce
1435 662 1546 716 iam
1595 671 1650 718 et
1695 665 1762 719 in
1809 666 2000 722 stadio

382 739 655 810 equestris
700 753 897 792 cursus
944 735 1066 791 vidi
1105 736 1398 790 nonnullos
1435 737 1688 792 insaniae
1735 739 1992 808 deditoe;

382 830 555 885 quum
576 812 725 868 enim
754 827 992 882 aequum
1012 820 1160 866 esset
1175 811 1258 866 eis
1273 810 1466 866 sedere
1488 828 1558 866 ec
1573 810 1847 870 decenter
1865 833 1997 887 spe-

383 897 527 944 ctare
542 929 555 952 ‚
596 889 657 942 in
680 885 928 942 medium
954 885 1194 959 ingressi
1221 893 1488 940 steterunt
1513 893 1568 940 et
1585 887 1834 958 impetui
1855 907 1994 961 qua-

381 964 663 1036 drigarum
692 961 983 1024 submissi,
1035 959 1277 1032 pedibus
1311 959 1622 1033 (equorum)
1651 970 1827 1034 atque
1857 966 1986 1018 rotis

380 1039 569 1094 obtriti
588 1046 717 1092 sunt
730 1075 743 1102 ‚
768 1037 1037 1091 amentiae
1061 1043 1314 1108 paratum
1333 1034 1597 1090 damnum
1619 1039 1980 1108 reperientes,

379 1114 457 1168 De
476 1113 565 1168 bis
582 1129 711 1185 ergo
728 1112 862 1168 satis
880 1111 1110 1166 dictum.

498 1217 612 1269 ⁴04.
654 1213 727 1289 [¹⁵]
748 1215 989 1287 Reptilia
1016 1231 1148 1269 vero
1165 1212 1480 1269 venenifera
1501 1213 1647 1269 facta
1667 1226 1805 1273 sunt
1820 1259 1835 1281 ‚
1881 1235 1978 1271 non

380 1289 683 1344 secundum
705 1291 1112 1361 providentiam
1127 1331 1140 1354 ,
1179 1288 1280 1344 sed
1308 1289 1617 1344 secundum
1637 1307 1979 1364 consequen-

380 1365 513 1420 tiam
529 1404 541 1427 ,
566 1372 629 1418 ut
646 1366 804 1435 prius
822 1364 965 1420 dixi.
1044 1363 1336 1436 Siquidem
1353 1364 1564 1436 prolem
1587 1365 1785 1431 edunt,
1807 1385 1978 1438 quan-

383 1437 453 1493 do
481 1439 701 1492 innatus
730 1439 927 1494 humor
946 1439 1220 1512 redigitur
1247 1439 1317 1493 ad
1335 1440 1512 1511 magis
1539 1439 1754 1508 calida3
1798 1443 1976 1514 aliqua

382 1519 563 1567 eutem
581 1513 813 1584 putredo
834 1516 1116 1578 animavit,
1141 1523 1204 1568 ut
1221 1513 1522 1568 lumbricos
1538 1515 1599 1569 in
1621 1515 1772 1570 cibis
1791 1534 1977 1572 occur-

380 1594 561 1643 rentes
582 1596 636 1642 et
654 1587 938 1659 pediculos
958 1606 1028 1643 ex
1048 1588 1346 1644 sudoribus
1367 1587 1824 1664 (provenientes).
1877 1591 1974 1658 Qui

384 1671 566 1720 autem
604 1679 677 1717 ex
710 1680 811 1718 sua
850 1664 1078 1719 materia
1117 1665 1272 1718 iuxta
1303 1672 1554 1718 naturam
1591 1666 1971 1721 seminativam

380 1739 904 1812 propagativamque
932 1729 1098 1795 babet
1125 1739 1530 1811 generationem
1543 1779 1557 1804 ‚
1606 1739 1736 1794 iure
1761 1745 1972 1796 merito-

383 1832 493 1888 que
540 1813 943 1886 providentiam
989 1814 1102 1869 sibi
1151 1812 1452 1868 adscribit.-
1532 1815 1742 1870 Tamen
1793 1815 1970 1870 audivi

384 1891 549 1945 etiam
578 1888 647 1945 de
673 1889 789 1945 illis
817 1887 1176 1963 (praemissis)
1201 1886 1484 1966 duplicem
1507 1905 1826 1944 sermonem
1845 1899 1970 1944 tam·-

383 1981 549 2036 quam
578 1963 651 2019 ad
688 1964 979 2020 utilitatem
1008 1962 1296 2018 hominum
1323 1961 1482 2018 factis
1497 2004 1510 2027 ,
1553 1979 1724 2034 quem
1753 1981 1864 2020 non
1889 1981 1968 2020 oc·

383 2039 623 2095 cultabo.
706 2039 837 2093 Erat
874 2047 1055 2094 autem
1092 2053 1238 2092 unus
1277 2037 1446 2092 huius
1485 2039 1712 2092 tenoris.
1799 2041 1880 2094 Ea
1917 2041 1968 2093 in

384 2113 575 2168 multis
605 2113 663 2169 vi
690 2113 787 2168 illa
814 2131 917 2169 sua
935 2110 1254 2169 venenifera
1272 2111 1606 2167 medicinam
1627 2113 1826 2168 iuvare
1843 2132 1967 2170 non·-

382 2189 525 2244 nulli
545 2187 829 2255 dixerunt3
866 2196 919 2243 et
935 2188 1022 2244 illi
1036 2229 1051 2254 ‚
1085 2187 1187 2257 qui
1213 2188 1346 2242 artis
1364 2187 1620 2258 peritiam
1643 2187 1961 2251 habuerunt,

382 2263 723 2335 ubicumque
738 2263 1045 2334 oportebat,
1085 2259 1384 2333 prudenter
1413 2260 1502 2317 his
1525 2262 1615 2316 usi
1641 2279 1744 2333 per
1763 2266 1878 2320 vim
1894 2264 1968 2318 le-

381 2337 619 2393 thalium
648 2335 1073 2393 medicaminum
1113 2335 1544 2392 emolumentum
1575 2339 1964 2410 excogitarunt.

381 2412 624 2469 maxime
649 2412 708 2466 in
736 2412 995 2468 extremis
1028 2410 1408 2466 laborantibus
1449 2411 1796 2482 inopinatam
1831 2412 1972 2471 salu-

380 2493 493 2538 tem
510 2484 825 2543 reddentes·
895 2487 965 2540 Et
982 2484 1052 2540 ad
1073 2483 1398 2540 hodiernam
1414 2501 1595 2556 usque
1615 2485 1770 2542 diem
1789 2487 1969 2542 videre

382 2564 467 2610 est
500 2574 593 2611 eos
606 2598 621 2621 ‚
682 2560 782 2629 qui
820 2576 929 2614 non
962 2559 1308 2632 negligenter
1344 2577 1408 2614 ac
1445 2558 1730 2616 desidiose
1769 2560 1972 2620 mederi

382 2629 801 2698 aggrediuntur,
830 2634 889 2688 in
908 2633 1266 2690 conficiendis
1279 2633 1703 2691 medicamentis
1721 2637 1977 2706 pharma-

382 2698 574 2769 cisque
608 2719 876 2776 usurpare
912 2708 1100 2780 aliqua
1139 2724 1210 2764 ex
1242 2703 1386 2780 ipsis
1425 2706 1576 2764 haud
1607 2703 1684 2784 [³⁵]
1720 2711 1974 2766 inaniter.
