2125 3084
182 216 507 284 [11‚282.283.]
548 222 629 265 IN
670 221 1020 266 GENESIN.
1060 222 1315 268 SERMO
1351 224 1436 272 lv.
1692 221 1778 271 401

186 407 253 471 [Ἷ
290 402 426 461 Quid
458 412 551 465 est,
596 402 728 466 quod
766 402 881 451 dicit
911 402 1037 451 Lot.-
1098 402 1262 468 „1390
1295 420 1389 453 non
1408 416 1578 469 potero
1606 408 1792 457 salvari

310 474 362 523 in
400 480 625 531 montem,
664 486 723 519 ne
746 471 883 535 forte
918 470 1320 534 comprehendant
1351 489 1424 523 me
1458 474 1587 525 mah
1621 485 1666 525 et
1689 492 1787 525 mo-

309 540 433 589 riar.
509 536 641 590 Ecce
684 538 801 587 haec
838 537 1005 587 civitas
1028 555 1188 602 prope
1214 548 1306 601 est,
1347 539 1418 597 ad
1429 540 1712 604 fuyiendum
1739 544 1787 591 in

312 624 444 668 eam,
506 621 631 669 quae
669 614 738 654 est
764 621 955 669 parvm,-
1026 614 1074 654 et
1109 622 1204 655 non
1240 616 1310 655 est
1339 623 1526 669 parva,
1579 608 1664 657 sed
1693 610 1788 663 sal-

310 674 467 723 vabor
503 681 549 721 et
582 672 707 724 vivet
742 672 903 721 anima
934 674 1120 721 mea“?
1157 678 1264 737 (19,
1309 679 1366 723 19
1390 675 1458 733 s.)

288 803 375 857 47.
424 800 691 855 Divinum
719 793 956 856 verbu'm
987 802 1360 857 abundantem
1392 802 1635 875 largiens
1663 820 1790 875 gra-

180 880 340 941 tiam,
385 892 609 931 sursum
638 876 837 931 invitat
868 876 1110 931 animam
1139 876 1476 949 proficientis
1506 878 1575 931 ad
1605 877 1789 951 perfe-

182 954 441 1007 ctionem.
496 949 605 1016 Qui
630 959 812 1005 tamen
832 951 1015 1006 adhuc
1034 952 1429 1024 pusillanimus
1451 961 1534 1007 est
1555 962 1608 1011 et
1627 954 1789 1007 simi-

184 1029 254 1083 lis
264 1026 507 1098 exlonga
529 1026 876 1097 aegritudine
897 1028 958 1082 in
980 1028 1270 1081 sanitatem
1292 1028 1668 1099 vergentibuS‚
1683 1029 1784 1099 qui

180 1102 411 1174 quidem
449 1109 681 1155 mortem
720 1100 988 1175 effugere,
1040 1102 1288 1157 nondum
1329 1112 1512 1158 tamen
1553 1102 1787 1157 salutem

180 1176 481 1250 perfectam
510 1175 725 1248 adepti,
769 1176 1019 1242 medium
1046 1177 1230 1232 adhuc
1261 1186 1448 1232 tenent
1477 1185 1678 1232 statum
1700 1178 1789 1231 in-

181 1261 267 1307 ter
306 1252 592 1307 sanitatem
632 1259 686 1305 et
723 1251 1126 1319 infirmitatem,
1171 1252 1254 1325 (eo
1283 1253 1446 1308 modo
1475 1254 1637 1323 quasi
1667 1252 1785 1325 Lot)

180 1326 461 1399 propriam
483 1326 681 1382 fatetur
701 1327 1140 1383 imbecillitatem
1155 1369 1168 1393 ‚
1211 1329 1310 1383 vix
1340 1344 1503 1400 posse
1524 1345 1584 1382 se
1605 1330 1787 1381 omni-

182 1420 252 1457 no
273 1401 481 1456 distare
506 1418 535 1455 a
565 1402 789 1457 civitate
819 1404 1088 1475 civilique
1117 1420 1250 1467 usu,
1296 1414 1460 1476 atque
1489 1402 1785 1458 transferre

182 1496 239 1532 se
262 1478 322 1532 in
342 1493 622 1541 securam,
656 1476 1003 1548 sapientibus
1031 1479 1476 1543 convenientem,
1510 1478 1786 1551 tranquil-

182 1553 413 1607 litatem.
492 1552 697 1607 Verum
733 1552 997 1623 proficere
1034 1563 1116 1607 est
1146 1554 1223 1617 ei,
1277 1571 1384 1607 non
1416 1554 1559 1608 ultra
1589 1554 1786 1608 cedere

181 1627 398 1682 civitati
420 1642 485 1681 ac
504 1626 761 1681 civilitati
781 1628 989 1698 primas
1003 1668 1015 1691 ,
1040 1629 1154 1683 imo
1174 1628 1445 1699 impedire
1465 1628 1786 1682 admiratio-

180 1719 309 1757 nem
328 1701 401 1755 de
418 1701 534 1755 illis
550 1742 562 1765 ‚
587 1698 743 1755 flocci
765 1699 1015 1756 faciendo
1035 1702 1262 1766 similia,
1289 1704 1364 1757 ita
1384 1713 1566 1757 tamen
1587 1713 1650 1756 ut
1675 1718 1786 1755 non

180 1777 343 1848 parvi
379 1776 586 1847 pendat
622 1793 725 1831 ceu
752 1778 1061 1832 necessaria
1090 1778 1381 1848 utiliaque.
1463 1777 1652 1830 Trium
1683 1776 1789 1829 ita·

181 1868 291 1923 que
312 1851 525 1915 entium
554 1852 615 1915 in
642 1851 827 1908 medio
857 1853 1151 1917 stantium,
1200 1851 1468 1921 sapientis
1505 1849 1784 1911 videlicet,

179 1926 519 1998 proficientis
548 1934 602 1987 et
630 1927 899 1999 improbi,
943 1926 1318 1983 extremitates
1345 1924 1586 1989 militant
1605 1932 1790 1977 contra

181 2018 240 2056 se
280 2002 543 2057 invicem.
626 2000 861 2074 Sapiens
900 2003 1052 2063 enim
1090 2000 1245 2073 pacis
1281 2007 1364 2059 est
1391 2015 1578 2063 amans
1609 2008 1662 2053 et
1691 2016 1790 2055 ne-

180 2078 333 2131 scius
354 2076 730 2141 dimicationis
752 2086 917 2151 atque
938 2076 1185 2141 feriatae,
1213 2083 1272 2130 ut
1291 2083 1436 2131 totus
1457 2074 1668 2136 divinis
1690 2093 1790 2129 va-

180 2160 267 2207 cet
286 2150 871 2223 contemplationibus.
948 2151 1239 2222 Improbus
1271 2159 1452 2208 autem
1481 2160 1624 2205 amat
1645 2150 1789 2208 civi-

180 2234 351 2281 tatem
380 2235 433 2282 et
462 2226 691 2281 civilem
721 2228 943 2283 turbam
972 2244 1037 2281 ac
1067 2226 1538 2286 conturbationem
1558 2243 1791 2281 concur-

178 2317 420 2371 sumque
440 2301 734 2356 hominum
754 2310 809 2356 et
829 2318 1040 2368 rerum;
1093 2317 1330 2371 namque
1361 2318 1514 2355 amor
1541 2300 1792 2371 negotio-

178 2392 335 2439 rum,
380 2376 641 2438 avaritia‚
687 2376 1010 2431 hominibus
1041 2376 1439 2449 complacentia
1469 2382 1632 2443 atque
1673 2379 1794 2425 stu-

178 2449 343 2504 dium
382 2449 673 2521 dignitatis
711 2450 1081 2521 possidendae
1118 2450 1358 2522 pretiosa
1395 2447 1484 2500 illi
1523 2453 1678 2508 sunt,
1743 2453 1796 2497 et

178 2541 399 2579 cessare
432 2524 501 2579 ab
528 2526 602 2579 iis
639 2524 755 2581 vile
792 2533 1066 2595 putatum.
1143 2522 1444 2577 Proficiens
1481 2536 1613 2573 vero
1653 2518 1797 2571 inter

178 2607 513 2670 utrumque,
566 2616 629 2653 se
666 2616 897 2655 movens
940 2599 1009 2653 ad
1049 2612 1302 2653 securam
1341 2592 1796 2661 tranquillitatem

180 2690 286 2727 nec
307 2682 495 2727 tamen
514 2673 711 2729 valens
731 2675 957 2728 omnino
978 2672 1260 2727 declinare
1283 2666 1546 2738 politicen
1564 2707 1578 2729 ‚
1615 2680 1800 2733 neque

187 2746 263 2821 [Ἴ
296 2756 361 2803 ut
394 2748 534 2803 olim
574 2748 855 2803 admirans
893 2748 1178 2802 civitatem
1217 2751 1500 2811 tamquam
1537 2752 1804 2810 magnum
