2125 3084
357 176 460 231 232
603 179 806 225 PHIL.
844 178 993 225 1111).
1032 174 1497 235 QUAEs‘r.·E·r
1536 174 1691 220 SOL.
1742 168 1979 239 [mua]

358 298 468 356 gua
487 280 700 335 sonitus
721 278 862 335 aeris
881 286 991 341 est,
1015 277 1125 354 scd
1146 277 1257 331 iam
1276 274 1425 331 dicta
1439 316 1452 340 ‚
1478 292 1621 347 quae
1642 278 1849 331 incerta
1872 278 1980 332 in-

359 352 730 426 differensque
749 360 864 410 erat
881 355 940 408 in
968 353 1192 425 propria
1219 349 1646 424 significatione.
1726 350 1975 424 Signifi-

359 432 500 487 catio
520 437 604 485 est
621 437 804 485 autem
825 428 1067 485 ostensio
1084 430 1211 499 piae
1228 425 1531 482 voluntatis
1548 468 1562 491 ,
1594 444 1737 499 quae
1756 442 1976 482 conve—

359 508 444 564 nit
461 504 637 561 indoli
660 505 950 579 religiosae
969 496 1269 558 fertilitatis
1290 500 1711 574 dignitatisque.
1752 501 1973 568 Quam-

359 582 550 637 obrem
569 581 761 636 iterato
781 596 1006 636 sumens
1026 577 1117 633 bis
1135 584 1367 649 usurpat
1393 574 1629 631 dictum:
1698 577 1834 637 Vox,
1868 576 1970 633 ine

358 658 558 730 quiens
573 698 585 721 ‚
617 672 722 711 vox
739 656 894 711 Iacob
906 695 921 720 ‚
943 670 1131 709 mnus
1150 662 1323 708 autem
1339 668 1521 707 manua
1536 651 1706 713 Emer:
1753 649 1969 705 obum-

357 720 570 789 brando
583 771 596 795 ,
636 730 786 802 quod
805 746 914 785 non
933 744 1125 784 vocem
1146 726 1603 799 qualemcumque
1617 762 1631 789 ‚
1669 722 1770 778 sed
1786 724 1963 779 istam

361 805 566 870 laudat,
595 813 657 860 ut
674 805 945 876 promisit,
971 800 1046 878 [⁴⁸]
1072 802 1449 867 inventionem
1457 798 1719 855 bonorum
1731 814 1851 853 esse
1862 817 1963 854 se-

359 882 604 937 cundum
635 880 801 935 deum
815 921 828 944 ,
867 894 1010 951 quae
1037 876 1263 933 diversa
1282 886 1397 932 erat
1418 894 1449 931 a
1468 892 1617 930 more
1635 873 1961 945 indiscipli-

359 966 512 1021 nato,
534 954 824 1012 familiaris
844 961 1026 1011 autem
1046 952 1309 1027 religioso
1321 993 1336 1018 ,
1364 952 1466 1025 qui
1484 948 1729 1007 studium
1750 948 1960 1005 laboris

359 1211 532 1265 santis
549 1210 756 1272 aerem,
797 1206 898 1262 sed
924 1222 1026 1279 pro
1047 1223 1238 1273 casum
1264 1204 1469 1261 dictam
1496 1204 1686 1277 (marq.
1709 1221 1808 1277 pro
1826 1221 1962 1260 casu

363 1282 683 1354 vindictam)
705 1291 758 1338 et
785 1281 1080 1337 habentem
1105 1280 1470 1337 differentiam
1498 1296 1599 1352 pro
1627 1298 1730 1336 suo
1750 1280 1963 1337 iudicio

361 1358 548 1427 (mara.
592 1355 840 1429 indicio).
935 1358 1253 1429 Designatio
1296 1357 1447 1413 enim
1485 1356 1710 1427 pietatis
1746 1364 1831 1411 est
1866 1354 1962 1428 (et)

361 1440 657 1503 spontanea
685 1430 886 1504 figura,
937 1448 1179 1504 congrua
1218 1431 1537 1487 exerciteris
1574 1429 1762 1503 (mm-9.
1800 1448 1964 1486 exer-

361 1504 590 1577 citoriis)
612 1506 858 1561 moribus
881 1507 1219 1573 continentia
1235 1548 1247 1572 ,
1284 1506 1493 1579 quibus
1510 1506 1887 1561 benivolentia
1908 1516 1965 1562 et

361 1580 620 1637 sanctitas
647 1582 926 1647 oriuntur,
974 1582 1144 1644 huius
1172 1583 1348 1655 gratia
1375 1580 1723 1653 recuperavit
1750 1598 1965 1637 sermo-

359 1673 488 1713 nem
503 1654 728 1718 dicens:
777 1659 889 1713 Vox
907 1662 1113 1728 quidem
1129 1676 1236 1713 vox
1260 1659 1441 1722 Iacob,
1483 1674 1671 1711 manua
1696 1674 1819 1711 vero
1844 1674 1964 1711 ma-

360 1750 460 1789 nus
481 1732 651 1803 Esau;
689 1732 1051 1797 subnitendo‚
1094 1732 1245 1805 qnod
1272 1750 1382 1789 non
1412 1748 1604 1787 vocem
1630 1729 1957 1804 quamlibet,

360 1806 460 1864 sed
480 1826 600 1863 eam
625 1808 837 1874 laudat,
880 1826 1022 1882 quae
1050 1808 1299 1881 professa
1328 1816 1411 1863 est
1439 1807 1645 1863 autoris
1666 1824 1787 1861 esse
1808 1824 1963 1862 emo-

363 1884 606 1943 lumenta
625 1884 890 1949 bonorum
907 1928 920 1951 ‚
944 1885 1095 1958 quod
1113 1892 1229 1940 erat
1249 1884 1490 1939 alienum
1511 1882 1699 1954 pravi,
1722 1899 1961 1954 pravum

362 1978 492 2015 vero
512 1962 903 2017 continentiam
924 1959 1199 2017 studentis
1220 1968 1273 2015 et
1293 1958 1576 2014 exercitati
1596 1974 1695 2029 pro
1722 1957 1961 2013 libidine

361 2034 568 2091 doloris
597 2036 853 2109 eligentis
882 2036 1024 2091 hanc
1052 2036 1223 2091 vitam
1254 2034 1535 2089 utiliorem
1570 2041 1623 2088 et
1652 2034 1959 2105 preciosam

361 2110 629 2167 credenti.
661 2150 666 2155 -
707 2110 760 2183 ⁴⁸)
771 2112 962 2167 Manus
997 2120 1181 2166 autem
1216 2116 1449 2181 possunt
1484 2126 1607 2163 esse
1640 2106 1853 2173 indocti
1890 2106 1960 2163 ad

361 2184 674 2241 effecturam
689 2227 701 2250 ‚
725 2185 896 2240 multa
918 2186 1065 2252 enim
1089 2182 1392 2239 inofficiose
1412 2191 1622 2243 tentant
1639 2200 1821 2257 agere,
1851 2200 1960 2239 non

361 2278 432 2315 ex
451 2261 763 2334 integritate
783 2260 992 2327 cordis;
1037 2260 1331 2332 aliquoties
1351 2260 1499 2314 enim
1518 2269 1573 2315 et
1590 2259 1819 2332 religata
1844 2258 1959 2314 sibi
2036 2285 2040 2292 ·

360 2335 520 2407 pravi
549 2336 839 2399 resistunt,
881 2342 935 2389 et
961 2336 1234 2390 senectuti
1269 2332 1551 2399 deferunt,
1594 2343 1649 2390 et
1683 2334 1958 2389 amicitiae

360 2412 481 2465 iura
504 2418 848 2465 conservant.
926 2409 1037 2465 Sed
1056 2409 1194 2465 haec
1220 2427 1322 2481 pro
1350 2427 1451 2465 sua
1478 2410 1709 2465 avaritia
1737 2416 1953 2481 gerunt.

360 2491 422 2538 ut
443 2492 651 2555 captata
673 2484 1075 2555 opportunitate
1095 2484 1366 2554 quosdam
1392 2484 1633 2555 amplius
1654 2480 1954 2557 decipiant.

361 2557 439 2611 Ita
459 2556 726 2613 falluntur
743 2558 930 2614 minus
947 2558 1122 2613 sobrii
1140 2558 1358 2613 modico
1377 2560 1691 2615 testimonio
1716 2559 1953 2623 seducti.

463 2726 507 2773 ⁸)
533 2726 656 2775 Quae
678 2729 833 2771 abhinc
857 2734 1093 2779 sequnntur
1118 2730 1165 2769 ln
1188 2731 1270 2771 hac
1294 2740 1485 2780 paragr..
1526 2730 1683 2773 desum
1705 2733 1752 2772 ln
1776 2733 1901 2776 Arm.

2100 258 2102 327 ‹
