2125 3084
371 179 469 233 384
621 184 818 230 PHIL.
856 184 1005 230 ιω).
1044 183 1368 242 QUAEsT.
1406 185 1508 228 ET
1550 186 1710 231 son.
1753 181 1839 248 sn,
1865 182 1980 250 540]

370 304 434 340 ac
462 302 725 340 exornare
754 267 922 340 verba
950 284 1243 356 operibus:
1296 284 1434 338 alias
1453 301 1618 340 omne
1639 288 1763 342 sine
1783 305 1985 358 opera-

367 363 515 416 tione
536 359 918 432 imperfectum
939 367 992 414 et
1012 359 1276 428 claudum
1296 367 1397 414 est.

440 517 511 584 [Ἴ
552 515 710 574 Quare
746 516 1124 582 quadranyulum
1160 525 1204 565 et
1239 515 1413 582 duplex
1444 516 1704 579 rationale,
1737 519 1909 580 palmo

635 584 875 649 lonqituclo
911 593 957 633 et
982 583 1149 648 palmo
1187 581 1420 632 latitudo?
1454 587 1557 648 (28,
1591 583 1698 648 16.)

486 699 599 750 ⁴⁴⁴.
641 696 850 764 Duplex
872 703 954 749 est
972 697 1252 749 rationale.
1329 695 1574 748 Primum
1589 735 1602 758 ,
1623 694 1758 764 quia
1780 693 1980 766 dupli-

368 789 489 826 cem
510 770 677 825 habet
696 771 987 824 rationem:
1050 785 1218 825 unam
1234 811 1247 833 ‚
1286 768 1452 824 fontis
1473 769 1681 823 habens
1705 769 1975 838 virtutem

369 850 426 901 in
449 854 673 901 naturae
704 846 979 914 consiliis3
1044 851 1098 900 et
1127 845 1380 908 alteram,
1425 843 1738 900 effluxionis
1769 843 1976 914 (virtu-

367 921 498 994 tem)
518 921 842 994 prolativam
859 962 871 985 ‚
905 936 1080 991 eaque
1101 918 1313 992 duplex
1333 920 1577 984 exsistit,
1607 916 1875 991 quaedam
1898 919 1971 973 ad

366 1015 564 1052 verum
584 995 815 1052 tendens
830 1037 842 1060 ‚
867 993 1141 1067 quaedam
1163 1011 1293 1050 vero
1315 995 1384 1048 ad
1405 993 1628 1050 falsum.
1689 993 1964 1058 Secundo,

366 1074 498 1144 quia
518 1081 572 1127 et
590 1072 903 1127 intellectus
924 1069 1206 1141 duplicem
1233 1069 1388 1124 videt
1416 1085 1530 1124 rem
1547 1110 1559 1134 ‚
1602 1069 1852 1124 divinam
1878 1069 1973 1124 vi—

367 1147 568 1202 delicet
596 1155 649 1202 et
676 1146 985 1214 mortalem;
1049 1146 1197 1200 siout
1224 1153 1288 1210 et,
1303 1161 1415 1200 vox
1445 1145 1534 1199 his
1564 1142 1782 1199 duabus
1811 1161 1974 1198 exor-

366 1223 485 1278 nari
507 1222 718 1286 nititur,
743 1230 1031 1293 utramque
1051 1220 1479 1292 interpretando,
1539 1219 1974 1289 Quadranqulum

369 1305 548 1353 autem
572 1305 653 1350 est
672 1297 935 1351 rationale
959 1294 1261 1370 symbolice
1277 1337 1289 1360 ‚
1331 1297 1592 1367 quoniam
1613 1302 1826 1367 oportet
1843 1311 1972 1350 ver-

365 1373 502 1426 hum
524 1370 740 1424 firmum
766 1380 927 1442 atque
948 1371 1233 1425 immobile
1253 1369 1502 1442 undique
1523 1385 1644 1424 esse
1659 1410 1671 1433 ‚
1702 1369 1971 1440 nullaque

366 1453 518 1518 parte
548 1443 824 1499 declinare
855 1447 914 1500 in
945 1447 1274 1504 consilio'et·
1290 1445 1698 1517 interpretando
1727 1461 1828 1517 per
1857 1443 1971 1499 lin—

364 1537 530 1596 guam
553 1528 703 1575 etos,
781 1520 862 1575 Ad
882 1525 1118 1590 palmum
1141 1537 1272 1576 vero
1293 1522 1555 1590 lonqicudo
1577 1529 1630 1575 et
1649 1523 1722 1574 ad
1734 1521 1972 1590 palmum

367 1599 587 1650 latitudo
614 1593 739 1649 ideo
769 1602 878 1660 est,
922 1595 1053 1668 quia
1085 1597 1303 1669 palmus
1333 1599 1486 1650 s'exta
1516 1613 1642 1668 pars
1676 1603 1760 1650 est
1789 1594 1968 1650 cubiti

364 1702 439 1713 —
460 1671 682 1726 cubitus
705 1671 853 1726 enim
875 1689 975 1726 sex
994 1671 1303 1743 palmorum
1324 1679 1408 1726 est
1433 1701 1534 1735 ψ,
1575 1678 1636 1725 ut
1654 1672 1728 1724 sit
1747 1677 1969 1725 sextum

364 1764 535 1802 unum
557 1763 655 1818 per
678 1747 1080 1820 longitudinem
1108 1754 1163 1801 et
1192 1746 1560 1818 latitudinem,
1640 1745 1967 1818 Symbolum

364 1831 547 1878 autem
567 1821 888 1879 huiusmodi
906 1829 1147 1894 praestat
1167 1829 1570 1896 argumentum.
1647 1820 1718 1876 Et
1745 1819 1967 1876 intelle-

365 1907 485 1953 ctus
515 1915 660 1953 unus
690 1905 771 1953 est
800 1906 855 1952 et
882 1897 1066 1954 unitor
1091 1896 1477 1954 distinctorum
1496 1896 1959 1968 intelligibilium,

364 1975 509 2029 sicut
536 1974 887 2029 concinnator
916 1989 1106 2028 eorum
1133 1973 1382 2045 ipsorum
1409 1972 1476 2045 (s.
1509 1973 1653 2026 sicut
1688 1971 1963 2042 adaptatio

364 2065 489 2103 cum
520 2048 677 2121 illis).
754 2049 823 2103 Et
850 2048 1183 2121 prolativum
1213 2048 1446 2112 verbum
1475 2064 1648 2102 unum
1673 2047 1962 2118 quidpiam

365 2133 449 2178 est
477 2123 781 2195 itidemque
800 2123 1069 2178 unificum
1089 2122 1475 2178 distinctorum
1495 2122 1956 2195 intelligibilium,

363 2209 425 2254 ut
462 2199 765 2254 litterarum
796 2199 854 2252 in
882 2197 1145 2272 syllabis,
1187 2207 1240 2254 et
1267 2199 1604 2274 syllabarum
1631 2199 1690 2252 in
1719 2196 1963 2254 vocabu-

365 2275 462 2338 lie,
505 2276 675 2345 inque
705 2274 1005 2328 multorum
1028 2273 1422 2330 vocabulorum
1453 2275 1512 2328 in
1549 2272 1964 2345 compositioni-

362 2350 471 2404 bus
500 2349 849 2421 prolixisque
874 2349 1244 2404 orationibus:
1303 2366 1446 2420 quae
1475 2349 1704 2404 enimin
1723 2349 1812 2403 his
1832 2347 1966 2402 infi-

363 2425 477 2479 nita
496 2425 745 2479 extensio
766 2432 848 2478 est
867 2422 1092 2495 profusa
1107 2464 1119 2488 ‚
1151 2441 1252 2496 per
1276 2424 1544 2480 naturalia
1573 2423 1860 2496 adaptatur
1889 2421 1966 2476 li-

362 2501 603 2572 gamina.
682 2499 855 2554 Habet
884 2491 1200 2553 intellectus
1227 2516 1448 2570 quoque
1477 2499 1877 2573 longitudinem
1907 2509 1968 2554 et

364 2575 739 2638 latitudinem,
801 2575 1062 2646 quoniam
1119 2575 1433 2630 extenditur
1479 2584 1534 2630 et
1581 2575 1842 2630 dilatatur
1889 2574 1962 2628 ad

362 2649 546 2700 omnia
566 2648 945 2720 intelligibilia
975 2665 1075 2720 per
1103 2651 1672 2720 comprehensionem3
1731 2650 1878 2704 sicut
1909 2659 1970 2704 et

363 2720 595 2774 verbum
624 2719 693 2774 ad
721 2731 1043 2794 utrumque,
1085 2724 1214 2794 quia
1243 2725 1430 2796 ethoc
1445 2725 1811 2798 amplificatur
1831 2741 1970 2795 pro-
