2125 3084
253 155 486 224 [11,189.]
607 161 690 207 IN
729 163 1081 209 GENESIN.
1122 165 1375 210 SERMO
1414 163 1500 210 m.
1798 157 1859 210 49

245 261 484 336 posthac
501 261 826 334 philosophi
843 264 1105 318 exstitere
1119 305 1131 328 ‚
1158 263 1473 319 Aristoteles
1494 279 1623 318 cum
1636 263 1859 334 Peripa-

247 337 437 393 teticis
453 357 465 390 :
492 336 700 392 dicitur
712 345 914 402 tamen,
927 337 1079 408 quod
1091 339 1255 392 etiam
1266 337 1625 412 Pythagorica
1638 347 1721 394 est
1734 347 1783 392 ta
1792 339 1859 392 lis

250 411 556 484 legislatio.
637 411 921 484 Aegyptus
951 413 1141 484 itaque
1166 411 1479 485 symbolum
1500 421 1583 468 est
1604 428 1859 484 corpora-

251 487 397 542 lium
443 494 910 556 exterum-umque
956 485 1253 550 bonorum,
1322 487 1631 558 Euphrates
1676 497 1857 542 autem

251 559 638 632 spiritualium
654 600 667 623 ‚
701 560 910 631 quibus
930 561 1065 615 eolis
1086 577 1217 615 vera
1240 560 1447 616 laetitia
1467 569 1703 624 constat,
1738 561 1859 617 l'on-

252 643 368 690 tem
392 632 605 688 habens
635 635 965 704 sapientiam
994 652 1105 689 una
1134 652 1263 690 cum
1291 636 1507 690 cunctis
1538 635 1855 690 virtutibus.

253 710 424 764 Fines
445 716 630 762 autem
650 709 772 762 iure
793 709 1067 782 originem
1088 709 1299 765 ducunt
1316 709 1387 764 ab
1406 709 1657 782 Aegypto
1678 718 1732 764 et
1752 719 1861 764 ter-
1884 731 1901 746 ·

254 784 539 837 minantur
567 783 628 836 in
657 781 1026 853 Euphratem3
1074 785 1135 838 in
1154 784 1369 838 ultimis
1388 785 1537 839 enim
1566 793 1861 839 occurrunt

257 874 348 912 res
389 857 632 920 animae,
680 857 890 928 quibus
931 873 1093 930 aegre
1129 859 1573 931 appropinquare
1611 859 1861 914 succedit

257 931 420 985 nobis
436 972 448 994 ‚
490 939 786 1002 postquam
815 940 997 986 tamen
1017 935 1307 988 transitum
1328 943 1411 988 est
1430 950 1529 1005 per
1550 933 1859 1005 corporales

260 1013 316 1059 et
351 1012 632 1068 externas,
693 1013 756 1060 ut
793 1007 1111 1069 sanitatem,
1163 1023 1427 1062 sensuum
1466 1010 1855 1079 integritatem,

261 1079 736 1150 pulchritudinem
775 1087 830 1136 et
865 1080 1062 1144 robur,
1116 1096 1257 1152 quae
1286 1082 1345 1134 in
1374 1082 1662 1136 iuventute
1701 1081 1861 1136 solita

264 1161 418 1208 erant
432 1153 725 1225 proficere,
759 1170 1006 1209 erescere
1026 1163 1081 1210 et
1102 1155 1343 1226 acquiri:
1385 1155 1645 1210 similiter
1666 1163 1720 1210 et
1740 1155 1857 1212 illa.

261 1245 404 1299 quae
434 1228 503 1283 ad
535 1227 752 1282 lucrum
778 1228 1097 1284 faciendum
1126 1230 1665 1302 negotiationemque
1684 1231 1861 1302 perti-

261 1311 410 1366 nent,
436 1311 500 1358 ut
517 1302 816 1358 navarchia
831 1343 844 1368 ‚
870 1305 1207 1376 agricultura
1228 1313 1281 1360 et
1300 1305 1653 1374 commercia3
1699 1305 1861 1360 iuve-

260 1395 390 1506 3em
407 1393 650 1448 namque
667 1378 852 1432 omnia
871 1377 1067 1434 decere
1080 1418 1094 1442 ‚
1138 1379 1377 1436 maxime
1395 1379 1675 1451 praedicta
1692 1421 1705 1442 ,
1740 1381 1861 1434 iure

303 1453 476 1507 ictum
497 1460 599 1506 est.

31 202 60 235 >

266 1607 367 1666 Qui
395 1610 492 1658 sint
531 1609 728 1672 Cenaei,
782 1610 1034 1673 Cenezaei,
1088 1611 1394 1674 Cedmonaei,
1450 1611 1686 1669 chettaei,
1740 1609 1861 1657 Phe-

397 1678 578 1739 rezaei,
625 1676 896 1740 Raphaim,
946 1678 1257 1740 Amorrhaei,
1318 1678 1623 1738 chananaei,
1686 1675 1863 1738 Geryo·

397 1743 504 1792 saei
535 1753 580 1792 et
611 1743 864 1794 Iebusaei?
899 1746 1008 1808 (15,
1051 1751 1111 1794 19
1134 1747 1230 1808 ss.)

381 1844 460 1896 ⁴7.
503 1845 699 1898 Decem
719 1856 910 1917 gentes
931 1852 1291 1900 numerantur
1310 1843 1553 1896 malitiae
1568 1881 1579 1902 ‚
1610 1856 1751 1911 quas
1768 1839 1867 1893 de-

262 1918 429 1970 struit
457 1917 528 1972 ob
559 1919 898 1974 vicinitatem
909 1919 989 1992 *);
1030 1917 1105 1994 [*]
1138 1917 1401 1988 quoniam
1430 1915 1689 1970 denarius
1724 1930 1865 1986 quo-

263 2007 374 2061 que
406 1990 580 2046 falsus
608 2002 662 2047 et
691 1994 836 2048 male
865 1995 1117 2066 signatus
1146 1993 1367 2048 vicinus
1403 2000 1485 2046 est
1522 1990 1663 2045 bono
1703 1998 1865 2061 atque

19 2097 60 2138 7
265 2065 513 2119 amabili.
613 2067 841 2122 Summa
889 2084 1022 2123 vero
1074 2066 1340 2140 perfectio
1384 2067 1601 2121 numeri
1650 2065 1865 2120 denarii

267 2141 556 2210 aptissima
577 2149 659 2196 est
673 2183 686 2204 ‚
711 2152 773 2196 ut
793 2159 1050 2196 mensura
1073 2145 1464 2197 immensorum
1488 2157 1860 2202 numerorum,

265 2213 733 2284 quemadmodum
763 2216 1066 2287 dispositus
1097 2226 1180 2270 est
1208 2225 1261 2271 et
1290 2215 1531 2271 mundus
1564 2224 1616 2270 et
1642 2215 1867 2285 sapien-

265 2287 338 2340 tis
366 2305 543 2342 mens,
625 2290 798 2344 Cuius
827 2299 1008 2344 tamen
1037 2291 1401 2345 substantiam
1431 2290 1701 2344 convertit
1730 2288 1867 2340 sub-

268 2363 543 2433 vertitque
571 2363 810 2427 malitia‚
853 2364 1127 2436 despectis
1156 2364 1373 2420 viribus
1412 2361 1861 2434 pernecessarii5‚

267 2442 329 2488 ut
348 2436 527 2490 solum
552 2445 721 2492 restet
751 2438 894 2492 illud
923 2439 1075 2510 quod
1103 2438 1308 2493 dixerit
1336 2439 1403 2510 (s.
1438 2433 1724 2504 audierit),
1767 2432 1867 2486 bo-

267 2525 402 2561 num
440 2528 562 2565 esse
601 2511 850 2566 studium
891 2513 1139 2568 virtutis:
1206 2528 1331 2566 nam
1361 2525 1567 2581 pravus
1595 2507 1723 2562 talis
1762 2515 1863 2569 est,

369 2647 413 2694 ¹⁵)
457 2659 494 2688 ε.
539 2655 696 2696 venees,
744 2662 847 2700 qm
891 2653 1065 2691 damu
1108 2653 1159 2690 0⁶
1202 2651 1386 2688 malitiae
1404 2624 1413 2631 ⁶
1430 2659 1517 2687 cum
1561 2649 1647 2686 icus
1682 2648 1870 2684 vicinita-

270 2701 362 2736 tem.
414 2697 577 2738 Auch.
1363 2749 1406 2796 Β
1428 2748 1457 2792 2
