2125 3084
210 208 296 273 [ιι
323 176 448 269 42⁷]
559 209 640 254 m
680 208 1037 253 GENEsm.
1078 208 1333 255 sunnio
1370 210 1455 257 nr.
1717 202 1817 257 2¹⁷3

207 326 389 383 quum
425 324 532 364 nec
567 326 744 365 unum
790 324 974 379 neque
1019 308 1253 363 alterum
1299 308 1629 381 surripuerit
1642 351 1656 375 ,
1716 311 1819 367 sed

209 396 516 456 utrumque
553 384 808 448 retinuit,
849 392 963 438 tam
1001 383 1371 455 primogenita
1385 424 1398 447 ‚
1440 400 1611 453 quem
1646 384 1819 441 bene-

209 462 535 516 dictionem.
613 458 886 525 Quoniam
911 458 1140 529 propria
1168 458 1306 513 haee
1330 457 1611 513 hereditas
1630 468 1820 515 estre-

211 536 401 609 ligiosi
429 534 890 606 disciplinatique
919 540 974 589 et
998 533 1111 587 iam
1148 548 1507 605 progressum
1544 532 1816 600 facientis,

211 628 380 683 quam
420 609 714 664 stultorum
743 610 1042 679 quisquam
1071 616 1329 679 usurpat,
1370 624 1434 663 eo
1462 608 1615 680 quod
1644 608 1821 665 bonus

209 685 468 743 videatur
487 691 823 757 puteturque
845 682 996 769 apud
1015 682 1247 741 multos:
1291 700 1573 757 quamque
1590 700 1699 739 non
1716 686 1825 739 mi-

210 778 320 817 nus
333 801 346 824 ‚
382 776 446 815 ac
465 760 518 815 si
535 758 716 813 aiiena
737 775 824 812 res
845 766 948 821 sit,
981 766 1077 814 aut
1095 756 1241 813 ultro
1261 760 1477 829 respuit
1498 766 1592 815 aut
1612 759 1822 817 invitus

209 836 400 891 iactat.
457 835 570 891 Hoc
589 835 777 904 itaque
797 832 1089 889 mendacio
1108 840 1275 888 caret.
1336 832 1497 899 Quod
1519 841 1703 893 autem
1724 833 1825 889 ad-

207 910 294 965 dit
309 951 321 974 ‚
367 908 440 962 ab
463 906 910 964 immendacitate
930 906 1208 964 mendacii
1230 908 1506 980 arguitur,
1550 924 1727 980 quum
1747 910 1825 964 ita

206 984 446 1040 dixerit:
507 984 575 1037 Et
597 1000 740 1039 niano
761 988 1023 1051 surripuit
1051 986 1448 1037 benedictionem
1472 1001 1655 1039 meam.
1719 983 1825 1039 Cui

207 1062 337 1115 iure
375 1057 730 1129 respondebit
765 1058 1093 1129 quisquam:
1160 1058 1279 1112 Non
1306 1066 1457 1114 tuam
1476 1058 1824 1117 benedictio-

207 1149 374 1197 nem,
406 1149 439 1187 o
457 1130 766 1205 (insipiens)
787 1132 950 1189 homo
962 1130 1044 1205 *)‚
1079 1132 1315 1205 accepit,
1356 1132 1457 1189 sed
1475 1134 1587 1190 sibi
1618 1150 1821 1191 conve-

209 1209 490 1263 nientem:
533 1224 658 1263 nam
677 1208 782 1265 tibi
803 1206 1121 1263 benedictio
1141 1206 1367 1265 initium
1386 1207 1547 1267 duxit
1568 1208 1638 1267 de
1654 1217 1814 1273 terra.

207 1283 303 1338 illi
321 1298 454 1337 vero
474 1280 544 1339 de
563 1282 740 1353 caelo;
805 1292 866 1337 tu
888 1284 946 1337 in
965 1299 1155 1339 servos
1177 1280 1488 1359 adscriptus
1510 1302 1569 1341 es
1584 1326 1599 1351 .
1640 1284 1739 1341 ille
1760 1284 1818 1340 in

211 1358 496 1427 dominos;
560 1356 663 1416 tibi
686 1374 815 1431 spes
835 1356 1091 1431 gladium
1111 1367 1164 1415 et
1183 1356 1394 1417 bellum
1410 1401 1423 1425 ,
1448 1358 1535 1415 illi
1556 1377 1687 1417 vero
1707 1364 1846 1433 pai?

203 1563 278 1597 υς
312 1472 680 1592 *Ἇὲἓὴνοτῐιυώε
727 1510 752 1538 ο
779 1501 855 1538 me
879 1508 916 1540 s.
944 1500 1062 1545 tm,
1092 1500 1207 1549 qnod
1233 1500 1634 1575 estzflellenismns:
1682 1494 1715 1541 ὅ
1740 1495 1818 1541 οὗ-

273 1576 288 1587 .
493 1578 505 1591 .
1332 1576 1363 1605 ο

203 1762 364 1819 Nihil
386 1763 538 1819 enim
558 1762 716 1826 tulit,
755 1763 856 1819 aed
883 1764 1095 1835 recepit
1118 1772 1175 1819 et
1200 1764 1479 1836 primitias
1505 1769 1558 1817 et
1583 1756 1819 1817 benedi—

203 1838 472 1895 ctionem,
543 1836 799 1907 Propriae
817 1838 968 1895 enim
987 1845 1165 1895 sortes
1182 1844 1314 1891 sunt
1332 1836 1615 1892 certatoris
1633 1836 1745 1889 iam
1764 1845 1820 1891 et

205 1910 569 1971 successibus
597 1911 904 1977 meliorato,
957 1929 1101 1983 quae
1137 1911 1395 1981 quamvis
1434 1909 1639 1980 aliquis
1678 1910 1819 1967 insi-

205 1987 490 2060 pientium
512 1988 864 2057 usurpaverit
883 1988 955 2042 ad
975 1984 1457 2041 demonstrandam
1476 1983 1815 2054 quibusdam

205 2062 392 2117 fictam
423 2062 897 2126 benevolentiam,
941 2061 1309 2116 nihilominus
1328 2067 1393 2114 ut
1417 2058 1681 2123 alienam,
1724 2069 1819 2114 aut

203 2138 353 2193 ultro
382 2139 623 2209 spernit,
667 2147 761 2194 aut
796 2137 1009 2193 invitus
1040 2135 1229 2191 soluit.
1307 2135 1377 2191 Et
1412 2133 1549 2189 haee
1586 2133 1816 2205 quidem

203 2229 336 2267 nam
360 2212 621 2268 mendose
636 2255 648 2278 ‚
687 2210 834 2268 illud
854 2226 986 2267 sane
1007 2210 1159 2283 quod
1179 2209 1453 2281 insipiens
1472 2208 1697 2274 adiecit,
1746 2226 1819 2265 ex

206 2295 397 2359 aperto
417 2289 681 2344 mentitur
695 2330 707 2353 ‚
733 2290 810 2343 ita
832 2286 1226 2344 asseverando:
1268 2286 1337 2341 Et
1354 2302 1492 2340 nunc
1510 2290 1709 2353 accepit
1730 2288 1818 2339 be-

199 2367 546 2417 nedictionem
569 2380 750 2417 meam.
831 2362 934 2417 Cui
971 2363 1119 2416 iuste
1146 2377 1249 2433 ego
1276 2358 1649 2431 respondebo:
1695 2358 1816 2414 Non

201 2446 359 2491 tuam
400 2438 616 2509 aceepit
651 2437 1099 2493 benedictionem
1114 2478 1126 2501 ,
1186 2434 1288 2491 sed
1308 2502 1321 2514 .
1334 2435 1445 2489 sibi
1494 2434 1813 2507 congruam.

204 2511 335 2566 Tibi
357 2520 541 2567 eutem
562 2512 880 2569 benedictio
899 2528 930 2566 a
949 2512 1115 2567 terris
1133 2512 1309 2567 oritur
1322 2550 1337 2574 ,
1364 2510 1521 2565 illius
1542 2509 1611 2565 de
1632 2509 1811 2578 coe103

202 2586 299 2640 eui
321 2587 488 2641 etiam
507 2594 569 2641 tu
585 2600 692 2659 pro
708 2587 916 2643 famulo
941 2586 1159 2641 dicatus
1177 2604 1237 2640 es
1251 2626 1265 2650 ,
1308 2585 1405 2639 ille
1432 2599 1533 2655 pro
1560 2584 1810 2652 domium

203 2668 262 2714 et
290 2668 385 2715 tua
415 2676 546 2735 spes
575 2663 816 2717 cultrum
843 2662 915 2717 ad
943 2660 1048 2735 (ac)
1076 2660 1379 2733 praelium,
1431 2660 1519 2715 ini
1546 2676 1678 2716 vero
1706 2676 1817 2732 pax

204 2734 440 2858 qulijdem
463 2737 648 2863 αωξξῆ
657 2778 672 2801 ‚
699 2754 830 2809 spes
850 2752 982 2793 vero
1001 2737 1160 2808 pacis
1180 2734 1663 2861 meritosfunditura
1704 2735 1817 2791 Cur

338 2824 505 2861 nino
653 2845 664 2859 .
1440 2845 1446 2849 -
