2125 3084
134 186 355 255 [masa]
486 191 568 236 IN
609 190 959 237 GENESIN.
1000 192 1252 238 sERMo
1288 194 1376 243 1v.
1650 187 1747 243 ⁴07

240 292 332 349 Ad
352 298 605 347 mentem
624 308 780 346 vero:
814 291 1013 347 Mentis
1032 308 1173 359 uxor
1193 293 1497 366 symbolice
1515 303 1600 351 est
1619 313 1749 352 sen-

139 388 253 434 sus,
298 368 407 441 qui
438 382 551 421 non
580 366 761 421 solum
791 366 849 421 in
878 366 1141 438 pessimis
1161 366 1510 435 hominibuS,
1551 388 1748 427 verum

142 445 299 499 etiam
319 443 383 497 in
408 440 828 513 proficientibus
850 440 1102 496 effraenis
1123 443 1476 515 comperitur,
1499 453 1554 500 et
1572 444 1749 501 decli-

140 528 222 574 nat
268 517 345 573 ad
386 516 685 571 sensibilia
714 523 769 570 et
798 515 868 571 ad
898 525 1124 571 externa
1151 519 1339 589 potius
1369 535 1538 589 quam
1561 520 1630 574 ad
1657 522 1748 575 in-

140 604 287 649 terna
314 591 535 647 ratione
568 589 831 646 videnda.
909 590 1280 657 Quamobrem
1317 592 1641 661 revertitur,
1688 603 1750 650 ut

134 677 391 741 putatur,
426 667 490 721 in
507 664 802 721 Sodomam
816 706 829 730 ‚
859 667 1130 723 veraciter
1149 675 1332 723 tamen
1355 668 1424 723 ad
1444 670 1752 740 possessio-

134 762 229 799 nes
268 741 647 812 visibiliaque
683 741 889 795 omnia.
966 742 1280 797 Revertitur
1325 752 1510 799 autem
1555 744 1626 799 ad
1665 762 1746 809 ea,

130 836 277 890 quae
298 816 415 873 sub
440 832 701 871 mensura
728 815 958 879 cadunt,
1002 816 1125 871 sine
1155 834 1441 883 mensura,
1487 828 1651 891 atque
1679 820 1749 875 ad

131 910 329 949 eorum
370 890 741 947 exhalationis
781 891 1166 945 distinctiones
1203 901 1258 947 et
1291 893 1523 950 iucundi
1563 894 1748 950 odoris

129 968 467 1040 saporisque
490 974 543 1020 et
564 965 811 1021 humoris
830 966 1194 1037 proprietates
1208 1008 1220 1031 ‚
1263 977 1585 1026 convertens
1603 987 1664 1025 se
1685 988 1749 1025 ac

132 1051 361 1099 mutans
402 1043 463 1095 in
503 1056 591 1095 res
618 1041 820 1111 spiritu
852 1049 1129 1105 carentes„
1170 1044 1409 1113 seposito
1437 1044 1741 1110 intellectu,

135 1135 201 1173 eo
220 1116 379 1190 quod
400 1117 512 1171 iam
534 1115 790 1171 animalis
810 1114 925 1170 fere
944 1132 1134 1171 merus
1160 1125 1293 1173 erat.

147 1357 309 1417 Quare
335 1394 371 1422 ‚,
387 1357 639 1409 Abraham
666 1374 803 1408 mane
819 1358 1135 1423 praeveniens
1160 1360 1210 1409 in
1239 1359 1408 1425 locum,
1454 1362 1505 1411 in
1536 1378 1628 1425 quo
1645 1370 1744 1411 sta-

276 1428 363 1476 bat
404 1442 565 1475 coram
607 1425 793 1491 domino
800 1462 815 1490 ,
878 1428 1084 1491 respexit
1121 1428 1170 1476 in
1199 1428 1386 1493 faciem
1429 1426 1752 1479 Sodomorum

274 1503 325 1543 et
363 1491 789 1557 Gomorrhaeorum
826 1502 871 1543 et
905 1494 1035 1545 circa
1068 1496 1284 1559 reqiones
1317 1512 1502 1559 eorum5
1555 1506 1604 1547 et
1635 1512 1742 1547 ecce

274 1560 493 1693 ἕζοεηςῑίε
515 1556 725 1631 βαηυῇα
751 1570 907 1611 terrae
936 1562 1078 1626 quasi
1083 1562 1292 1625 flamma
1307 1564 1606 1629 fornacih‘q
1619 1556 1740 1631 '(19,

363 1645 405 1679 s.

246 1751 335 1803 53.
378 1747 613 1803 Mirifice
633 1747 892 1819 pietatem
910 1749 1133 1803 asserit:
1175 1748 1280 1803 hoc
1299 1748 1450 1802 enim
1475 1749 1744 1817 sapientis

143 1830 248 1886 est,
272 1831 419 1878 stare
434 1864 447 1888 ‚
470 1840 575 1877 nec
595 1823 787 1888 laxari,
812 1823 909 1878 sed
936 1820 1008 1897 [³⁶⁵]
1034 1824 1294 1877 continuo
1315 1822 1436 1875 sine
1455 1822 1627 1875 animi
1647 1819 1747 1875 de-

142 1897 425 1952 relictione
456 1914 726 1969 usurpare
753 1914 945 1969 preces
974 1896 1047 1952 ob
1076 1893 1448 1950 inhibendum
1473 1892 1748 1950 iudicium

142 1972 389 2045 indignis
410 1971 785 2027 inferendum.
856 1972 902 2029 Ο
923 1972 1028 2027 deo
1048 1970 1446 2043 dignissimum
1465 1968 1747 2043 exemplar

144 2046 483 2120 dignationis
504 2064 569 2103 ac
588 2047 977 2119 benignitatis!
1030 2045 1302 2113 Quoniam
1329 2044 1494 2099 dicit:
1556 2043 1619 2100 Si
1646 2044 1746 2102 de-

143 2122 355 2177 viantes
384 2122 657 2193 quosdam
686 2122 847 2177 vides
877 2120 1168 2194 (domine),
1217 2120 1334 2176 noli
1369 2120 1661 2192 desperare
1691 2133 1745 2179 et

144 2197 366 2251 retrahi.
446 2199 699 2254 Metuens
728 2214 859 2251 sane
888 2197 1190 2268 potentiam
1218 2197 1440 2252 virtutis
1459 2198 1745 2269 punientis

145 2270 637 2343 deperdentisque.
678 2280 889 2343 patrem
916 2272 1104 2342 ipsum
1141 2271 1468 2343 suppliciter
1507 2274 1742 2344 rogavit.

144 2346 439 2416 Postquam
467 2364 599 2403 vero
626 2364 752 2401 eum
792 2355 1079 2419 rogaverat
1115 2346 1492 2401 indesinenter
1528 2349 1746 2417 magnis

145 2420 405 2490 precibus
418 2462 431 2484 ‚
458 2421 719 2477 leniendo
733 2462 745 2484 ‚
770 2420 1084 2476 venerando
1103 2428 1268 2491 atque
1288 2419 1357 2475 de
1377 2419 1556 2473 salute
1576 2419 1747 2474 anhe-

147 2494 308 2550 lando
321 2536 334 2560 ,
376 2495 603 2551 obviam
630 2497 874 2551 cucurrit
892 2494 1398 2567 supplicationibus
1417 2500 1640 2563 propter
1659 2494 1748 2547 in—

147 2569 484 2625 evidentiam
514 2570 853 2635 futurorum,
896 2568 1349 2640 quandoquidem
1375 2568 1520 2621 sicut
1540 2566 1750 2621 benefi-

148 2660 243 2699 cus
260 2653 347 2700 est
366 2653 423 2699 et
442 2645 635 2701 suavis
650 2687 663 2710 ,
702 2646 783 2699 sic
802 2646 969 2699 etiam
994 2641 1328 2698 horrendus:
1381 2639 1662 2695 beneficus
1689 2651 1751 2696 ut

150 2717 283 2773 deus
299 2761 312 2784 ,
361 2720 675 2776 horrendus
704 2720 849 2775 sicut
876 2718 1156 2775 dominus.
1234 2714 1436 2769 Littera
1474 2714 1610 2770 haec
1647 2724 1750 2769 est.
