2125 3084
110 168 149 222 t,
173 159 271 224 48]
359 163 459 209 DE
500 161 1044 209 PROVIDENTIA
1081 155 1334 212 annuo
1372 164 1433 208 11.
1619 157 1686 210 55

111 283 214 319 ens
236 281 310 318 ex
328 263 595 335 operibus
616 263 991 332 iunipientiae,
1034 278 1143 316 non
1173 263 1351 318 solum
1378 279 1445 316 ex
1467 277 1692 320 numero

108 357 317 402 eorum,
352 339 451 409 qui
474 336 731 392 dicebant
752 336 883 392 deos
900 335 1190 408 providere
1220 336 1564 401 hominibuS,
1595 355 1692 394 ve—

108 431 220 470 ·um
240 411 409 468 etiam
429 429 499 466 ex
518 413 763 482 ipsorum
784 411 1010 468 deorum
1036 411 1314 472 ministris.
1335 427 1442 468 non
1471 427 1691 481 parvos,

112 506 207 542 mo
227 486 423 559 plures
442 487 731 541 mactavit:
766 495 929 557 atque
950 485 1038 543 vel
1059 487 1210 556 ipsos
1230 501 1430 556 pueros
1451 485 1522 540 ab
1541 493 1696 550 utero

108 563 259 617 nodo
288 560 631 635 (Ἐπειοῦ),
674 560 829 618 velut
855 560 1059 622 bestias
1087 571 1190 631 pro
1206 559 1448 614 ludibrio
1469 559 1687 616 habuit:
1737 588 1756 620 ·‚

108 649 147 693 et
168 637 541 692 nihilominus
560 652 672 690 non
695 644 908 690 tantum
936 653 969 688 a
998 635 1318 694 dicentibus
1345 633 1478 688 deos
1507 651 1694 689 curam

108 729 289 784 gerere
319 711 635 774 hominum,
678 710 778 766 sed
806 711 973 765 etiam
1004 727 1033 764 a
1062 709 1174 765 diis
1200 709 1342 780 ipsis
1359 707 1591 766 donatus
1613 717 1696 763 est

108 786 331 859 ›pibuS‚
372 786 575 858 gloria,
619 785 847 849 honore,
880 785 1122 856 corporis
1143 781 1462 844 valetudine
1477 792 1531 839 et
1549 784 1694 837 inte—

108 863 299 934 gritate
318 861 595 932 appetitae
618 859 897 924 ciborum,
932 857 1005 934 [³⁶⁵]
1036 859 1300 930 idemque
1316 857 1694 930 voluptatibus

108 936 361 1006 plurimis
382 947 516 989 usus
537 933 654 990 est?
1026 971 1031 978 -

214 1071 267 1120 6.
318 1067 821 1139 Dionysiusautem
848 1068 1030 1122 senior
1069 1075 1358 1138 postquam
1396 1066 1694 1124 amicorum

108 1143 649 1214 propinquorumque
673 1143 862 1214 plures
889 1141 1162 1216 occiderat
1188 1141 1498 1214 multosque
1528 1142 1586 1194 in
1615 1140 1694 1195 la-

108 1211 369 1290 picidinis
389 1218 585 1272 misera
606 1216 984 1289 deperditione
1005 1224 1343 1287 corruperat,
1377 1214 1524 1272 unde
1543 1222 1597 1270 et
1615 1217 1696 1270 si-

108 1302 191 1347 tus
223 1292 443 1346 latomia
472 1291 679 1356 dictae,
722 1291 929 1348 adhaec
956 1291 1194 1346 ducenta
1229 1307 1396 1364 super
1429 1291 1584 1346 mille
1625 1307 1696 1345 ex

108 1367 353 1422 delubris
383 1367 583 1422 talenta
614 1367 883 1439 sacrilege
907 1368 1182 1438 eripuerat
1214 1375 1375 1438 atque
1405 1366 1576 1421 multa
1596 1365 1698 1420 de-

107 1443 327 1498 risionis
346 1442 515 1498 verba
536 1440 803 1499 adversus
824 1443 1027 1516 templa
1049 1442 1288 1506 dixerat,
1325 1457 1520 1514 nempe
1547 1441 1696 1496 divi-

107 1520 329 1574 nitatem
362 1517 769 1589 praevalentem
808 1525 1192 1590 potentemque
1231 1517 1408 1574 nihilo
1445 1515 1695 1592 indigere

106 1603 156 1647 et
186 1593 364 1648 aureis
396 1592 647 1649 vestibus
676 1592 929 1647 meliores
961 1591 1029 1650 ad
1061 1593 1446 1648 indumentum
1483 1609 1695 1664 purpu—

107 1685 223 1721 reas
253 1683 373 1722 esse
388 1707 403 1730 ,
443 1667 588 1720 sicut
613 1667 755 1721 inter
771 1667 1108 1738 multiplices
1132 1685 1356 1722 coronas
1375 1669 1552 1738 magis
1570 1683 1697 1742 gra-

109 1749 191 1796 tae
214 1739 508 1812 (frondeae)
528 1749 590 1794 ut
609 1741 831 1796 divinae
850 1742 1150 1806 habentur,
1193 1741 1428 1813 ideoque
1456 1741 1524 1794 ab
1554 1742 1696 1794 ima-

110 1815 333 1887 ginibus
372 1814 793 1888 simulacrisque
830 1815 987 1889 pium
1025 1834 1164 1888 opus
1200 1833 1320 1872 esse
1348 1815 1567 1869 demere
1599 1831 1697 1867 au-

112 1907 231 1966 rum
247 1931 259 1953 ,
290 1889 443 1944 velut
462 1892 770 1964 aggravatis
788 1891 1055 1963 pondere:
1121 1891 1168 1944 is
1189 1899 1369 1944 tamen
1391 1888 1591 1942 athleta
1613 1887 1697 1942 fa-

114 1967 356 2024 cinorum
398 1974 679 2021 assecutus
715 1974 823 2031 est,
860 1983 1010 2039 quae
1049 1967 1288 2018 maxima
1325 1962 1597 2017 habentur
1627 1976 1694 2016 ex

112 2040 269 2094 bonis
289 2039 541 2095 humanis
556 2082 569 2105 ,
600 2049 660 2096 ut
677 2041 1048 2116 principatum
1065 2082 1077 2104 ,
1102 2039 1310 2110 amplas
1332 2037 1557 2092 divitias
1571 2078 1584 2102 ,
1608 2038 1698 2091 vi·-

113 2132 295 2188 gorem
324 2115 897 2188 animicorporis'que,
942 2117 1241 2188 liberorum
1261 2111 1691 2175 multitudinem,

116 2189 527 2246 adolescentiam
556 2189 961 2256 florescentem,
1005 2197 1340 2247 senectutem
1371 2186 1696 2242 fortunatam

118 2275 273 2337 atque
309 2265 581 2338 placidam
630 2267 1041 2339 optabilemque
1090 2265 1238 2320 vitae
1284 2263 1470 2316 finem.
1554 2263 1696 2316 Duas

118 2339 258 2395 enim
278 2339 509 2396 ditiones
530 2340 693 2396 valde
712 2349 987 2412 porrectas
1012 2341 1383 2410 optimasque,
1427 2353 1496 2391 ex
1523 2337 1699 2391 conti-

107 2415 273 2476 ,neate
298 2415 544 2478 ltaliam,
589 2412 659 2470 e'x
697 2415 897 2482 insulis
938 2414 1188 2472 Siciliam
1220 2413 1485 2476 obtinuit,
1535 2416 1696 2483 atque

120 2490 346 2544 maxime
367 2489 545 2546 clarus
568 2499 729 2562 atque
750 2489 987 2564 insignis
1014 2490 1160 2544 inter
1187 2505 1304 2553 eoa,
1346 2487 1444 2560 qui
1473 2501 1573 2542 sua
1609 2501 1700 2542 ae·-

122 2573 223 2620 tate
242 2564 511 2638 principes
533 2573 703 2629 erant,
729 2563 923 2630 factus»,
946 2581 1047 2619 nec
1069 2581 1176 2619 non
1195 2578 1386 2618 omnes
1403 2563 1461 2616 in
1484 2551 1700 2620 fortitu-

214 2705 255 2752 ·)
280 2715 315 2745 ι.
338 2705 383 2745 sn
406 2693 523 2744 vutero
548 2706 681 2747 natm
704 2707 907 2754 aueum.
958 2705 1120 2746 Auen.
