2125 3084
360 180 425 231 90
818 179 1186 227 PHILONIS
1223 178 1494 225 IUDAEI
1685 172 1752 238 [L
1775 182 1853 229 92.
1880 178 1990 245 93.]

356 283 651 339 mansitate
664 322 677 345 ,
720 280 778 336 in
798 279 1154 335 multitudine
1172 279 1343 349 inque
1364 277 1730 349 amplitud'me
1750 298 1982 350 rerum,

362 358 431 413 ad
458 373 598 430 quas
626 348 881 413 m’ensura
901 355 1100 409 mentis
1121 361 1423 424 naturaque
1443 370 1798 409 numerorum
1823 357 1984 412 defi-

360 434 514 488 ciunt
538 429 797 486 omnino?
852 429 1003 485 Alter
1030 430 1114 483 e'st
1141 446 1212 483 ex
1239 428 1471 482 adverso
1501 426 1572 483 ad
1601 430 1870 485 normam'
1883 430 1974 561 Γ]

361 508 636 563 exercitus
656 504 946 561 cuiusdam
964 504 1250 559 ordinatus
1270 519 1458 558 eorum
1479 502 1699 569 chorus,
1725 507 1826 576 qui
1837 522 1880 577 p
1906 524 1976 561 a-

362 590 519 637 netae
536 581 672 636 dicti
700 588 853 648 sunt3
918 586 971 633 et
998 579 1276 649 imprimis
1306 577 1691 649 inaequaliter.
1769 580 1968 647 Quan-

366 656 665 728 doquidem
690 654 843 709 nullo
872 653 1033 709 modo
1060 661 1270 724 septem
1299 653 1388 707 illi
1421 652 1528 707 soli
1566 654 1649 707 sic
1685 656 1966 709 nominati

365 728 732 803 aequipondio
750 736 980 801 possunt
998 744 1120 783 esse
1140 735 1324 783 contra
1345 727 1670 783 immensam
1697 728 1964 784 multitu-

366 806 554 861 dinem
573 821 681 859 non
708 804 1088 859 erraticarum:
1145 800 1286 873 quid
1307 803 1456 857 enim
1477 811 1621 857 esset
1641 803 1737 857 hac
1757 820 1962 857 amen-

362 882 439 937 tia
466 877 796 935 absurdius?
840 877 1047 933 Deinde
1068 878 1162 932 isti
1182 892 1404 947 quoque
1421 876 1706 951 (planetae)
1724 878 1866 932 inter
1887 896 1957 933 se

359 956 717 1011 adversantur
734 954 973 1008 maxime
991 968 1091 1025 per
1109 950 1490 1006 differentiam.
1538 954 1652 1007 Duo
1661 953 1808 1008 enim
1817 970 1952 1007 cum

358 1031 473 1086 sole
509 1037 735 1085 currunt
761 1045 1004 1100 semper,
1045 1026 1349 1083 Mercurius
1379 1034 1432 1080 et
1461 1026 1673 1092 Venus,
1715 1044 1953 1099 quorum

358 1107 570 1178 primus
598 1106 847 1168 Hermes,
891 1102 1027 1157 alter
1044 1100 1346 1173 Aphrodite
1372 1110 1618 1156 vocatur.
1699 1102 1953 1159 Caetero-

358 1198 481 1234 rum
520 1187 698 1233 autem
736 1179 975 1249 impares
1012 1185 1142 1231 sunt
1170 1176 1483 1233 velocitates
1512 1177 1757 1247 periodi3
1827 1196 1952 1233 nam

360 1268 519 1325 aegre
537 1253 699 1306 XXX
723 1254 881 1307 annis
903 1252 1170 1306 Saturnus
1193 1250 1412 1308 videtur
1429 1268 1723 1325 peragrare
1749 1254 1954 1325 sphae-

358 1344 445 1382 ras
484 1327 761 1398 proprias,
806 1325 897 1381 Sol
932 1325 1217 1381 mensibus
1254 1325 1573 1391 duodecim,
1615 1328 1762 1383 Mars
1795 1330 1950 1383 annis

358 1400 602 1465 duobuS,
646 1401 799 1456 Luna
829 1401 943 1455 sola
972 1400 1172 1456 diebus
1199 1401 1382 1473 iisque
1420 1402 1605 1455 minus
1643 1418 1817 1473 quam
1853 1405 1951 1458 tri-

358 1477 530 1548 ginta.
607 1468 775 1546 At'qui
804 1474 1078 1546 quomodo
1103 1482 1180 1531 tot
1195 1483 1502 1546 temporum
1521 1476 1665 1531 inter
1683 1479 1950 1550 inaequa—

358 1549 564 1613 litates,
606 1548 813 1620 quibus
842 1565 1024 1605 morae
1054 1550 1301 1622 dispares
1322 1550 1751 1623 velocitatesque
1777 1562 1952 1609 moto-

359 1642 483 1679 rum
512 1640 800 1739 goi-porum
829 1633 1102 1689 constant,
1143 1633 1322 1696 potest
1349 1643 1470 1681 esse
1496 1626 1630 1681 ordo
1647 1626 1948 1685 laudabilis

357 1700 537 1756 chori.

466 1791 552 1845 70.
613 1789 799 1845 Lunae
823 1804 953 1845 vero
990 1788 1175 1843 lumen
1204 1804 1382 1843 nonne
1411 1787 1596 1861 inepte
1622 1798 1878 1862 putatur,
1919 1810 1947 1845 a

357 1866 473 1921 sole‘
490 1866 644 1919 iuxta
662 1863 1066 1935 providentiam
1085 1862 1372 1917 desumere
1393 1862 1608 1928 lucem,
1641 1882 1824 1935 quum
1851 1883 1947 1939 po-

357 1940 468 1995 tius
497 1940 669 1994 instar
698 1937 909 2010 speculi
938 1955 1072 1993 casu
1097 1939 1154 1992 in
1175 1955 1234 1993 se
1255 1937 1590 1993 incidentem
1607 1936 1844 1995 formam
1864 1958 1944 1995 re—

358 2012 563 2085 cipiat?
608 2012 1081 2080 Quemadmodum
1097 2012 1456 2084 Empedocles
1479 2012 1686 2086 (dixit):
1740 2016 1944 2071 Lumen

359 2089 636 2159 accipiens
672 2087 879 2143 lunaris
906 2088 1106 2160 globus
1135 2104 1397 2161 magnum
1425 2088 1781 2161 largumque,
1822 2108 1944 2145 mox

354 2163 508 2218 illico
551 2179 803 2217 reversus
851 2170 959 2227 est,
1018 2170 1081 2217 ut
1120 2179 1344 2217 currens
1384 2163 1596 2218 caelum
1633 2165 1938 2238 attingeret.

356 2236 501 2303 Quid
532 2243 709 2291 autem
740 2244 793 2291 et
820 2254 1047 2291 occasus
1075 2236 1394 2292 stellarum?
1448 2238 1722 2309 numquid
1754 2241 1812 2293 in
1849 2256 1942 2294 no-

356 2320 523 2365 stram
562 2311 854 2365 utilitatem
882 2321 1232 2384 ‘comparatae
1261 2321 1389 2368 sunt
1417 2321 1471 2368 et
1499 2330 1606 2369 non
1632 2315 1819 2385 potius
1848 2332 1944 2368 ne-

357 2382 598 2440 cessitati
618 2386 831 2457 periodi
852 2388 1132 2452 serviunt,
1177 2388 1534 2442 circumactae
1564 2404 1691 2441 cum
1717 2390 1940 2443 univer-

354 2458 451 2511 so‘?
485 2461 623 2513 Nam
640 2460 778 2513 aliae
792 2462 1059 2525 oriuntur,
1085 2462 1224 2516 aliae
1243 2460 1518 2524 occidunt,
1542 2461 1830 2530 periodum
1852 2480 1939 2516 ae-

354 2540 571 2613 ternum
590 2542 1001 2598 commutanteS,
1024 2544 1238 2605 praeter
1254 2552 1363 2599 eas,
1388 2551 1531 2605 quae
1539 2535 1778 2590 Plaustri
1793 2545 1932 2603 sunt3

352 2610 491 2653 istae
512 2608 661 2658 enim
679 2624 895 2676 semper
913 2610 1236 2679 perspicuae
1255 2617 1405 2663 sunt.

464 2691 550 2743 71.
588 2694 771 2749 Noctis
792 2699 1228 2751 terminationem
1257 2699 1480 2770 dieique
1505 2696 1578 2773 [*]
1599 2700 1940 2771 magnitudi-
