2125 3084
318 159 417 215 374
563 165 760 212 PHIL.
798 164 945 211 1151).
986 163 1312 223 QUAEST.
1347 164 1450 209 ΕΤ
1491 164 1647 211 801..
1689 159 1776 226 [11,
1803 160 1918 227 530]

315 268 593 322 internum
632 267 780 321 enim
808 282 1025 320 sacrum
1054 273 1138 320 est
1165 271 1219 320 et
1247 281 1376 320 vere
1405 264 1664 319 divinum
1677 307 1690 330 ‚
1736 275 1920 321 exter-

314 358 450 397 num
473 358 604 397 vero
623 343 879 414 quamvis
900 348 955 396 et
970 342 1160 413 ipsum
1179 340 1254 395 sit
1271 356 1487 394 sacrum
1499 382 1514 403 ‚
1531 338 1707 399 ,haud
1733 348 1917 396 tamen
1933 348 1938 355 '

316 416 547 473 eandem
568 418 749 489 attigit
768 423 1018 471 naturam
1039 423 1133 470 aut
1151 414 1414 469 similem.
1483 415 1712 487 Figurat
1731 424 1920 472 autem

315 491 611 549 mutabiles
640 499 821 563 partes
848 490 1043 545 mundi
1071 489 1430 553 sublunares,
1471 506 1614 561 quae
1653 492 1922 547 variatio-

318 586 445 623 nem
465 568 767 638 recipiunt,
801 574 857 622 et
874 566 1192 628 caelestem,
1227 582 1370 637 quae
1388 574 1532 619 caret
1551 582 1684 620 casu
1704 582 1770 621 ac
1791 584 1920 623 mu-

317 644 547 706 tatione,
588 651 753 713 atque
780 650 1061 711 tamquam
1093 640 1216 695 velo
1247 649 1566 712 separantur
1593 658 1624 695 a
1662 657 1724 694 se
1763 642 1918 696 invi-

318 735 437 773 cem
452 758 465 781 ,
498 716 773 772 mediante
794 717 1045 772 aetherea
1067 717 1334 789 ae'reaque
1354 716 1608 771 essentia.

396 906 555 965 Quare
590 908 738 957 veham
772 944 807 971 „
820 906 879 956 de
921 906 1176 973 hyacintho
1209 915 1258 956 et
1283 922 1506 971 purpura
1540 918 1585 957 et
1620 916 1754 957 cocco
1790 916 1834 957 ee

700 976 834 1041 bysso
868 984 989 1024 torto
1004 978 1040 1005 “
1059 974 1184 1035 fieri
1211 974 1372 1024 iubet?
1407 976 1526 1039 (ih.)

424 1114 512 1167 92.
562 1110 721 1166 Sicut
746 1110 938 1167 decem
966 1110 1201 1165 cortinas
1229 1109 1574 1185 tabernaculi
1593 1128 1666 1166 ex
1681 1119 1908 1182 quatuor

312 1195 499 1241 texere
537 1185 1023 1259 temperationibus
1060 1184 1242 1249 iubet,
1305 1185 1390 1239 sic
1426 1200 1651 1257 quoque
1694 1186 1904 1242 velum:

315 1262 579 1332 quoniam
600 1270 654 1317 et
682 1262 921 1315 cortinae
948 1260 1112 1331 quasi
1138 1259 1265 1315 vela
1293 1268 1450 1326 sunt,
1491 1277 1600 1317 non
1630 1276 1796 1335 super
1823 1262 1910 1315 in-

312 1337 565 1398 troitum,
616 1335 717 1390 sed
753 1352 853 1407 per
890 1334 1214 1390 universum
1253 1334 1691 1391 tabernaculum.
1769 1336 1910 1391 Haec

316 1425 474 1537 ergo13
511 1417 579 1538 lut
604 1408 725 1465 dixi
739 1451 752 1475 ,
792 1417 1029 1481 quatuor
1055 1409 1451 1467 elementorum
1472 1409 1682 1467 indicia
1701 1419 1830 1469 sunt
1847 1428 1910 1465 ac

313 1500 434 1557 sym
476 1500 509 1538 0
533 1501 583 1539 a.
1375 1496 1382 1501 ·

384 1667 480 1718 Gur
512 1684 655 1733 super
688 1677 891 1731 quatuor
924 1668 1164 1717 columnas
1195 1668 1324 1719 iubet
1356 1669 1505 1719 velum
1530 1668 1657 1734 poni
1681 1671 1732 1720 in
1763 1686 1841 1719 cs:-

675 1736 906 1786 tremitatc
940 1736 1265 1786 tabernaculi?
1299 1742 1403 1799 (26,
1436 1739 1545 1800 32.)

424 1876 511 1927 93.
559 1870 802 1939 Quatuor
828 1871 1116 1928 columnae
1145 1870 1389 1927 firmatae
1417 1879 1571 1928 sunt:
1633 1872 1691 1926 in
1726 1873 1909 1927 taber-

308 1948 507 2003 naculo
537 1954 718 2003 autem
746 1964 908 2002 omne
936 1947 1226 2019 quidpiam
1255 1947 1567 2020 symbolum
1597 1956 1680 2002 est
1715 1952 1908 2019 corpo-

307 2040 452 2078 rum.
529 2024 850 2095 Inoorporea
868 2040 998 2078 vero
1016 2039 1186 2095 super
1205 2023 1620 2093 quaternionem
1639 2032 1905 2095 perstant.

307 2098 445 2153 Nam
465 2098 691 2171 signum
710 2096 940 2171 (puncti)
960 2096 1269 2153 secundum
1295 2099 1565 2153 unitatem
1593 2098 1907 2153 ordinatum

307 2181 392 2227 est
404 2213 417 2237 ,
444 2172 590 2227 linea
608 2181 792 2230 autem
808 2172 1116 2228 secundum
1136 2172 1459 2229 dualitatem
1473 2215 1485 2237 ,
1511 2180 1564 2228 et
1583 2173 1906 2245 superficies

307 2246 617 2301 secundum
644 2249 879 2313 trinum,
918 2246 1162 2303 solidum
1187 2265 1318 2319 vero
1347 2248 1653 2303 secundum
1683 2258 1908 2320 quater-

306 2322 529 2375 nionem
544 2362 557 2384 ,
580 2332 747 2393 supra
765 2322 914 2393 quod
932 2330 1040 2377 stat
1055 2324 1501 2396 incorporeorum
1521 2325 1788 2390 essentia,
1812 2323 1907 2379 vel

302 2402 429 2464 post
447 2395 863 2469 intelligibilem
888 2403 1196 2453 constanter
1225 2414 1510 2469 egressum
1539 2397 1749 2454 ducens
1775 2414 1909 2470 por-

302 2467 448 2521 tabis
478 2469 549 2522 ad
576 2470 899 2524 sensibilem
926 2470 1196 2540 speciem:
1258 2472 1336 2526 ita
1364 2481 1426 2527 ut
1451 2490 1642 2530 omnes
1681 2475 1910 2531 omnino

305 2539 594 2596 columnae
630 2543 967 2599 tabernaculi
998 2546 1110 2597 sint
1135 2546 1570 2619 quinquaginta,
1606 2546 1680 2623 [Ἴ
1713 2550 1914 2605 omitte

303 2610 443 2663 duas
472 2614 531 2667 in
562 2617 780 2687 angulis
808 2616 1076 2681 occultas,
1117 2634 1353 2689 quarum
1384 2623 1615 2678 virtutes
1643 2625 1791 2681 sicut
1819 2642 1921 2679 re—

302 2685 546 2754 ctanguli
567 2690 849 2762 trianguli.
