2125 3084
328 182 391 233 38
776 180 1144 228 PHILONIS
1190 179 1460 227 IUDAEI
1743 174 1814 251 [1,
1845 178 1960 244 29.]

325 288 423 347 sit,
492 284 619 355 quis
664 284 870 337 iustus:
936 279 1280 352 providentia
1325 288 1506 335 tamen
1541 287 1690 335 tenet
1739 299 1958 339 arcem

325 359 587 414 scientiae
602 399 614 422 ‚
657 356 807 412 haud
826 357 1013 412 nescia
1027 398 1039 420 ‚
1081 372 1222 427 quae
1247 356 1322 410 sit
1341 356 1648 409 certissima
1665 352 1956 429 singulo-

325 451 449 489 rum
468 435 603 488 vita.
680 433 777 487 His
804 433 880 487 ita
906 448 965 485 se
992 429 1325 485 habentibus
1355 430 1669 485 nullatenus
1699 432 1954 503 vitupe-

325 527 445 563 rare
465 510 591 580 quis
609 514 923 580 praesumat
940 504 1346 578 providentiam
1359 547 1372 568 ‚
1415 522 1477 560 ac
1497 506 1546 559 si
1565 506 1686 559 sine
1709 506 1949 561 iudicio

328 583 821 656 comprehendente
847 597 1300 651 unumquemque
1327 580 1397 635 ad
1415 580 1581 634 finem
1601 579 1938 645 adduxerit,

326 660 486 731 quasi
513 675 644 713 vero
662 656 911 729 singulos
930 657 1051 711 sine
1071 654 1289 711 delectu
1309 656 1485 727 rapiat
1505 656 1854 727 ignoranter.

438 771 522 822 61.
565 766 812 822 Attamen
841 766 890 819 si
921 766 1086 819 etiam
1114 762 1249 818 iusti
1280 779 1406 818 cum
1438 763 1630 835 impiis
1663 762 1719 839 [*
1774 768 1940 837 peri-

325 852 446 898 rent
460 869 479 907 ,·
515 850 677 913 atque
705 841 809 895 hoc
838 841 965 911 quis
993 840 1135 893 tueri
1166 836 1360 903 vellet,
1409 838 1537 893 licet
1575 857 1684 893 non
1766 842 1936 896 abeat

324 936 455 991 prae
475 916 731 971 manibus
750 915 1264 971 demonstrationem
1284 912 1520 967 firmam:
1551 914 1930 971 nihilominus

327 993 638 1047 humaniter
656 1008 755 1045 nos
783 990 994 1053 audiat,
1050 988 1252 1052 multa,
1294 1004 1394 1043 nec
1421 1005 1483 1043 ea
1511 996 1695 1043 tamen
1733 991 1928 1047 verbis

326 1068 559 1139 comptis
581 1083 758 1138 neque
776 1064 912 1121 falso
932 1072 1126 1120 ornatu
1151 1062 1273 1117 ficta
1294 1062 1596 1117 scribentes
1611 1104 1626 1129 ‚
1669 1065 1774 1119 sed
1793 1083 1926 1120 vera

328 1161 390 1198 ac
419 1142 651 1197 indubia
681 1148 1025 1213 argumenta,
1071 1156 1140 1193 ex
1160 1137 1366 1209 quibus
1384 1138 1674 1193 veritatem
1693 1142 1924 1211 quaesi-

325 1229 435 1273 tam
456 1218 561 1271 hoc
581 1217 833 1271 lemmate
852 1214 1124 1271 deducere
1144 1214 1362 1283 poterit.

436 1312 521 1365 62.
548 1306 897 1361 Providentia
918 1322 1091 1377 quum
1111 1305 1300 1377 plectit
1317 1306 1544 1368 iustum,
1575 1320 1686 1360 non
1697 1306 1922 1362 iureiu-

326 1383 514 1439 diciali
535 1383 674 1454 agit,
709 1380 1003 1451 auferendo
1024 1380 1165 1437 dona
1185 1381 1237 1434 ei
1259 1379 1410 1433 data:
1449 1397 1558 1434 non
1575 1381 1725 1435 enim
1747 1390 1922 1437 mutat

324 1460 457 1513 iusti
488 1474 665 1511 mores
678 1496 692 1519 ,
732 1456 888 1511 vitiis
927 1456 1314 1510 involuntariis
1354 1454 1602 1509 subdens
1635 1454 1922 1513 hominem

323 1534 526 1588 virtute
553 1530 885 1603 praeditum.
966 1529 1027 1584 Si
1054 1548 1184 1603 ergo
1213 1546 1430 1601 semper
1457 1530 1719 1586 similiter
1738 1550 1804 1587 se
1823 1532 1924 1587 ha-

323 1608 418 1663 bet
436 1607 523 1661 vir
540 1621 838 1683 generosus
853 1647 865 1671 ‚
898 1606 975 1659 ita
994 1614 1082 1670 ut,
1113 1606 1214 1660 etsi
1235 1606 1292 1659 in
1316 1604 1587 1676 proelium
1609 1605 1918 1673 advenerit,

322 1684 382 1738 in
411 1681 805 1753 tranquillitate
834 1682 906 1735 sit
932 1698 1148 1752 semper
1169 1688 1222 1735 et
1240 1678 1380 1735 nihil
1403 1696 1530 1734 eum
1549 1681 1780 1737 tristitia
1802 1683 1922 1738 affi-

324 1761 449 1824 ciat,
466 1767 619 1814 estne
635 1759 821 1829 itaque
843 1758 995 1811 locus
1016 1753 1238 1810 dicendi
1259 1755 1695 1827 improvidenter
1716 1758 1920 1813 factum

323 1834 523 1899 fuisse,
566 1842 627 1889 ut
654 1850 841 1907 pugna
868 1834 1248 1904 superveniat,
1292 1831 1395 1885 etsi
1425 1830 1710 1886 occidatur
1739 1835 1919 1889 iustus

323 1928 451 1965 cum
471 1908 711 1965 iniusto?
738 1910 872 1963 Nam
891 1908 990 1979 qui
1011 1907 1232 1962 virtutis
1252 1906 1477 1961 ardebat
1497 1905 1798 1973 desiderio,
1826 1910 1920 1964 vix

322 1985 528 2041 malum
549 1984 804 2039 censebat
822 2002 880 2037 se
901 1983 1251 2037 cum-iniusto
1272 1982 1437 2046 mori,
1477 1999 1540 2037 eo
1561 1982 1714 2053 quod
1736 1985 1917 2039 anima

322 2064 442 2115 eius
470 2077 687 2131 semper
716 2066 958 2113 remanet
983 2059 1043 2112 in
1073 2058 1405 2129 integritate.
1485 2056 1546 2111 Si
1575 2061 1709 2130 ergo
1737 2059 1918 2114 homi-

321 2153 447 2190 nem
468 2137 671 2190 virtute
686 2142 934 2189 ornatum
955 2133 1270 2188 nullatenus
1289 2130 1516 2187 offendit
1541 2134 1911 2204 providentia,

320 2229 429 2266 non
448 2212 641 2281 utique
661 2210 921 2263 iniuriam
943 2208 1073 2263 facit
1091 2208 1253 2272 iusto,
1279 2208 1382 2262 etsi
1403 2224 1530 2262 cum
1549 2208 1776 2264 iniustis
1799 2228 1916 2266 mo-

320 2288 517 2355 riatur;
552 2284 812 2358 quoniam
833 2283 1049 2338 nullum
1067 2284 1117 2338 is
1139 2284 1338 2338 vitium
1357 2282 1618 2355 praetulit
1646 2284 1707 2337 in
1734 2294 1916 2341 mente

318 2361 695 2433 principaliter
715 2358 1047 2414 dominante.
1123 2356 1230 2424 Qui
1251 2376 1381 2413 vero
1400 2366 1685 2430 permanet
1703 2360 1762 2412 in
1783 2376 1918 2415 con-

319 2436 445 2493 silio
465 2436 619 2492 vitiis
638 2442 871 2497 carente,
903 2431 1174 2505 quomodo
1195 2434 1394 2489 vitium
1413 2434 1474 2487 in
1494 2450 1554 2487 se
1576 2432 1750 2489 ferat?
1767 2432 1916 2499 Quo-

318 2510 479 2565 modo
506 2512 611 2565 iste
638 2508 1373 2581 providentiamaccusabit,
1416 2525 1591 2580 quum
1618 2508 1740 2581 ipse
1769 2509 1913 2565 nihil

318 2586 377 2636 in
404 2594 583 2637 mente
613 2602 808 2656 passus
839 2582 1102 2657 fuerit*)‘?
1138 2583 1598 2657 Quandoquidem
1617 2600 1761 2656 quae
1781 2600 1918 2640 con·

390 2700 399 2707 ⁶
418 2721 460 2763 ¹²)
487 2730 523 2757 s.
551 2722 735 2759 consueto
747 2732 901 2769 passus
920 2732 958 2761 s.
976 2723 1080 2761 nihil
1097 2725 1234 2771 (malo
1245 2734 1400 2773 passm
1421 2726 1506 2765 eim
1525 2728 1709 2767 consilio.
1747 2726 1918 2771 Auch-
