2125 3084
305 184 404 237 232
595 186 787 231 Pnu..
813 184 961 231 1111).
991 183 1314 242 QUAEs‘r.
1340 184 1442 229 ET
1476 186 1633 230 SOL.
1676 182 1761 247 [11,
1785 186 1905 250 399]

309 338 384 403 [²³]
429 336 559 393 Quid
591 346 685 398 est,
741 335 873 399 quod
903 334 1215 398 „Postquam
1248 345 1469 385 sertuemt
1502 334 1675 401 Isaac,
1722 338 1909 389 hebetes

439 404 584 475 sacti
613 413 722 453 sunt
757 402 883 452 oculi
917 403 1015 453 eius
1049 402 1121 451 ad
1156 401 1484 451 vidmdum“?
1528 404 1639 469 (27,
1683 406 1755 466 1.)

423 509 538 560 496.
578 504 685 571 Qui
708 503 998 573 litteralem
1019 503 1304 557 historiam
1334 514 1769 577 prosequuntur,
1816 507 1909 561 di-

308 588 457 644 cunt,
483 578 632 652 quod
653 588 873 651 propter
892 578 1360 651 dispensationem
1381 578 1620 650 aliquam
1634 580 1907 652 propheta

308 655 510 711 defecit
539 657 696 718 visu,
740 662 794 709 et
819 653 1171 727 postmodum
1198 654 1483 708 restitutus
1510 662 1593 708 est
1620 670 1685 706 ac
1724 656 1906 711 acutis

307 730 486 787 oculis
510 730 816 802 praeditus.
893 728 1239 800 Dispensatio
1260 736 1443 783 autem
1462 726 1565 783 fuit
1586 726 1780 799 (aiunt)
1802 730 1907 784 be—

307 806 549 861 nedictio
563 846 576 869 ‚
601 813 663 860 ut
683 822 804 859 eam
823 822 930 859 non
951 804 1151 867 mulne,
1174 803 1274 859 sed
1294 802 1673 859 benedictione
1692 803 1903 875 dignus

308 888 754 952 consequeretur.
831 879 1180 934 Probabilem
1208 878 1351 932 mihi
1386 876 1644 933 videntur
1680 878 1776 932 isti
1812 896 1905 933 ra·-

308 958 514 1012 tionem
533 953 864 1017 reddidisse,
889 970 996 1009 non
1016 964 1198 1009 tamen
1218 954 1279 1007 in
1299 953 1403 1007 hoc
1416 960 1631 1007 tantum
1652 961 1757 1008 stat
1774 954 1907 1025 pul-

309 1030 564 1086 chritudo
583 1038 766 1085 textus
779 1070 792 1092 ‚
833 1029 932 1083 sed
953 1029 1278 1084 sententiam
1298 1029 1603 1083 naturalem
1622 1030 1907 1100 inquirere

307 1124 427 1161 mos
448 1113 532 1160 est
551 1104 700 1177 apud
719 1120 810 1159 eos
828 1145 840 1167 ‚
864 1105 962 1175 qui
983 1104 1243 1177 allegoria
1268 1111 1518 1157 utuntur.
1579 1104 1702 1158 Rite
1720 1105 1909 1177 itaque

309 1182 578 1253 scriptum
607 1188 717 1244 est,
765 1196 874 1233 non
903 1178 1052 1251 quod
1080 1178 1233 1235 illico
1261 1176 1534 1233 obfuscati
1568 1188 1699 1234 sunt
1736 1180 1903 1243 oculi,

312 1256 410 1311 sed
425 1265 542 1324 post
561 1253 1013 1309 senium—valde
1033 1252 1381 1315 nami-alitem
1411 1254 1543 1325 quja
1555 1254 1612 1308 in
1626 1263 1909 1310 senectute

315 1330 636 1387 debilitatur
657 1330 812 1383 visus
829 1369 841 1393 ,
866 1330 1009 1383 sicut
1029 1338 1083 1385 et
1103 1336 1276 1383 totum
1297 1345 1516 1401 corpus.
1595 1329 1735 1385 Nam
1756 1338 1910 1400 post-

311 1422 480 1477 quam
500 1403 709 1466 senuit‚
744 1402 801 1457 id
825 1412 932 1468 est,
966 1403 1187 1475 quando
1208 1403 1444 1458 mutabit
1464 1412 1517 1458 et
1543 1404 1911 1459 commutabi-

310 1489 426 1542 tur.
471 1487 604 1537 tunc
631 1476 855 1533 demum
883 1480 1115 1551 incipiet
1144 1480 1325 1535 anima
1355 1477 1522 1579 deOum
1550 1478 1791 1535 induens
1810 1496 1912 1550 per

363 1720 492 1779 Quid
523 1730 592 1771 est
629 1718 936 1787 „Postquam
970 1720 1329 1818 εεηυίιαῙεαασ,
1370 1720 1573 1786 caliyatz'
1603 1731 1709 1771 sunt
1744 1722 1870 1773 oculi

1023 1790 1121 1838 eius
1176 1794 1203 1837 ἱ

430 1892 543 1947 496.
583 1890 672 1947 Ad
697 1892 1002 1949 videndum
1029 1892 1319 1947 oratoriam
1348 1899 1561 1963 partem
1587 1892 1912 1946 examinan—

317 1975 397 2020 tes
428 1976 678 2022 asserunt
704 1985 803 2039 pro
831 1968 1071 2040 quadam
1100 1968 1338 2023 utilitate
1365 1976 1686 2040 provectum
1720 1966 1913 2021 oculos

316 2040 578 2096 habuisse
617 2041 890 2111 infirmos;
951 2042 1239 2116 postmodo
1279 2043 1427 2097 enim
1467 2050 1689 2097 sanatus
1737 2041 1917 2095 aciem

318 2115 512 2171 habuit
550 2116 844 2171 luminum.
922 2118 990 2173 Et
1030 2118 1261 2190 contigit
1299 2118 1537 2181 utiliter,
1581 2133 1649 2172 ne
1678 2114 1919 2171 benedi-

317 2191 514 2245 ctionis
549 2190 815 2263 indignus
853 2193 1114 2263 accipiat,
1172 2190 1451 2265 siquidem
1488 2192 1785 2245 verisimili
1826 2208 1918 2245 ra-

315 2266 464 2320 tione
501 2263 799 2320 disserunt.
877 2266 997 2321 Non
1037 2275 1220 2321 tamen
1258 2266 1362 2321 hac
1399 2283 1577 2339 usque
1608 2267 1919 2337 scripturae

317 2338 486 2394 decus
509 2339 786 2404 definitur,
811 2340 908 2394 sed
930 2340 1219 2395 altioribus
1241 2342 1419 2396 titulis
1441 2342 1759 2415 allegoriam
1782 2358 1921 2396 cau-

315 2416 428 2468 tius
449 2414 694 2474 extendi.
775 2414 1022 2487 Congrue
1043 2414 1191 2468 enim
1212 2414 1421 2470 dictum
1442 2425 1524 2471 est
1537 2457 1550 2481 ,
1584 2433 1719 2471 non:
1774 2414 1921 2483 Quia

318 2489 527 2553 senuit,
561 2488 782 2563 caligati
803 2489 1097 2543 suntoculi
1126 2490 1271 2553 eius;
1323 2490 1449 2545 sed:
1500 2491 1797 2562 Postquam
1826 2509 1925 2546 se-

322 2562 523 2615 nectuti
553 2563 814 2627 moravit,
859 2580 922 2618 eo
951 2562 1081 2636 plus
1108 2566 1292 2619 senuit
1309 2581 1469 2619 omne
1490 2582 1710 2636 corpus.
1790 2566 1925 2621 Post

320 2642 654 2691 senectutem
677 2654 805 2709 ergo
819 2679 831 2702 ,
863 2637 966 2693 hoc
983 2645 1095 2700 est,
1124 2653 1253 2691 cum
1274 2636 1579 2695 decidendo
1596 2642 1920 2697 mutaverit.

321 2706 474 2759 Tunc
502 2709 648 2763 enim
681 2709 771 2765 dei
801 2711 1003 2766 feratur
1033 2712 1214 2765 anima
1244 2712 1500 2767 sensibili
1526 2711 1762 2768 obscure
1796 2732 1926 2769 cer-
