<?xml version="1.0" encoding="UTF-8"?>
<!DOCTYPE html PUBLIC "-//W3C//DTD XHTML 1.0 Transitional//EN"
    "http://www.w3.org/TR/xhtml1/DTD/xhtml1-transitional.dtd">
<html xmlns="http://www.w3.org/1999/xhtml" xml:lang="en" lang="en">
 <head>
  <title>
</title>
<meta http-equiv="Content-Type" content="text/html;charset=utf-8" />
  <meta name='ocr-system' content='tesseract 3.04.00' />
  <meta name='ocr-capabilities' content='ocr_page ocr_carea ocr_par ocr_line ocrx_word'/>
</head>
<body>
  <div class='ocr_page' id='page_1' title='image "./philonisiudaeio00alejgoog_0595.png"; bbox 0 0 2125 3084; ppageno 0'>
   <div class='ocr_carea' id='block_1_1' title="bbox 368 129 2016 198">
    <p class='ocr_par' dir='ltr' id='par_1_1' title="bbox 368 129 2016 198">
     <span class='ocr_line' id='line_1_1' title="bbox 368 129 2016 198; baseline 0.001 -18"><span class='ocrx_word' id='word_1_1' title='bbox 368 129 462 183; x_wconf 65' lang='lat'><strong>⁴2⁴</strong></span> <span class='ocrx_word' id='word_1_2' title='bbox 808 134 1176 181; x_wconf 73' lang='lat' dir='ltr'><strong>rinnoms</strong></span> <span class='ocrx_word' id='word_1_3' title='bbox 1221 133 1493 181; x_wconf 63' lang='lat' dir='ltr'><strong>mnam</strong></span> <span class='ocrx_word' id='word_1_4' title='bbox 1531 166 1540 173; x_wconf 90' lang='lat'><strong>.</strong></span> <span class='ocrx_word' id='word_1_5' title='bbox 1751 130 1834 197; x_wconf 87' lang='lat'><strong>[1,</strong></span> <span class='ocrx_word' id='word_1_6' title='bbox 1863 133 2016 198; x_wconf 61' lang='lat'><strong>135]</strong></span> 
     </span>
    </p>
   </div>
   <div class='ocr_carea' id='block_1_2' title="bbox 364 233 2010 755">
    <p class='ocr_par' dir='ltr' id='par_1_2' title="bbox 364 233 2010 755">
     <span class='ocr_line' id='line_1_2' title="bbox 364 233 2010 305; baseline 0.001 -16"><span class='ocrx_word' id='word_1_7' title='bbox 364 252 463 291; x_wconf 84' lang='lat' dir='ltr'><strong>cus</strong></span> <span class='ocrx_word' id='word_1_8' title='bbox 489 235 757 305; x_wconf 82' lang='lat' dir='ltr'><strong>proiicero</strong></span> <span class='ocrx_word' id='word_1_9' title='bbox 785 233 943 289; x_wconf 80' lang='lat' dir='ltr'><strong>docet</strong></span> <span class='ocrx_word' id='word_1_10' title='bbox 968 250 1034 289; x_wconf 88' lang='lat' dir='ltr'><strong>eo</strong></span> <span class='ocrx_word' id='word_1_11' title='bbox 1062 234 1224 291; x_wconf 85' lang='lat' dir='ltr'><strong>modo</strong></span> <span class='ocrx_word' id='word_1_12' title='bbox 1239 274 1252 296; x_wconf 90' lang='lat'><strong>‚</strong></span> <span class='ocrx_word' id='word_1_13' title='bbox 1301 241 1362 287; x_wconf 88' lang='lat' dir='ltr'><strong>ut</strong></span> <span class='ocrx_word' id='word_1_14' title='bbox 1397 233 1582 303; x_wconf 76' lang='lat' dir='ltr'><strong>pullos</strong></span> <span class='ocrx_word' id='word_1_15' title='bbox 1621 236 2010 301; x_wconf 67' lang='lat' dir='ltr'><strong>assuefaciat</strong></span> 
     </span>
     <span class='ocr_line' id='line_1_3' title="bbox 364 308 2000 382; baseline 0 -15"><span class='ocrx_word' id='word_1_16' title='bbox 364 327 485 367; x_wconf 81' lang='lat' dir='ltr'><strong>sese</strong></span> <span class='ocrx_word' id='word_1_17' title='bbox 512 316 856 374; x_wconf 82' lang='lat' dir='ltr'><strong>convertere,</strong></span> <span class='ocrx_word' id='word_1_18' title='bbox 894 318 957 364; x_wconf 90' lang='lat' dir='ltr'><strong>ut</strong></span> <span class='ocrx_word' id='word_1_19' title='bbox 982 309 1126 365; x_wconf 79' lang='lat' dir='ltr'><strong>foras</strong></span> <span class='ocrx_word' id='word_1_20' title='bbox 1153 308 1340 365; x_wconf 78' lang='lat' dir='ltr'><strong>alvum</strong></span> <span class='ocrx_word' id='word_1_21' title='bbox 1355 318 1686 373; x_wconf 80' lang='lat' dir='ltr'><strong>exonerent,</strong></span> <span class='ocrx_word' id='word_1_22' title='bbox 1731 328 1889 382; x_wconf 79' lang='lat' dir='ltr'><strong>prae</strong></span> <span class='ocrx_word' id='word_1_23' title='bbox 1916 315 2000 367; x_wconf 87' lang='lat' dir='ltr'><strong>ti-</strong></span> 
     </span>
     <span class='ocr_line' id='line_1_4' title="bbox 364 384 1997 457; baseline -0.001 -16"><span class='ocrx_word' id='word_1_24' title='bbox 364 402 513 441; x_wconf 80' lang='lat' dir='ltr'><strong>more</strong></span> <span class='ocrx_word' id='word_1_25' title='bbox 526 426 540 450; x_wconf 82' lang='grc'>,</span> <span class='ocrx_word' id='word_1_26' title='bbox 580 400 653 439; x_wconf 79' lang='lat' dir='ltr'><strong>ne</strong></span> <span class='ocrx_word' id='word_1_27' title='bbox 678 392 1005 457; x_wconf 74' lang='lat' dir='ltr'><strong>aggravatus</strong></span> <span class='ocrx_word' id='word_1_28' title='bbox 1034 384 1202 439; x_wconf 84' lang='lat' dir='ltr'><strong>nidus</strong></span> <span class='ocrx_word' id='word_1_29' title='bbox 1228 394 1492 453; x_wconf 82' lang='lat' dir='ltr'><strong>praeceps</strong></span> <span class='ocrx_word' id='word_1_30' title='bbox 1511 384 1698 443; x_wconf 76' lang='lat' dir='ltr'><strong>cadat.</strong></span> <span class='ocrx_word' id='word_1_31' title='bbox 1784 386 1997 453; x_wconf 89' lang='lat' dir='ltr'><strong>Quum</strong></span> 
     </span>
     <span class='ocr_line' id='line_1_5' title="bbox 366 458 1994 531; baseline 0.001 -16"><span class='ocrx_word' id='word_1_32' title='bbox 366 470 547 515; x_wconf 85' lang='lat' dir='ltr'><strong>autem</strong></span> <span class='ocrx_word' id='word_1_33' title='bbox 574 460 901 531; x_wconf 80' lang='lat' dir='ltr'><strong>simpliciter</strong></span> <span class='ocrx_word' id='word_1_34' title='bbox 928 459 1187 515; x_wconf 68' lang='lat' dir='ltr'><strong>oberrem</strong></span> <span class='ocrx_word' id='word_1_35' title='bbox 1215 458 1326 512; x_wconf 84' lang='lat' dir='ltr'><strong>huc</strong></span> <span class='ocrx_word' id='word_1_36' title='bbox 1353 458 1490 513; x_wconf 88' lang='lat' dir='ltr'><strong>illuc</strong></span> <span class='ocrx_word' id='word_1_37' title='bbox 1513 458 1588 514; x_wconf 91' lang='lat' dir='ltr'><strong>ob</strong></span> <span class='ocrx_word' id='word_1_38' title='bbox 1615 465 1994 531; x_wconf 85' lang='lat' dir='ltr'><strong>procuratio-</strong></span> 
     </span>
     <span class='ocr_line' id='line_1_6' title="bbox 364 534 1988 596; baseline 0 -5"><span class='ocrx_word' id='word_1_39' title='bbox 364 552 489 591; x_wconf 72' lang='lat' dir='ltr'><strong>nem</strong></span> <span class='ocrx_word' id='word_1_40' title='bbox 508 536 939 591; x_wconf 73' lang='lat' dir='ltr'><strong>necessariorum</strong></span> <span class='ocrx_word' id='word_1_41' title='bbox 958 534 1138 589; x_wconf 79' lang='lat' dir='ltr'><strong>redux</strong></span> <span class='ocrx_word' id='word_1_42' title='bbox 1165 534 1354 596; x_wconf 78' lang='lat' dir='ltr'><strong>fuerit,</strong></span> <span class='ocrx_word' id='word_1_43' title='bbox 1395 534 1452 587; x_wconf 88' lang='lat' dir='ltr'><strong>in</strong></span> <span class='ocrx_word' id='word_1_44' title='bbox 1481 534 1742 593; x_wconf 84' lang='lat' dir='ltr'><strong>alienum</strong></span> <span class='ocrx_word' id='word_1_45' title='bbox 1771 537 1988 593; x_wconf 84' lang='lat' dir='ltr'><strong>nidum</strong></span> 
     </span>
     <span class='ocr_line' id='line_1_7' title="bbox 364 608 1982 672; baseline 0 -7"><span class='ocrx_word' id='word_1_46' title='bbox 364 612 592 665; x_wconf 88' lang='lat' dir='ltr'><strong>minime</strong></span> <span class='ocrx_word' id='word_1_47' title='bbox 618 611 811 672; x_wconf 83' lang='lat' dir='ltr'><strong>intrat,</strong></span> <span class='ocrx_word' id='word_1_48' title='bbox 850 609 953 665; x_wconf 82' lang='lat' dir='ltr'><strong>sed</strong></span> <span class='ocrx_word' id='word_1_49' title='bbox 980 609 1100 665; x_wconf 74' lang='lat' dir='ltr'><strong>faui</strong></span> <span class='ocrx_word' id='word_1_50' title='bbox 1129 608 1480 665; x_wconf 77' lang='lat' dir='ltr'><strong>nescium.ad</strong></span> <span class='ocrx_word' id='word_1_51' title='bbox 1503 626 1680 665; x_wconf 83' lang='lat' dir='ltr'><strong>suum</strong></span> <span class='ocrx_word' id='word_1_52' title='bbox 1709 613 1884 667; x_wconf 84' lang='lat' dir='ltr'><strong>venit</strong></span> <span class='ocrx_word' id='word_1_53' title='bbox 1927 615 1982 667; x_wconf 91' lang='lat' dir='ltr'><strong>in</strong></span> 
     </span>
     <span class='ocr_line' id='line_1_8' title="bbox 364 683 1466 755; baseline -0.004 -16"><span class='ocrx_word' id='word_1_54' title='bbox 364 685 545 741; x_wconf 89' lang='lat' dir='ltr'><strong>reditu</strong></span> <span class='ocrx_word' id='word_1_55' title='bbox 564 684 637 740; x_wconf 91' lang='lat' dir='ltr'><strong>ob</strong></span> <span class='ocrx_word' id='word_1_56' title='bbox 654 683 991 740; x_wconf 84' lang='lat' dir='ltr'><strong>desiderium</strong></span> <span class='ocrx_word' id='word_1_57' title='bbox 1013 700 1174 737; x_wconf 87' lang='lat' dir='ltr'><strong>curae</strong></span> <span class='ocrx_word' id='word_1_58' title='bbox 1191 684 1466 755; x_wconf 86' lang='lat' dir='ltr'><strong>propriae.</strong></span> 
     </span>
    </p>
   </div>
   <div class='ocr_carea' id='block_1_3' title="bbox 353 807 1980 2226">
    <p class='ocr_par' dir='ltr' id='par_1_3' title="bbox 353 807 1980 2226">
     <span class='ocr_line' id='line_1_9' title="bbox 474 807 1980 867; baseline -0.001 0"><span class='ocrx_word' id='word_1_59' title='bbox 474 814 560 867; x_wconf 80' lang='lat'><strong>23.</strong></span> <span class='ocrx_word' id='word_1_60' title='bbox 601 808 884 865; x_wconf 77' lang='lat' dir='ltr'><strong>Caeterum</strong></span> <span class='ocrx_word' id='word_1_61' title='bbox 914 824 1023 863; x_wconf 85' lang='lat' dir='ltr'><strong>non</strong></span> <span class='ocrx_word' id='word_1_62' title='bbox 1051 808 1230 861; x_wconf 84' lang='lat' dir='ltr'><strong>solum</strong></span> <span class='ocrx_word' id='word_1_63' title='bbox 1251 807 1517 861; x_wconf 76' lang='lat' dir='ltr'><strong>naturalis</strong></span> <span class='ocrx_word' id='word_1_64' title='bbox 1537 808 1782 864; x_wconf 81' lang='lat' dir='ltr'><strong>auditus</strong></span> <span class='ocrx_word' id='word_1_65' title='bbox 1803 828 1872 865; x_wconf 87' lang='lat' dir='ltr'><strong>ac</strong></span> <span class='ocrx_word' id='word_1_66' title='bbox 1887 813 1980 865; x_wconf 85' lang='lat' dir='ltr'><strong>in-</strong></span> 
     </span>
     <span class='ocr_line' id='line_1_10' title="bbox 362 882 1976 954; baseline -0.001 -13"><span class='ocrx_word' id='word_1_67' title='bbox 362 884 677 941; x_wconf 82' lang='lat' dir='ltr'><strong>structionis</strong></span> <span class='ocrx_word' id='word_1_68' title='bbox 710 884 910 939; x_wconf 80' lang='lat' dir='ltr'><strong>habent</strong></span> <span class='ocrx_word' id='word_1_69' title='bbox 936 882 1222 954; x_wconf 74' lang='lat' dir='ltr'><strong>ingenium</strong></span> <span class='ocrx_word' id='word_1_70' title='bbox 1253 882 1438 952; x_wconf 81' lang='lat' dir='ltr'><strong>aliqua</strong></span> <span class='ocrx_word' id='word_1_71' title='bbox 1459 883 1832 950; x_wconf 87' lang='lat' dir='ltr'><strong>animalium,</strong></span> <span class='ocrx_word' id='word_1_72' title='bbox 1877 902 1976 939; x_wconf 83' lang='lat' dir='ltr'><strong>ve-</strong></span> 
     </span>
     <span class='ocr_line' id='line_1_11' title="bbox 363 957 1972 1032; baseline -0.001 -17"><span class='ocrx_word' id='word_1_73' title='bbox 363 978 485 1015; x_wconf 90' lang='lat' dir='ltr'><strong>rum</strong></span> <span class='ocrx_word' id='word_1_74' title='bbox 523 962 687 1014; x_wconf 86' lang='lat' dir='ltr'><strong>etiam</strong></span> <span class='ocrx_word' id='word_1_75' title='bbox 726 958 1003 1029; x_wconf 86' lang='lat' dir='ltr'><strong>complura</strong></span> <span class='ocrx_word' id='word_1_76' title='bbox 1047 957 1342 1031; x_wconf 84' lang='lat' dir='ltr'><strong>edocentur</strong></span> <span class='ocrx_word' id='word_1_77' title='bbox 1383 958 1615 1011; x_wconf 82' lang='lat' dir='ltr'><strong>meliore</strong></span> <span class='ocrx_word' id='word_1_78' title='bbox 1667 958 1972 1032; x_wconf 77' lang='lat' dir='ltr'><strong>diligentia</strong></span> 
     </span>
     <span class='ocr_line' id='line_1_12' title="bbox 363 1032 1971 1106; baseline -0.001 -16"><span class='ocrx_word' id='word_1_79' title='bbox 363 1035 669 1090; x_wconf 81' lang='lat' dir='ltr'><strong>auscultare</strong></span> <span class='ocrx_word' id='word_1_80' title='bbox 689 1034 1031 1104; x_wconf 86' lang='lat' dir='ltr'><strong>obsequique</strong></span> <span class='ocrx_word' id='word_1_81' title='bbox 1048 1032 1122 1085; x_wconf 88' lang='lat' dir='ltr'><strong>iis</strong></span> <span class='ocrx_word' id='word_1_82' title='bbox 1139 1042 1165 1094; x_wconf 89' lang='grc'><strong>,·</strong></span> <span class='ocrx_word' id='word_1_83' title='bbox 1189 1032 1500 1102; x_wconf 71' lang='lat' dir='ltr'><strong>quaeipsis</strong></span> <span class='ocrx_word' id='word_1_84' title='bbox 1519 1034 1788 1104; x_wconf 79' lang='lat' dir='ltr'><strong>magistri</strong></span> <span class='ocrx_word' id='word_1_85' title='bbox 1810 1052 1971 1106; x_wconf 73' lang='lat' dir='ltr'><strong>prae-</strong></span> 
     </span>
     <span class='ocr_line' id='line_1_13' title="bbox 363 1106 1968 1180; baseline 0 -17"><span class='ocrx_word' id='word_1_86' title='bbox 363 1112 602 1180; x_wconf 87' lang='lat' dir='ltr'><strong>cipiunt,</strong></span> <span class='ocrx_word' id='word_1_87' title='bbox 636 1110 712 1163; x_wconf 85' lang='lat' dir='ltr'><strong>ita</strong></span> <span class='ocrx_word' id='word_1_88' title='bbox 730 1118 791 1163; x_wconf 87' lang='lat' dir='ltr'><strong>ut</strong></span> <span class='ocrx_word' id='word_1_89' title='bbox 810 1115 1099 1162; x_wconf 78' lang='lat' dir='ltr'><strong>vereantur</strong></span> <span class='ocrx_word' id='word_1_90' title='bbox 1117 1123 1342 1177; x_wconf 89' lang='lat' dir='ltr'><strong>peccare</strong></span> <span class='ocrx_word' id='word_1_91' title='bbox 1358 1147 1370 1169; x_wconf 89' lang='lat'><strong>‚</strong></span> <span class='ocrx_word' id='word_1_92' title='bbox 1409 1115 1464 1160; x_wconf 90' lang='lat' dir='ltr'><strong>et</strong></span> <span class='ocrx_word' id='word_1_93' title='bbox 1483 1106 1768 1163; x_wconf 84' lang='lat' dir='ltr'><strong>laetentur</strong></span> <span class='ocrx_word' id='word_1_94' title='bbox 1789 1110 1862 1164; x_wconf 88' lang='lat' dir='ltr'><strong>de</strong></span> <span class='ocrx_word' id='word_1_95' title='bbox 1879 1126 1968 1163; x_wconf 84' lang='lat' dir='ltr'><strong>re-</strong></span> 
     </span>
     <span class='ocr_line' id='line_1_14' title="bbox 361 1181 1963 1254; baseline -0.001 -17"><span class='ocrx_word' id='word_1_96' title='bbox 361 1186 467 1238; x_wconf 85' lang='lat' dir='ltr'><strong>bus</strong></span> <span class='ocrx_word' id='word_1_97' title='bbox 496 1191 641 1237; x_wconf 89' lang='lat' dir='ltr'><strong>recte</strong></span> <span class='ocrx_word' id='word_1_98' title='bbox 671 1184 926 1254; x_wconf 83' lang='lat' dir='ltr'>peractis.</span> <span class='ocrx_word' id='word_1_99' title='bbox 1006 1182 1116 1236; x_wconf 89' lang='lat' dir='ltr'><strong>Sed</strong></span> <span class='ocrx_word' id='word_1_100' title='bbox 1153 1181 1290 1252; x_wconf 87' lang='lat' dir='ltr'><strong>quid</strong></span> <span class='ocrx_word' id='word_1_101' title='bbox 1321 1181 1546 1252; x_wconf 85' lang='lat' dir='ltr'><strong>expedit</strong></span> <span class='ocrx_word' id='word_1_102' title='bbox 1573 1182 1646 1235; x_wconf 84' lang='lat' dir='ltr'><strong>de</strong></span> <span class='ocrx_word' id='word_1_103' title='bbox 1677 1184 1963 1239; x_wconf 77' lang='lat' dir='ltr'><strong>cicuribus</strong></span> 
     </span>
     <span class='ocr_line' id='line_1_15' title="bbox 358 1255 1962 1329; baseline 0.001 -17"><span class='ocrx_word' id='word_1_104' title='bbox 358 1259 693 1312; x_wconf 82' lang='lat' dir='ltr'><strong>mentionem</strong></span> <span class='ocrx_word' id='word_1_105' title='bbox 724 1257 937 1313; x_wconf 77' lang='lat' dir='ltr'><strong>facere?</strong></span> <span class='ocrx_word' id='word_1_106' title='bbox 972 1257 1151 1313; x_wconf 90' lang='lat' dir='ltr'><strong>Catuli</strong></span> <span class='ocrx_word' id='word_1_107' title='bbox 1186 1256 1411 1327; x_wconf 87' lang='lat' dir='ltr'><strong>quidam</strong></span> <span class='ocrx_word' id='word_1_108' title='bbox 1451 1255 1702 1329; x_wconf 67' lang='lat' dir='ltr'><strong>(leonum)</strong></span> <span class='ocrx_word' id='word_1_109' title='bbox 1741 1260 1839 1313; x_wconf 80' lang='lat' dir='ltr'><strong>vel</strong></span> <span class='ocrx_word' id='word_1_110' title='bbox 1876 1276 1962 1313; x_wconf 78' lang='lat' dir='ltr'><strong>ca-</strong></span> 
     </span>
     <span class='ocr_line' id='line_1_16' title="bbox 358 1331 1956 1404; baseline 0.001 -18"><span class='ocrx_word' id='word_1_111' title='bbox 358 1333 511 1403; x_wconf 87' lang='lat' dir='ltr'><strong>num)</strong></span> <span class='ocrx_word' id='word_1_112' title='bbox 540 1332 693 1386; x_wconf 86' lang='lat' dir='ltr'><strong>iuxta</strong></span> <span class='ocrx_word' id='word_1_113' title='bbox 724 1333 1025 1387; x_wconf 86' lang='lat' dir='ltr'><strong>naturalem</strong></span> <span class='ocrx_word' id='word_1_114' title='bbox 1056 1331 1315 1386; x_wconf 80' lang='lat' dir='ltr'><strong>fiduciam</strong></span> <span class='ocrx_word' id='word_1_115' title='bbox 1349 1348 1456 1385; x_wconf 84' lang='lat' dir='ltr'><strong>una</strong></span> <span class='ocrx_word' id='word_1_116' title='bbox 1485 1348 1612 1385; x_wconf 88' lang='lat' dir='ltr'><strong>cum</strong></span> <span class='ocrx_word' id='word_1_117' title='bbox 1653 1334 1956 1404; x_wconf 82' lang='lat' dir='ltr'><strong>cupiditate</strong></span> 
     </span>
     <span class='ocr_line' id='line_1_17' title="bbox 360 1405 1957 1470; baseline 0.002 -11"><span class='ocrx_word' id='word_1_118' title='bbox 360 1407 608 1460; x_wconf 87' lang='lat' dir='ltr'><strong>ciborum</strong></span> <span class='ocrx_word' id='word_1_119' title='bbox 628 1416 911 1461; x_wconf 79' lang='lat' dir='ltr'><strong>venatores</strong></span> <span class='ocrx_word' id='word_1_120' title='bbox 931 1407 1059 1461; x_wconf 83' lang='lat' dir='ltr'><strong>sacti</strong></span> <span class='ocrx_word' id='word_1_121' title='bbox 1079 1414 1206 1461; x_wconf 84' lang='lat' dir='ltr'><strong>sunt</strong></span> <span class='ocrx_word' id='word_1_122' title='bbox 1219 1447 1232 1470; x_wconf 88' lang='lat'>,</span> <span class='ocrx_word' id='word_1_123' title='bbox 1273 1407 1350 1461; x_wconf 88' lang='lat' dir='ltr'><strong>ita</strong></span> <span class='ocrx_word' id='word_1_124' title='bbox 1369 1414 1432 1460; x_wconf 86' lang='lat' dir='ltr'><strong>ut</strong></span> <span class='ocrx_word' id='word_1_125' title='bbox 1450 1405 1710 1461; x_wconf 84' lang='lat' dir='ltr'><strong>homines</strong></span> <span class='ocrx_word' id='word_1_126' title='bbox 1735 1418 1957 1462; x_wconf 84' lang='lat' dir='ltr'><strong>venato-</strong></span> 
     </span>
     <span class='ocr_line' id='line_1_18' title="bbox 353 1478 1952 1554; baseline -0.001 -19"><span class='ocrx_word' id='word_1_127' title='bbox 353 1498 446 1545; x_wconf 78' lang='lat' dir='ltr'><strong>res</strong></span> <span class='ocrx_word' id='word_1_128' title='bbox 476 1480 760 1535; x_wconf 81' lang='lat' dir='ltr'><strong>obviantes</strong></span> <span class='ocrx_word' id='word_1_129' title='bbox 787 1481 1129 1536; x_wconf 83' lang='lat' dir='ltr'><strong>invaderent.</strong></span> <span class='ocrx_word' id='word_1_130' title='bbox 1211 1478 1286 1554; x_wconf 66' lang='lat'><strong>[⁴⁵]</strong></span> <span class='ocrx_word' id='word_1_131' title='bbox 1323 1480 1506 1546; x_wconf 85' lang='lat' dir='ltr'><strong>Quum</strong></span> <span class='ocrx_word' id='word_1_132' title='bbox 1533 1489 1722 1535; x_wconf 77' lang='lat' dir='ltr'><strong>autem</strong></span> <span class='ocrx_word' id='word_1_133' title='bbox 1754 1483 1952 1553; x_wconf 81' lang='lat' dir='ltr'><strong>aliquis</strong></span> 
     </span>
     <span class='ocr_line' id='line_1_19' title="bbox 359 1553 1951 1627; baseline 0.001 -18"><span class='ocrx_word' id='word_1_134' title='bbox 359 1572 548 1609; x_wconf 90' lang='lat' dir='ltr'><strong>eorum</strong></span> <span class='ocrx_word' id='word_1_135' title='bbox 566 1553 840 1610; x_wconf 85' lang='lat' dir='ltr'><strong>cohabitet</strong></span> <span class='ocrx_word' id='word_1_136' title='bbox 858 1557 1164 1619; x_wconf 82' lang='lat' dir='ltr'><strong>nobiscum,</strong></span> <span class='ocrx_word' id='word_1_137' title='bbox 1187 1564 1356 1609; x_wconf 85' lang='lat' dir='ltr'><strong>artem</strong></span> <span class='ocrx_word' id='word_1_138' title='bbox 1373 1555 1716 1627; x_wconf 84' lang='lat' dir='ltr'><strong>propositam</strong></span> <span class='ocrx_word' id='word_1_139' title='bbox 1735 1557 1951 1611; x_wconf 83' lang='lat' dir='ltr'><strong>discen-</strong></span> 
     </span>
     <span class='ocr_line' id='line_1_20' title="bbox 360 1630 1947 1703; baseline 0 -18"><span class='ocrx_word' id='word_1_140' title='bbox 360 1631 441 1685; x_wconf 82' lang='lat' dir='ltr'><strong>do·</strong></span> <span class='ocrx_word' id='word_1_141' title='bbox 469 1630 723 1703; x_wconf 79' lang='lat' dir='ltr'><strong>percipit.</strong></span> <span class='ocrx_word' id='word_1_142' title='bbox 800 1632 941 1685; x_wconf 86' lang='lat' dir='ltr'><strong>Ecce</strong></span> <span class='ocrx_word' id='word_1_143' title='bbox 978 1632 1127 1685; x_wconf 88' lang='lat' dir='ltr'><strong>enim</strong></span> <span class='ocrx_word' id='word_1_144' title='bbox 1165 1631 1390 1702; x_wconf 82' lang='lat' dir='ltr'><strong>aurigae</strong></span> <span class='ocrx_word' id='word_1_145' title='bbox 1430 1638 1602 1685; x_wconf 86' lang='lat' dir='ltr'><strong>artem</strong></span> <span class='ocrx_word' id='word_1_146' title='bbox 1637 1631 1947 1687; x_wconf 82' lang='lat' dir='ltr'><strong>vilissimus</strong></span> 
     </span>
     <span class='ocr_line' id='line_1_21' title="bbox 359 1704 1946 1776; baseline -0.001 -16"><span class='ocrx_word' id='word_1_147' title='bbox 359 1707 604 1761; x_wconf 88' lang='lat' dir='ltr'><strong>omnium</strong></span> <span class='ocrx_word' id='word_1_148' title='bbox 645 1706 967 1760; x_wconf 86' lang='lat' dir='ltr'><strong>animalium</strong></span> <span class='ocrx_word' id='word_1_149' title='bbox 1003 1706 1199 1759; x_wconf 85' lang='lat' dir='ltr'><strong>simius</strong></span> <span class='ocrx_word' id='word_1_150' title='bbox 1237 1705 1297 1759; x_wconf 89' lang='lat' dir='ltr'><strong>in</strong></span> <span class='ocrx_word' id='word_1_151' title='bbox 1335 1704 1590 1759; x_wconf 90' lang='lat' dir='ltr'><strong>hesterno</strong></span> <span class='ocrx_word' id='word_1_152' title='bbox 1636 1706 1946 1776; x_wconf 84' lang='lat' dir='ltr'><strong>spectaculo</strong></span> 
     </span>
     <span class='ocr_line' id='line_1_22' title="bbox 360 1778 1943 1854; baseline -0.003 -18"><span class='ocrx_word' id='word_1_153' title='bbox 360 1790 677 1854; x_wconf 80' lang='lat' dir='ltr'><strong>usurpatam</strong></span> <span class='ocrx_word' id='word_1_154' title='bbox 714 1782 1025 1836; x_wconf 82' lang='lat' dir='ltr'><strong>ostentavit.</strong></span> <span class='ocrx_word' id='word_1_155' title='bbox 1121 1778 1390 1833; x_wconf 84' lang='lat' dir='ltr'><strong>Residens</strong></span> <span class='ocrx_word' id='word_1_156' title='bbox 1439 1779 1588 1833; x_wconf 86' lang='lat' dir='ltr'><strong>enim</strong></span> <span class='ocrx_word' id='word_1_157' title='bbox 1633 1780 1698 1833; x_wconf 91' lang='lat' dir='ltr'><strong>in</strong></span> <span class='ocrx_word' id='word_1_158' title='bbox 1749 1782 1943 1835; x_wconf 83' lang='lat' dir='ltr'><strong>tabulis</strong></span> 
     </span>
     <span class='ocr_line' id='line_1_23' title="bbox 358 1852 1942 1927; baseline -0.003 -15"><span class='ocrx_word' id='word_1_159' title='bbox 358 1874 552 1912; x_wconf 85' lang='lat' dir='ltr'><strong>currus</strong></span> <span class='ocrx_word' id='word_1_160' title='bbox 585 1874 613 1911; x_wconf 86' lang='lat' dir='ltr'><strong>a</strong></span> <span class='ocrx_word' id='word_1_161' title='bbox 643 1865 874 1927; x_wconf 79' lang='lat' dir='ltr'><strong>quatuor</strong></span> <span class='ocrx_word' id='word_1_162' title='bbox 900 1856 1080 1926; x_wconf 85' lang='lat' dir='ltr'><strong>capris</strong></span> <span class='ocrx_word' id='word_1_163' title='bbox 1109 1856 1280 1919; x_wconf 85' lang='lat' dir='ltr'><strong>vecti,</strong></span> <span class='ocrx_word' id='word_1_164' title='bbox 1322 1870 1420 1925; x_wconf 92' lang='lat' dir='ltr'><strong>per</strong></span> <span class='ocrx_word' id='word_1_165' title='bbox 1445 1852 1786 1909; x_wconf 78' lang='lat' dir='ltr'><strong>orchestram</strong></span> <span class='ocrx_word' id='word_1_166' title='bbox 1806 1856 1942 1911; x_wconf 85' lang='lat' dir='ltr'><strong>auri-</strong></span> 
     </span>
     <span class='ocr_line' id='line_1_24' title="bbox 358 1922 1940 2005; baseline -0.003 -19"><span class='ocrx_word' id='word_1_167' title='bbox 358 1949 483 2005; x_wconf 79' lang='lat' dir='ltr'><strong>gam</strong></span> <span class='ocrx_word' id='word_1_168' title='bbox 504 1934 636 2005; x_wconf 79' lang='lat' dir='ltr'><strong>egit,</strong></span> <span class='ocrx_word' id='word_1_169' title='bbox 668 1948 730 1985; x_wconf 85' lang='lat' dir='ltr'><strong>ac</strong></span> <span class='ocrx_word' id='word_1_170' title='bbox 750 1931 900 1986; x_wconf 87' lang='lat' dir='ltr'><strong>velut</strong></span> <span class='ocrx_word' id='word_1_171' title='bbox 921 1932 976 1985; x_wconf 88' lang='lat' dir='ltr'><strong>in</strong></span> <span class='ocrx_word' id='word_1_172' title='bbox 1000 1928 1362 2000; x_wconf 84' lang='lat' dir='ltr'><strong>hippodromo</strong></span> <span class='ocrx_word' id='word_1_173' title='bbox 1381 1937 1612 1983; x_wconf 84' lang='lat' dir='ltr'><strong>certator</strong></span> <span class='ocrx_word' id='word_1_174' title='bbox 1627 1922 1862 2001; x_wconf 74' lang='lat' dir='ltr'><strong>quidam</strong></span> <span class='ocrx_word' id='word_1_175' title='bbox 1879 1930 1940 1983; x_wconf 85' lang='lat' dir='ltr'><strong>de</strong></span> 
     </span>
     <span class='ocr_line' id='line_1_25' title="bbox 356 2001 1936 2077; baseline -0.002 -17"><span class='ocrx_word' id='word_1_176' title='bbox 356 2008 584 2061; x_wconf 82' lang='lat' dir='ltr'><strong>victoria</strong></span> <span class='ocrx_word' id='word_1_177' title='bbox 625 2008 963 2069; x_wconf 81' lang='lat' dir='ltr'><strong>con’certanS‚</strong></span> <span class='ocrx_word' id='word_1_178' title='bbox 1012 2010 1258 2058; x_wconf 85' lang='lat' dir='ltr'><strong>movens&#39;</strong></span> <span class='ocrx_word' id='word_1_179' title='bbox 1277 2004 1519 2058; x_wconf 83' lang='lat' dir='ltr'><strong>habenas</strong></span> <span class='ocrx_word' id='word_1_180' title='bbox 1557 2001 1936 2077; x_wconf 81' lang='lat' dir='ltr'><strong>flagellumque</strong></span> 
     </span>
     <span class='ocr_line' id='line_1_26' title="bbox 356 2076 1938 2149; baseline -0.002 -14"><span class='ocrx_word' id='word_1_181' title='bbox 356 2083 671 2135; x_wconf 87' lang='lat' dir='ltr'><strong>concutiens</strong></span> <span class='ocrx_word' id='word_1_182' title='bbox 700 2089 754 2135; x_wconf 87' lang='lat' dir='ltr'><strong>et</strong></span> <span class='ocrx_word' id='word_1_183' title='bbox 778 2081 837 2134; x_wconf 88' lang='lat' dir='ltr'><strong>in</strong></span> <span class='ocrx_word' id='word_1_184' title='bbox 858 2096 1014 2135; x_wconf 87' lang='lat' dir='ltr'><strong>aures</strong></span> <span class='ocrx_word' id='word_1_185' title='bbox 1036 2094 1322 2149; x_wconf 87' lang='lat' dir='ltr'><strong>caprarum</strong></span> <span class='ocrx_word' id='word_1_186' title='bbox 1339 2076 1648 2133; x_wconf 80' lang='lat' dir='ltr'><strong>vociferans</strong></span> <span class='ocrx_word' id='word_1_187' title='bbox 1663 2120 1676 2143; x_wconf 91' lang='lat'>,</span> <span class='ocrx_word' id='word_1_188' title='bbox 1719 2079 1938 2135; x_wconf 82' lang='lat' dir='ltr'><strong>mirifice</strong></span> 
     </span>
     <span class='ocr_line' id='line_1_27' title="bbox 355 2154 1023 2226; baseline -0.003 -17"><span class='ocrx_word' id='word_1_189' title='bbox 355 2163 685 2226; x_wconf 83' lang='lat' dir='ltr'><strong>spectatores</strong></span> <span class='ocrx_word' id='word_1_190' title='bbox 710 2154 1023 2210; x_wconf 83' lang='lat' dir='ltr'><strong>oblectavit.</strong></span> 
     </span>
    </p>
   </div>
   <div class='ocr_carea' id='block_1_4' title="bbox 350 2277 1938 2725">
    <p class='ocr_par' dir='ltr' id='par_1_4' title="bbox 350 2277 1938 2725">
     <span class='ocr_line' id='line_1_28' title="bbox 463 2277 1935 2343; baseline -0.003 -6"><span class='ocrx_word' id='word_1_191' title='bbox 463 2282 549 2337; x_wconf 75' lang='lat'><strong>24.</strong></span> <span class='ocrx_word' id='word_1_192' title='bbox 596 2278 813 2333; x_wconf 84' lang='lat' dir='ltr'><strong>Haedus</strong></span> <span class='ocrx_word' id='word_1_193' title='bbox 842 2289 1051 2343; x_wconf 79' lang='lat' dir='ltr'><strong>autem,</strong></span> <span class='ocrx_word' id='word_1_194' title='bbox 1106 2278 1300 2333; x_wconf 86' lang='lat' dir='ltr'><strong>subtili</strong></span> <span class='ocrx_word' id='word_1_195' title='bbox 1331 2277 1580 2335; x_wconf 75' lang='lat' dir='ltr'><strong>funiculo</strong></span> <span class='ocrx_word' id='word_1_196' title='bbox 1604 2278 1712 2335; x_wconf 82' lang='lat' dir='ltr'><strong>alte</strong></span> <span class='ocrx_word' id='word_1_197' title='bbox 1747 2298 1776 2334; x_wconf 89' lang='lat' dir='ltr'><strong>a</strong></span> <span class='ocrx_word' id='word_1_198' title='bbox 1806 2289 1935 2333; x_wconf 90' lang='lat' dir='ltr'><strong>terra</strong></span> 
     </span>
     <span class='ocr_line' id='line_1_29' title="bbox 353 2351 1935 2425; baseline 0.001 -19"><span class='ocrx_word' id='word_1_199' title='bbox 353 2354 584 2409; x_wconf 83' lang='lat' dir='ltr'><strong>strictim</strong></span> <span class='ocrx_word' id='word_1_200' title='bbox 606 2352 877 2425; x_wconf 75' lang='lat' dir='ltr'><strong>colligato,</strong></span> <span class='ocrx_word' id='word_1_201' title='bbox 894 2371 1182 2411; x_wconf 77' lang='lat' dir='ltr'><strong>accurrens</strong></span> <span class='ocrx_word' id='word_1_202' title='bbox 1193 2351 1440 2409; x_wconf 82' lang='lat' dir='ltr'><strong>ascendit</strong></span> <span class='ocrx_word' id='word_1_203' title='bbox 1458 2370 1558 2424; x_wconf 87' lang='lat' dir='ltr'><strong>per</strong></span> <span class='ocrx_word' id='word_1_204' title='bbox 1581 2370 1732 2418; x_wconf 80' lang='lat' dir='ltr'><strong>eum,</strong></span> <span class='ocrx_word' id='word_1_205' title='bbox 1745 2364 1796 2409; x_wconf 88' lang='lat' dir='ltr'><strong>et</strong></span> <span class='ocrx_word' id='word_1_206' title='bbox 1813 2371 1935 2409; x_wconf 87' lang='lat' dir='ltr'><strong>con—</strong></span> 
     </span>
     <span class='ocr_line' id='line_1_30' title="bbox 353 2428 1934 2501; baseline 0.003 -24"><span class='ocrx_word' id='word_1_207' title='bbox 353 2433 557 2479; x_wconf 88' lang='lat' dir='ltr'><strong>stanter</strong></span> <span class='ocrx_word' id='word_1_208' title='bbox 577 2428 1059 2496; x_wconf 86' lang='lat' dir='ltr'><strong>superamhulabat</strong></span> <span class='ocrx_word' id='word_1_209' title='bbox 1070 2436 1348 2498; x_wconf 88' lang='lat' dir='ltr'><strong>tamquam</strong></span> <span class='ocrx_word' id='word_1_210' title='bbox 1369 2429 1427 2481; x_wconf 88' lang='lat' dir='ltr'><strong>in</strong></span> <span class='ocrx_word' id='word_1_211' title='bbox 1449 2429 1567 2482; x_wconf 87' lang='lat' dir='ltr'><strong>solo</strong></span> <span class='ocrx_word' id='word_1_212' title='bbox 1585 2430 1934 2501; x_wconf 81' lang='lat' dir='ltr'><strong>progrediens</strong></span> 
     </span>
     <span class='ocr_line' id='line_1_31' title="bbox 350 2498 1937 2572; baseline 0.006 -24"><span class='ocrx_word' id='word_1_213' title='bbox 350 2498 713 2566; x_wconf 86' lang='lat' dir='ltr'><strong>perplateam‚</strong></span> <span class='ocrx_word' id='word_1_214' title='bbox 738 2502 1027 2556; x_wconf 81' lang='lat' dir='ltr'><strong>veritusne</strong></span> <span class='ocrx_word' id='word_1_215' title='bbox 1042 2518 1142 2572; x_wconf 84' lang='lat' dir='ltr'><strong>per</strong></span> <span class='ocrx_word' id='word_1_216' title='bbox 1162 2501 1533 2557; x_wconf 83' lang='lat' dir='ltr'><strong>declivitatem</strong></span> <span class='ocrx_word' id='word_1_217' title='bbox 1559 2503 1812 2559; x_wconf 87' lang='lat' dir='ltr'><strong>deorsum</strong></span> <span class='ocrx_word' id='word_1_218' title='bbox 1826 2502 1937 2558; x_wconf 81' lang='lat' dir='ltr'><strong>fer-</strong></span> 
     </span>
     <span class='ocr_line' id='line_1_32' title="bbox 350 2574 1938 2649; baseline 0.009 -32"><span class='ocrx_word' id='word_1_219' title='bbox 350 2574 525 2633; x_wconf 88' lang='lat' dir='ltr'><strong>retur,</strong></span> <span class='ocrx_word' id='word_1_220' title='bbox 560 2588 733 2641; x_wconf 89' lang='lat' dir='ltr'><strong>quum</strong></span> <span class='ocrx_word' id='word_1_221' title='bbox 756 2575 823 2627; x_wconf 85' lang='lat' dir='ltr'><strong>ab</strong></span> <span class='ocrx_word' id='word_1_222' title='bbox 846 2575 1156 2629; x_wconf 86' lang='lat' dir='ltr'><strong>adversario</strong></span> <span class='ocrx_word' id='word_1_223' title='bbox 1177 2594 1206 2631; x_wconf 87' lang='lat' dir='ltr'><strong>a</strong></span> <span class='ocrx_word' id='word_1_224' title='bbox 1226 2585 1379 2649; x_wconf 85' lang='lat' dir='ltr'><strong>tergo</strong></span> <span class='ocrx_word' id='word_1_225' title='bbox 1399 2585 1576 2631; x_wconf 86' lang='lat' dir='ltr'><strong>stante</strong></span> <span class='ocrx_word' id='word_1_226' title='bbox 1597 2580 1795 2633; x_wconf 84' lang='lat' dir='ltr'><strong>camin</strong></span> <span class='ocrx_word' id='word_1_227' title='bbox 1811 2594 1938 2648; x_wconf 81' lang='lat' dir='ltr'><strong>par—</strong></span> 
     </span>
     <span class='ocr_line' id='line_1_33' title="bbox 350 2641 1938 2725; baseline 0.014 -37"><span class='ocrx_word' id='word_1_228' title='bbox 350 2644 460 2689; x_wconf 90' lang='lat' dir='ltr'><strong>tem</strong></span> <span class='ocrx_word' id='word_1_229' title='bbox 480 2641 871 2703; x_wconf 84' lang='lat' dir='ltr'><strong>detraheretur.</strong></span> <span class='ocrx_word' id='word_1_230' title='bbox 948 2651 1015 2703; x_wconf 89' lang='lat' dir='ltr'><strong>Et</strong></span> <span class='ocrx_word' id='word_1_231' title='bbox 1034 2649 1184 2705; x_wconf 87' lang='lat' dir='ltr'><strong>hunc</strong></span> <span class='ocrx_word' id='word_1_232' title='bbox 1203 2652 1388 2722; x_wconf 85' lang='lat' dir='ltr'><strong>ipsum</strong></span> <span class='ocrx_word' id='word_1_233' title='bbox 1407 2668 1510 2725; x_wconf 81' lang='lat' dir='ltr'><strong>ego</strong></span> <span class='ocrx_word' id='word_1_234' title='bbox 1530 2652 1654 2707; x_wconf 85' lang='lat' dir='ltr'><strong>vidi</strong></span> <span class='ocrx_word' id='word_1_235' title='bbox 1671 2663 1850 2724; x_wconf 79' lang='lat' dir='ltr'><strong>postea</strong></span> <span class='ocrx_word' id='word_1_236' title='bbox 1876 2654 1938 2710; x_wconf 91' lang='lat' dir='ltr'><strong>in</strong></span> 
     </span>
    </p>
   </div>
  </div>
 </body>
</html>
