2125 3084
144 219 231 285 [ιι
258 216 377 281 563]
518 220 773 289 emmo
811 222 910 267 DE
950 222 1373 271 SAMPSONE.
1651 220 1751 274 405

146 340 295 379 sare:
368 329 421 377 et
463 321 625 377 illum
659 322 719 374 in
760 321 1072 394 legitimum
1111 325 1520 379 matrimonium
1561 326 1752 383 admo-

147 416 307 461 vere,
353 405 407 453 et
436 397 777 469 alienigenas
806 398 951 451 iusto
980 397 1144 453 modo
1180 400 1408 470 punire3
1467 400 1566 456 sed
1605 403 1750 458 ultro

148 474 459 529 declinante
479 472 783 543 Sampsone
802 472 860 525 in
882 473 1118 527 alienam
1137 472 1400 529 feminam
1415 514 1428 538 ‚
1459 474 1596 529 deus
1613 519 1627 540 ,
1649 478 1748 547 qui

148 549 331 605 omnia
351 555 556 619 potest,
598 548 658 601 in
678 547 1094 619 castigationem
1117 548 1552 622 alienigenarum
1572 559 1750 607 trans-

146 624 312 681 vertit
330 622 653 695 Sampsonis
674 621 962 678 delictum.

256 762 344 817 24.
392 758 507 821 Alii
537 757 763 813 demum
792 759 1088 813 mutilatim
1121 758 1462 833 Scripturam
1504 760 1748 834 legentes

143 836 585 907 nequientesque
604 833 855 887 divinam
878 833 1222 905 perpendere
1243 836 1502 892 virtutem
1517 876 1530 900 ‚
1555 854 1658 891 nec
1679 836 1748 892 ad

141 910 577 966 emolumentum
616 916 947 979 usurpantes
976 911 1178 981 scripta
1195 952 1209 975 ,
1257 912 1316 965 in
1345 912 1748 967 accusationem

138 986 375 1058 spiritus
397 984 693 1039 traducunt
714 982 1035 1056 Sampsonis
1062 993 1450 1041 erramentum.
1528 986 1746 1043 Habens

138 1061 321 1123 enim,
363 1060 541 1125 aiunt,
584 1059 842 1129 spiritum
872 1059 1155 1131 peccabat.
1233 1061 1436 1117 Verum
1473 1063 1572 1133 qui
1610 1062 1748 1117 haec

138 1144 505 1209 praesumunt
540 1133 753 1198 dicere,
800 1134 1084 1206 duplicem
1123 1134 1216 1190 dei
1256 1136 1523 1191 ultionem
1555 1138 1746 1193 subire

139 1211 373 1277 debent3
454 1210 587 1280 quia
623 1209 843 1272 volente
882 1211 1067 1265 animo
1104 1210 1444 1283 Scripturam
1482 1212 1746 1284 blasphe-

140 1292 391 1348 marunt,
434 1291 489 1338 et
514 1300 707 1339 verum
736 1301 845 1340 non
867 1286 1244 1359 intelligentes
1265 1288 1384 1343 suis
1401 1288 1570 1342 malis·
1585 1287 1746 1343 adin·

138 1359 500 1416 ventionibus
538 1360 803 1432 optimam
841 1362 1342 1431 coinquinaverunt
1379 1362 1740 1435 Scripturam.

138 1435 415 1503 Quoniam
442 1436 492 1489 si
521 1435 767 1490 iustitiae
796 1443 890 1491 aut
917 1436 1040 1491 sani
1070 1437 1290 1492 consilii
1311 1435 1568 1510 spiritum
1590 1456 1744 1495 rece·

136 1512 339 1585 pisset,
382 1510 526 1566 bene
554 1518 903 1579 accusarent3
964 1512 1055 1567 sin
1085 1521 1266 1577 autem
1285 1514 1544 1585 spiritum
1562 1509 1743 1570 virtu-

136 1588 211 1643 tis
241 1585 508 1650 habebat,
550 1584 727 1657 quid?
788 1586 1066 1659 Impedire
1093 1588 1242 1643 enim
1271 1598 1558 1659 peceatum
1577 1588 1743 1645 iusti-

137 1663 249 1717 tiae
278 1669 420 1726 erat,
466 1678 575 1715 non
606 1661 849 1716 virtutis.
925 1660 1068 1727 Quia
1093 1680 1225 1719 vero
1254 1664 1422 1719 istum
1453 1682 1560 1720 non
1589 1682 1743 1719 rece-

132 1746 297 1811 perat
314 1736 577 1807 spiritum
596 1752 706 1789 una
733 1753 859 1791 cum
890 1737 1059 1793 altero
1081 1736 1378 1809 Sampson,
1422 1756 1520 1793 cur
1549 1738 1742 1791 relicto

134 1810 394 1875 homine,
435 1812 703 1865 incusatis
730 1812 953 1867 virtutis
990 1813 1280 1885 spiritum,
1322 1813 1566 1868 iustitiae
1601 1828 1742 1883 opus

134 1882 466 1959 exigentes?
520 1885 675 1939 Dicat
701 1888 847 1941 enim
877 1887 1025 1942 haud
1059 1887 1296 1942 inaniter
1323 1888 1553 1957 spiritus
1580 1902 1742 1940 accu-

133 1969 321 2024 satus,
374 1958 524 2031 quod
564 1960 819 2017 Diversae
856 1980 1050 2017 sumus
1089 1961 1298 2035 gratiae
1333 1961 1439 2015 sub
1477 1969 1744 2031 potestate

134 2036 339 2110 optimi
374 2035 603 2090 maximi
640 2044 693 2091 et
728 2036 912 2093 divisa
952 2047 1035 2093 est
1069 2037 1248 2091 omnis
1273 2032 1356 2165 ις’]
1387 2035 1519 2091 doni
1549 2044 1743 2089 natura

135 2121 307 2184 atque
345 2120 656 2166 mensurata
694 2116 875 2168 omnis
914 2114 1090 2187 gratia
1129 2113 1269 2167 bene
1311 2129 1394 2166 ca.
1471 2109 1742 2178 Quoniam

136 2186 367 2261 cuidam
396 2186 626 2258 spiritus
647 2190 952 2261 sapientiae
974 2196 1027 2242 et
1048 2186 1270 2243 cuidam
1297 2186 1560 2242 scientiae
1581 2192 1634 2241 et
1655 2186 1742 2239 in-

136 2262 506 2334 telligentiae,
551 2262 719 2327 alicui
750 2262 1094 2319 fortitudinis
1131 2280 1194 2318 ac
1220 2263 1442 2319 virtutis
1481 2270 1534 2317 et
1574 2260 1738 2315 alicui

114 2340 337 2395 'timere
365 2336 534 2393 deum
565 2338 1026 2413 committitur*).'
1207 2352 1215 2359 ·
1668 2362 1674 2367 -

240 2477 288 2525 ¹⁸)
316 2476 423 2527 Quis
448 2480 587 2518 nescit
610 2478 835 2519 Philonem
861 2480 905 2518 in
932 2482 1098 2520 eunetis
1132 2482 1224 2521 suis
1253 2480 1453 2529 operibus
1485 2479 1644 2528 passim
1679 2479 1744 2517 nti

138 2528 295 2571 iisdem
319 2530 553 2578 principiis,
582 2540 692 2578 qnae
718 2532 763 2569 in
789 2530 910 2569 Novo
938 2530 1232 2579 Testamenta,
1260 2532 1444 2571 maxime
1471 2531 1516 2569 in
1549 2528 1743 2579 epistolis

140 2578 445 2631 Apostolorum
471 2580 731 2621 occurrunt?
771 2580 866 2619 Non
892 2580 1025 2629 qnod,
1055 2586 1106 2621 ut
1129 2584 1237 2621 varii
1265 2582 1502 2629 senserunt,
1531 2590 1662 2619 unum
1688 2580 1742 2618 ab

140 2630 275 2671 altero
310 2632 530 2678 sumptum
563 2634 697 2685 esset,
742 2631 819 2669 secl
852 2632 951 2679 quia
983 2632 1134 2671 eadem
1165 2632 1391 2671 manifesta
1423 2634 1544 2671 erant
1577 2632 1742 2669 cunctis

140 2682 323 2723 versatis
347 2680 393 2719 in
419 2682 679 2729 myntologia
694 2680 869 2721 scholae
891 2682 1170 2723 eruditlorum
1186 2682 1498 2728 Hebraeorum,
1529 2692 1624 2721 cum
1643 2683 1740 2721 run-

140 2730 341 2774 amento
366 2734 535 2779 reperto
560 2733 606 2770 in
634 2730 861 2780 seripturis
881 2731 1041 2773 Sacris:
1079 2734 1190 2773 sicut
1215 2734 1285 2773 hie
1310 2733 1429 2772 locus
1456 2734 1568 2783 apud
1585 2730 1742 2772 Isaiam

140 2784 275 2823 hebet
299 2782 522 2831 originem.
574 2780 737 2822 Anoh.
