2125 3084
191 224 418 293 [11,417.]
544 230 626 276 IN
666 230 1015 278 GENEsm.
1055 231 1309 289 annuo
1354 233 1441 279 lv.
1692 229 1793 281 259

189 334 352 387 viunt
371 330 606 402 corpori,
638 330 845 384 sanitas
865 346 996 384 vero
1016 337 1069 384 et
1088 330 1266 385 virtus
1287 328 1575 403 bonusque
1594 350 1791 389 sensus

189 408 426 470 animae,
453 405 636 459 anima
657 412 839 459 autem
859 405 1051 458 menti.
1118 403 1388 469 Quoniam
1408 423 1602 460 sensus
1624 407 1791 464 huius

189 488 320 537 sunt
339 482 508 544 servi,
533 496 692 533 mens
713 486 896 533 autem
916 477 1035 532 dei:
1079 478 1228 533 unde
1247 486 1415 549 patet,
1440 479 1589 549 quod
1608 484 1791 536 omnia

187 556 292 611 deo
314 556 593 617 serviunt,
635 554 794 608 initio
815 552 980 607 ducto
998 551 1069 607 ab
1087 554 1296 623 optimo
1315 554 1375 608 in
1395 552 1557 608 nobis
1578 554 1787 619 ordine,

186 648 357 703 quem
378 646 534 685 mens
555 628 747 683 sortita
767 634 868 682 est.

345 785 442 837 Cur
476 785 615 835 dicit.-
667 782 945 848 „Serviani
981 784 1069 833 tibi
1096 786 1341 849 yeme-tw
1387 784 1494 849 (27,
1531 786 1640 846 29.)

299 906 422 960 2⁴6.
462 904 582 959 Non
603 909 687 955 est
705 902 823 956 Lex
841 901 1251 972 inaequalitatis
1272 904 1577 957 enarratrix
1591 943 1603 967 ‚
1635 906 1711 957 ita
1734 913 1793 958 ut

180 978 470 1033 universis
489 976 750 1050 gentibus
769 977 1095 1031 servitutem
1114 978 1475 1047 praenunciet
1488 1018 1500 1040 ,
1526 994 1701 1049 quum
1722 978 1793 1033 li-

179 1054 402 1107 bertate
431 1068 648 1123 quoque
675 1050 955 1122 praeditos
985 1052 1335 1105 consueverit
1354 1050 1699 1123 distinguere
1719 1053 1785 1123 (S.

183 1128 415 1188 eiicere,
439 1141 517 1179 sc.
531 1143 560 1181 a
573 1124 863 1197 libertate).
905 1124 1018 1179 Sed
1037 1125 1195 1181 novit
1212 1141 1320 1179 non
1342 1125 1601 1180 omnibus
1620 1126 1790 1198 prod-

181 1217 316 1257 esse
337 1198 541 1253 solutos
570 1199 882 1271 liberosque
911 1216 1060 1267 esse;
1118 1215 1181 1254 eo
1201 1200 1352 1254 enim
1369 1198 1531 1256 multi
1548 1201 1790 1257 abutun-

178 1288 308 1338 tur,
352 1272 422 1328 ad
450 1273 806 1329 rebellionem
833 1274 978 1331 ultro
1007 1272 1373 1339 declinanteS,
1416 1276 1789 1331 conculcando

177 1358 239 1405 et
257 1348 673 1422 pessumdando
692 1350 901 1404 iustum
922 1356 976 1403 et
995 1349 1154 1404 utile.
1232 1348 1599 1415 Quamobrem
1619 1352 1788 1423 prod-

178 1442 309 1479 esse
343 1424 530 1479 volens
561 1423 935 1487 multitudini,
976 1422 1263 1478 dominum
1282 1439 1449 1496 super
1469 1442 1561 1481 eos
1580 1428 1789 1482 consti-

179 1501 290 1554 tuit
311 1507 595 1570 tamquam
616 1497 859 1552 habenas
879 1506 1172 1563 tenentem,
1198 1500 1538 1556 intellectum
1560 1511 1621 1558 ut
1642 1502 1787 1557 frae-

174 1740 482 1796 titudinem
503 1748 559 1794 et
577 1738 998 1795 sensibilitatem
1019 1742 1077 1794 in
1101 1742 1280 1795 anima
1310 1758 1451 1795 esse.
1531 1742 1785 1795 Animam

173 1831 315 1889 ergo
337 1830 496 1867 mens
516 1815 778 1885 protegit,
802 1823 856 1868 et
876 1832 1073 1869 sensus
1094 1823 1275 1869 mente
1297 1816 1550 1884 stipatur.
1630 1814 1787 1867 Unde

155 1896 399 1961 ‚certum
419 1895 502 1941 est
522 1886 624 1942 deo
641 1890 821 1943 omnia
841 1890 1049 1943 servire
1065 1929 1077 1949 ‚
1121 1905 1246 1941 cum
1278 1888 1573 1957 praecipuo
1592 1888 1787 1941 ordine

175 1962 517 2018 inchoamus
531 2002 544 2027 ,
587 1978 750 2033 quem
771 1964 894 2035 ipsa
915 1980 1072 2018 mens
1093 1963 1281 2017 sortita
1304 1969 1405 2015 est.

461 2116 620 2176 Quare
655 2119 802 2169 dixit:
851 2118 1123 2182 „Servient
1158 2118 1245 2167 tibi
1273 2120 1518 2182 yentea“?

288 2224 410 2275 2⁴6.
453 2222 572 2277 Non
605 2229 736 2275 sunt
764 2222 958 2292 iniqua
987 2219 1130 2293 legis
1159 2221 1440 2283 instituta,
1482 2226 1545 2273 ut
1563 2220 1787 2273 omnino

171 2296 442 2369 gentibus
471 2297 797 2351 servitutem
825 2297 1209 2366 pronuntient,
1253 2311 1381 2349 cum
1408 2294 1571 2348 etiam
1602 2292 1784 2365 (mm-9.

171 2371 260 2442 eo)
293 2370 552 2425 minimos
581 2371 642 2424 in
672 2370 983 2425 libertatem
1011 2386 1207 2426 vocare
1234 2368 1541 2429 consuevit.
1621 2368 1787 2421 Novit

170 2453 361 2500 tamen
400 2462 510 2499 non
546 2444 810 2499 omnibus
849 2445 1044 2499 utilem
1084 2462 1207 2499 esse
1250 2444 1627 2505 securitatem,
1682 2459 1784 2496 nec

172 2526 472 2575 acurentur
493 2518 682 2591 (marq.
709 2519 1025 2591 alterentur)
1046 2521 1168 2575 iura
1186 2536 1285 2591 per
1304 2518 1555 2589 requiem
1574 2516 1787 2571 divari-

171 2593 432 2649 cantibus
459 2592 724 2665 gentibus
750 2592 1015 2647 adversus
1041 2612 1107 2648 ea
1124 2611 1267 2666 quae
1287 2591 1531 2662 expedit.
1613 2591 1784 2647 Cuius

171 2670 253 2723 rei
285 2668 462 2740 gratia
492 2662 759 2739 prodesse
787 2667 942 2722 vitiis
971 2668 1229 2731 mudena,
1274 2667 1559 2721 dominum
1588 2668 1669 2721 eis
1696 2668 1787 2721 in-

172 2744 384 2808 stituit,
429 2749 621 2815 utpote
643 2749 984 2815 agnatorem,
1027 2751 1091 2799 ut
1111 2742 1555 2864 mentiffiipgenio
1580 2758 1787 2815 procax
