2125 3084
531 245 887 322 rJOMINUM
930 246 1028 291 ET
1067 245 1355 292 RERUM.
1650 239 1744 292 195

144 361 473 424 Assyriorum
491 369 693 425 etymon
710 362 753 422 Ι,
779 365 859 410 57.
1030 358 1616 424 permittitinSynagogia
1625 375 1743 410 con-

145 429 492 489 Astronomia‚
516 430 578 477 ad
596 443 762 477 mores
779 429 929 477 inuti·
1030 428 1199 476 venire
1218 427 1280 475 ib.
1303 427 1670 491 provinciarum
1681 430 1745 476 ri·

216 495 281 544 lis
296 495 339 555 Ι,
362 500 477 544 589.
516 497 837 545 scientiarum
852 509 929 544 re·
1030 501 1112 543 tus
1124 494 1388 556 religiosos
1403 502 1666 542 conservat
1675 495 1744 556 H,

216 563 335 624 gina
351 563 394 623 Ι,
414 567 528 612 526.
559 560 930 612 Chaldaeorum
1033 565 1148 609 568.
1188 562 1234 610 ei
1257 561 1474 609 honores
1493 561 1646 608 divini
1664 562 1746 610 de-

216 630 471 679 inventum
489 630 531 689 Ι,
555 635 671 679 464.
1032 629 1156 677 creti
1181 641 1272 691 per
1296 634 1456 676 totum
1483 627 1654 676 orbem
1675 628 1746 687 11,

147 697 309 760 Asyla
327 698 481 753 servis
500 697 622 746 dant
644 698 847 760 linguae
872 697 931 745 li-
1035 697 1150 743 567.
1192 696 1238 744 ci
1262 694 1600 744 Alexandriae
1625 701 1747 743 tem-

217 765 461 814 bertatem
478 764 547 824 11,
566 769 683 813 468.
1030 761 1172 824 plum
1200 762 1482 810 dedicatum
1503 761 1571 821 Π,
1597 765 1708 812 568.

148 831 441 880 Atheismus
454 866 467 890 ,
541 832 765 880 omnium
816 831 931 880 fons
966 829 1278 878 Aulaeorum
1321 828 1630 878 tabernaculi
1676 830 1748 878 ‹li-

144 931 151 940 ·
218 898 463 947 scelerum
491 899 557 959 Π,
606 903 720 948 196.
756 900 931 963 impie·
1032 896 1228 946 mensio
1258 895 1328 955 11,
1365 900 1474 944 148.

216 972 377 1013 tatum
402 967 624 1014 maxima
646 967 716 1026 11,
746 972 861 1015 216.
966 964 1154 1013 Aunan
1185 964 1443 1026 spectandi
1471 964 1680 1027 cupidus
1704 964 1746 1023 Ι,

148 1031 463 1082 Athenarum
480 1033 655 1082 laudes
672 1035 741 1094 H,
762 1037 880 1084 467.
1034 1036 1151 1079 462.

148 1099 468 1148 Athletarum
486 1099 799 1163 disciplinal,
816 1106 927 1150 153.
966 1100 1131 1151 Aures
1141 1098 1421 1161 perforatae
1433 1097 1474 1160 Ι,
1496 1102 1608 1146 126.
1631 1113 1746 1147 ocu·

218 1166 573 1214 nutrimentum
590 1167 633 1227 Ι,
657 1173 736 1216 63.
766 1183 799 1217 a
822 1169 932 1232 phi·
1034 1167 1098 1214 lis
1116 1166 1358 1214 tardiores
1378 1165 1446 1226 11,
1467 1171 1548 1213 22.

218 1231 445 1295 Iosophis
464 1233 746 1296 discrepant
756 1235 799 1296 Ι,
818 1241 927 1284 101.
965 1233 1162 1296 Auriga
1178 1239 1228 1281 et
1245 1246 1481 1281 ascensor
1497 1233 1539 1292 Ι,
1562 1239 1678 1282 311.

220 1313 397 1348 eorum
434 1301 675 1362 patientia
707 1303 773 1365 Π,
813 1306 928 1351 449.
966 1303 1188 1359 Aurum,
1225 1300 1456 1348 bracteae
1485 1315 1549 1349 ex
1579 1316 1640 1350 eo
1677 1301 1748 1349 fa·

217 1371 336 1415 462.
364 1371 480 1416 468.
1036 1375 1146 1417 ctae
1168 1368 1210 1428 Ι,
1238 1371 1349 1416 179.
1393 1368 1499 1416 eius
1525 1369 1747 1432 proprie·

149 1435 373 1485 Atlantis
416 1436 583 1485 insula
624 1437 769 1500 aquis
816 1435 931 1485 sub·
1033 1442 1162 1484 tates
1181 1435 1224 1494 1,
1249 1439 1363 1484 503.
1399 1435 1632 1486 bracteae
1661 1451 1748 1485 au-

218 1515 385 1552 mersa
418 1502 486 1563 11,
526 1508 639 1553 514.
680 1508 794 1552 622.
1033 1503 1747 1565 reaevestibuspontificiisin-

139 1568 369 1626 Ἄτοπος
402 1571 445 1631 Ι,
484 1573 565 1620 97.
1033 1577 1204 1619 textae
1229 1570 1296 1630 Π,
1334 1575 1445 1618 151.
1485 1585 1662 1620 aurum
1701 1578 1750 1620 et

148 1639 409 1688 Atriorum
434 1637 608 1700 templi
637 1637 853 1686 ambitus
882 1643 935 1686 et
1032 1645 1294 1701 argentum
1331 1637 1402 1685 dii
1441 1645 1556 1686 sunt
1587 1639 1748 1687 avaris

218 1705 555 1753 dimensiones
574 1704 643 1764 11,
664 1707 780 1751 223.
1032 1704 1101 1765 ΙΙ,
1123 1711 1237 1754 215.

148 1773 470 1821 Attentorum
486 1771 663 1818 raritas
681 1770 723 1829 Ι,
748 1773 861 1819 529.
964 1769 1102 1820 Aves
1130 1771 1194 1818 ab
1218 1771 1508 1820 Abrahamo
1538 1785 1640 1820 non
1677 1773 1749 1820 di·

149 1841 382 1902 Augusta
403 1851 527 1900 gens
544 1851 709 1885 rerum
728 1837 932 1886 domina
1032 1839 1170 1886 visae
1207 1838 1250 1897 1,
1286 1841 1400 1886 505.
1441 1839 1750 1888 descendunt

215 1905 285 1966 Π,
336 1909 452 1954 553.
506 1905 663 1953 noxia
704 1919 769 1953 ex
810 1905 930 1954 orbe
1031 1906 1087 1953 in
1122 1918 1334 1967 corpora
1369 1905 1530 1953 divisa
1557 1905 1598 1965 Ι,
1632 1910 1745 1954 506.

216 1973 404 2022 amovit
436 1972 500 2021 ib.
1036 1973 1151 2021 507.

149 2040 367 2104 Augusti
393 2039 627 2090 Caesaris
660 2039 835 2089 laudes
858 2039 927 2100 11·,
965 2039 1234 2088 Aviditatis
1260 2038 1445 2088 nimiae
1471 2039 1681 2088 crimina
1702 2041 1746 2100 Ι,

219 2113 333 2158 566.
367 2112 479 2157 591.
516 2121 695 2171 pacem
719 2108 828 2156 orbi
847 2108 930 2156 de·
1036 2110 1150 2154 119.

218 2175 499 2235 ditII‚567.
520 2171 930 2230 ἀλεξικάκουωθ-
964 2173 1145 2238 Azymi
1193 2173 1511 2223 subcinericii
1547 2173 1590 2234 Ι,
1633 2175 1742 2223 174.

215 2242 315 2292 ruit
341 2255 622 2306 cognomen
644 2241 707 2290 ib.
741 2243 929 2291 domini
1030 2255 1189 2304 panes
1223 2241 1268 2300 Ι,
1305 2246 1418 2290 543.

217 2323 258 2358 s.
280 2309 359 2356 dei
380 2323 564 2358 nomen
586 2317 842 2358 aversatur
858 2307 926 2371 11,
964 2309 1269 2372 Azymorum
1285 2309 1470 2358 festum
1494 2323 1583 2357 cur
1608 2309 1748 2357 insti-

219 2381 331 2424 568.
356 2377 409 2424 in
432 2375 673 2438 templum
692 2377 930 2426 Hieroso·
1030 2383 1194 2425 tutum
1210 2375 1279 2434 11,
1302 2380 1417 2425 293.
1445 2391 1536 2440 per
1554 2385 1746 2438 septem

216 2443 509 2507 lymitanum
554 2443 820 2493 munificus
857 2444 927 2504 ΙΙ,
1030 2445 1138 2492 dies
1168 2443 1472 2492 celebratum
1496 2443 1560 2492 ib.
1595 2445 1744 2506 idqu'e

219 2515 332 2559 588.
370 2511 616 2574 primitias
654 2512 718 2561 ad
756 2511 929 2560 urbem
1028 2525 1183 2562 verno
1203 2517 1428 2575 tempore
1446 2510 1510 2560 ib.

216 2585 440 2627 sanctam
464 2577 672 2641 perferri
698 2578 837 2627 iubet
857 2577 926 2638 11,
1321 2577 1385 2627 Β.

217 2650 330 2694 591.
353 2660 419 2694 ex
438 2645 717 2709 sumptibus
734 2646 836 2695 suis
851 2659 929 2694 sa·
960 2643 1193 2710 Babylon
1223 2645 1526 2711 transpositio
1553 2643 1596 2706 Ι,
1624 2647 1742 2695 272.

214 2713 455 2762 orificium
489 2714 605 2778 iuge
637 2713 803 2763 offerri
842 2727 928 2762 cu·
1030 2728 1061 2761 a
1077 2713 1278 2764 Iudaeis
1295 2715 1520 2766 habitata
1534 2713 1602 2774 Π,
1627 2717 1742 2763 578.

214 2788 291 2832 rat
316 2780 384 2844 11,
414 2785 527 2832 592.
568 2782 769 2835 Iudaeis
806 2781 927 2833 solis
1030 2784 1145 2832 587.

158 2873 165 2881 ·
1233 2849 1282 2902 N
1302 2852 1332 2900 2
