2125 3084
579 223 934 268 NOMINUM
980 224 1078 269 ET
1114 224 1398 271 RERUM.
1682 224 1781 277 209

253 340 458 387 domum
482 352 642 402 nuper
664 340 867 399 struxit,
905 356 969 388 ne
1072 349 1219 403 typus
1245 341 1289 399 Ι,
1322 345 1402 389 56.
1435 340 1781 394 delectationem
1850 374 1857 382 -

253 414 335 455 eat
368 406 431 453 ad
466 407 713 469 proelium
745 407 814 467 Π,
853 412 966 455 380.
1071 408 1261 455 indicat
1276 407 1338 454 ib.

253 474 429 521 domus
465 486 530 521 ex
567 480 681 521 voto
726 475 968 522 redimen-
1001 474 1195 535 Edom,
1234 483 1441 521 terrenus
1457 475 1500 534 Ι,
1523 480 1637 524 294.
1665 482 1778 527 295.

251 540 346 588 dae
375 541 593 602 pretium
617 540 686 599 Π,
717 542 832 591 270.
1070 542 1203 588 viam
1230 542 1422 589 virtutis
1450 542 1711 606 intersepit
1738 546 1780 605 1,

183 609 338 656 Dona
367 608 543 655 dantes
581 622 643 656 ea
675 608 824 671 vulgo
851 622 966 656 ven·
1070 612 1185 656 290.

252 676 377 722 dunt
394 674 436 733 Ι,
468 679 580 723 161.
1000 674 1267 723 Edomitae
1292 674 1550 723 Hebraeos
1581 690 1613 723 a
1640 679 1781 725 terris

183 739 340 796 Δὸσις
359 748 410 789 et
427 739 686 806 δώρημαῙ,
704 742 815 789 154.
830 742 966 807 δῶρα
1070 742 1172 791 suis
1190 749 1361 790 arcent
1375 742 1443 801 Π,
1470 746 1580 791 119.

251 816 301 857 et
331 806 539 872 δόματα
565 808 607 869 Ῑ,
641 813 752 856 126.
999 808 1329 857 Educationis
1354 823 1539 872 pravae
1560 810 1696 859 mala
1710 811 1778 871 Π,

181 876 407 925 Dothain
443 876 582 923 cuius
617 876 690 924 rei
727 875 886 938 figura
920 874 962 936 1,
1068 880 1184 925 405.

253 947 366 991 196.
391 946 505 990 565.
999 942 1211 991 Eleazar
1256 950 1306 991 et
1348 942 1569 991 Ithamar
1614 956 1780 991 rernm

181 1008 462 1069 Drachma,
487 1010 605 1072 quid
623 1008 904 1059 subindicat
920 1009 962 1069 Ι,
1066 1010 1369 1059 naturalium
1381 1009 1721 1071 exploratores
1734 1011 1776 1069 I,

181 1145 474 1193 Draconum
489 1142 775 1193 Indicorum
793 1144 966 1193 confli-
999 1144 1261 1192 Elementa
1275 1180 1288 1203 ,
1310 1145 1487 1207 stirpes
1501 1156 1533 1190 a
1547 1143 1644 1191 deo
1662 1157 1780 1191 con-

249 1218 360 1258 ctus
387 1224 502 1258 cum
529 1212 872 1275 elephantibus
893 1212 960 1271 Π,
1068 1212 1192 1260 sitae
1226 1211 1269 1271 Ι,
1307 1217 1421 1259 330.
1458 1212 1512 1259 in
1538 1218 1781 1273 quantum

253 1278 366 1325 512.
788 1333 794 1343 ,
1061 1278 1262 1339 nota·I‚
1284 1284 1398 1327 606.
1424 1282 1537 1326 622.
1584 1278 1781 1341 integra

183 1345 410 1393 Drusilla
427 1345 495 1405 11,
519 1349 632 1393 525.
1063 1347 1117 1394 in
1158 1348 1343 1394 mundo
1388 1345 1648 1394 condendo
1694 1346 1779 1393 ab·

180 1412 443 1461 Dubitatio
470 1415 755 1462 necessaria
772 1413 815 1474 Ι,
842 1418 956 1462 386.
1063 1420 1261 1477 sumpta
1284 1414 1326 1473 Ι,
1356 1418 1471 1461 330.
1508 1426 1680 1461 eorum
1715 1412 1779 1461 si·

179 1480 532 1529 Duodenarius
605 1496 839 1531 numerus
915 1482 958 1541 Ι,
1061 1490 1142 1530 tus
1168 1489 1218 1530 et
1248 1482 1370 1530 ordo
1398 1480 1466 1540 Π,
1505 1484 1618 1528 498.
1658 1484 1775 1528 499.

249 1550 360 1597 573.
1066 1554 1179 1597 509.
1226 1554 1339 1597 603.
1395 1553 1511 1597 612.
1566 1562 1776 1596 numero

189 1648 198 1654 .
535 1616 595 1662 E.
1063 1624 1277 1678 quatuor
1299 1617 1367 1676 11,
1392 1620 1505 1665 508.
1538 1620 1654 1664 509.
1694 1630 1777 1664 eo-

180 1682 440 1741 Ebrieta3‚
479 1696 600 1729 num
633 1683 779 1729 cadat
804 1682 857 1728 in
886 1696 962 1729 sa-
1061 1698 1174 1731 rum
1199 1689 1645 1745 temperamentum
1674 1683 1777 1729 sive

247 1748 468 1809 pientem
484 1748 527 1806 1,
549 1752 664 1793 350.
699 1747 803 1795 eius
821 1748 963 1808 plan·
1067 1750 1302 1812 ῐσονομία
1322 1750 1385 1795 ib.
1411 1749 1622 1795 mutatio
1647 1748 1779 1794 inter

245 1822 299 1861 ta
342 1812 406 1860 ib.
457 1814 751 1859 delictorum
803 1820 964 1859 extre-
1068 1829 1123 1862 se
1150 1815 1217 1873 ΙΙ,
1248 1819 1360 1861 515.
1390 1828 1563 1861 eorum
1589 1815 1671 1859 via
1697 1828 1778 1859 ac-

246 1894 386 1928 mum
420 1879 461 1940 Ι,
502 1884 617 1926 359.
657 1883 772 1925 361.
813 1890 964 1939 quam
1068 1881 1206 1928 clivis
1234 1887 1283 1926 et
1310 1879 1513 1927 declivis
1554 1878 1622 1938 11,
1660 1883 1772 1927 509.

245 1947 529 2010 perniciosa
561 1946 606 2006 Ι,
654 1948 768 1993 350.
809 1944 965 1993 sobri·
1063 1958 1201 1994 mors
1245 1960 1491 2009 quaenam
1538 1945 1603 1993 ib.
1663 1960 1777 2008 pro—

249 2028 393 2063 orum
417 2014 461 2073 1,
500 2018 576 2061 16.
612 2016 724 2060 380.
756 2016 869 2061 558.
892 2012 961 2071 Π,
1065 2012 1299 2075 prietates
1326 2013 1547 2061 diversae
1567 2012 1638 2072 11,
1661 2016 1775 2061 510.

249 2082 364 2129 447.
395 2084 510 2129 485.
541 2079 728 2143 duplex
753 2079 820 2141 11,
850 2083 958 2127 159.
1065 2093 1156 2143 pro
1186 2078 1280 2125 diis
1302 2078 1472 2127 habita
1498 2087 1547 2129 et
1572 2080 1778 2128 deorum

177 2148 321 2199 Ebrii
338 2149 453 2196 vino
477 2148 767 2210 prudentiae
788 2161 962 2208 exper-
1066 2146 1349 2194 nominibus
1404 2148 1656 2209 appellata
1705 2148 1774 2206 Π,

247 2224 323 2263 tes
348 2214 390 2275 Ι,
423 2220 538 2263 380.
571 2228 745 2263 eorum
785 2214 890 2262 sitis
917 2213 958 2272 Ι,
1065 2216 1180 2262 472.
1223 2226 1289 2260 ex
1322 2228 1375 2262 se
1410 2215 1533 2277 ipsis
1569 2216 1779 2262 materia

249 2287 364 2330 391.
419 2282 618 2331 habitus
682 2282 859 2330 foedus
915 2281 958 2340 1,
1061 2280 1297 2328 inanimis
1316 2280 1381 2329 ib.
1401 2295 1591 2343 poenas
1608 2282 1775 2343 impiis

248 2350 364 2397 377.
401 2349 471 2408 Π,
513 2351 630 2397 478.
677 2357 784 2396 tum
829 2347 958 2408 aliis,
1061 2348 1346 2396 ministrant
1386 2348 1456 2409 Π,
1507 2352 1619 2399 178.
1678 2350 1776 2397 ele-

245 2424 354 2464 tum
373 2416 467 2463 sibi
481 2416 651 2464 infesti
669 2414 738 2475 11,
757 2416 874 2463 478.
1063 2422 1286 2463 mentum
1321 2416 1547 2477 quintum
1576 2416 1618 2476 Ι,
1660 2420 1773 2465 623.

177 2484 459 2546 Eclipsium
477 2498 598 2531 usus
624 2484 694 2543 Π,
717 2488 830 2531 643.
994 2482 1214 2545 Elephas
1252 2496 1283 2529 a
1326 2482 1623 2533 draconibus
1664 2500 1774 2534 san·

177 2551 404 2602 Ecstasis
441 2551 578 2597 varia
605 2549 648 2609 Ι,
685 2555 798 2599 508.
840 2550 960 2598 divi·
1059 2551 1213 2613 guine
1260 2558 1496 2599 exsuctus
1540 2554 1670 2615 perit
1702 2554 1771 2613 Π,

247 2634 315 2667 na
334 2626 384 2667 et
399 2618 690 2681 prophetica
711 2618 889 2678 Ι,·689.
1061 2623 1178 2667 512.

177 2688 350 2747 Eden,
388 2686 610 2749 paradisi
635 2686 778 2734 loeus
805 2685 847 2747 Ι,
877 2691 956 2734 52.
993 2686 1189 2734 Eliezer
1205 2685 1247 2743 Ι,
1260 2690 1384 2734 481.

248 2758 364 2802 335.
429 2754 625 2801 divinae
686 2754 958 2819 sapientiae
991 2752 1201 2819 Eliphas
1219 2752 1263 2815 Ι,
1287 2758 1401 2804 527.

251 2820 476 2871 Pinno
515 2820 592 2872 vl
598 2822 662 2871 11.
1320 2823 1367 2873 Ο
