2125 3084
400 191 493 245 426
573 260 586 272 ·
632 193 831 239 PHIL.
873 192 1024 239 IUD.
1069 192 1396 250 QUAEST.
1437 192 1536 237 ET
1576 192 1743 239 801„
1775 188 2035 258 [11,310.]

394 295 599 350 tentiae
625 302 678 349 et
702 293 986 349 detentum
1008 293 1077 347 ab
1098 294 1370 357 externis,
1415 310 1448 346 a
1475 294 1637 358 vinc,
1680 292 1940 364 dapibus
1975 307 2039 352 et

395 370 539 424 cibis
568 370 909 439 caeterisque
940 368 1135 431 rebuS,
1178 383 1322 438 quae
1348 375 1632 438 tamquam
1662 368 1730 422 ab
1763 385 1904 441 agro
1953 390 2038 427 ex

396 444 741 499 fertilissima
760 451 903 498 terra
921 443 1253 514 germinant.
1320 440 1552 507 Quando
1573 460 1704 498 vero
1725 460 1891 497 mens
1912 463 2037 517 po-

395 520 531 573 titur
550 534 802 589 corpore,
846 518 993 589 cogit
1015 516 1161 570 illud
1191 519 1302 570 iam
1331 518 1589 571 servituti
1619 517 1878 572 deditum
1895 561 1910 583 ,
1965 532 2037 577 ut

398 594 663 664 deinceps
692 592 958 663 subiuget
986 591 1286 656 exteriora,
1327 599 1382 645 et
1411 609 1520 646 non
1552 593 1712 647 cadat
1739 592 1850 647 sub
1884 594 2038 651 illo-

397 686 522 723 rum
542 674 807 740 potestate
821 690 847 730 f
874 665 972 720 sed
994 683 1066 720 ex
1085 664 1316 721 adverso
1333 667 1612 723 contineat
1631 667 1726 723 illa
1751 676 1804 723 et
1825 668 2036 725 domi-

398 752 559 799 netur
576 745 659 798 eis
674 783 686 807 ‚
719 740 871 797 haud
892 758 1081 797 eorum
1100 756 1228 812 pars
1251 740 1411 796 facta.

440 900 601 958 Quare
635 936 669 963 „
686 910 853 950 contra
879 900 1066 965 faciem
1102 898 1328 949 Mambre
1343 901 1377 929 “
1423 900 1494 949 ait
1537 916 1635 949 esse
1677 901 1990 965 sepulcrum?

498 968 577 1018 vel
615 984 764 1031 quare
791 968 982 1017 adiicit.-
1035 966 1219 1031 „Haec
1243 976 1312 1017 est
1343 966 1633 1029 Chebron“?
1661 972 1767 1032 (23,
1797 972 1906 1030 19.)

513 1073 598 1125 83.
663 1069 847 1136 Quum
901 1070 1132 1125 Chebron
1177 1071 1566 1140 interpretetur
1613 1071 2024 1129 coniunctio

398 1145 520 1200 sive
566 1146 861 1200 societas
907 1146 1293 1207 mulierum,
1364 1142 1572 1199 directe
1611 1144 1823 1199 dictum
1871 1145 2016 1217 fuit3

400 1236 527 1274 eece
548 1220 725 1283 enim,
760 1220 1004 1290 exempli
1025 1221 1231 1291 gratia,
1264 1232 1502 1291 quorum
1522 1219 1735 1291 duplex
1763 1228 1848 1275 est
1879 1238 2023 1292 spe-

402 1293 591 1356 lunca,
636 1302 869 1364 possunt
894 1302 1218 1348 connectere
1249 1311 1313 1347 ac
1341 1302 1594 1365 coaptare
1613 1294 1934 1349 societatem
1959 1306 2023 1353 et

400 1365 755 1421 dilectionem
794 1368 1095 1439 genuinam
1133 1376 1298 1438 atque
1337 1368 1502 1423 fidele
1539 1368 1772 1424 reddere
1807 1386 2022 1442 corpus

402 1456 529 1493 cum
551 1441 733 1494 anima
748 1481 760 1504 ‚
786 1458 897 1495 uno
915 1442 1247 1513 principem,
1273 1444 1442 1498 altera
1463 1444 1756 1499 satellitem
1776 1461 2023 1515 persua-

401 1513 564 1568 dente
581 1554 593 1577 ,
638 1514 911 1585 quicquid
931 1516 1123 1588 regina
1143 1517 1360 1573 iussum
1381 1518 1623 1582 dederit,
1669 1526 1722 1573 et
1742 1519 2022 1576 imitatio-

399 1604 527 1641 nem
549 1605 681 1643 suae
700 1590 977 1661 potentiae
996 1591 1282 1656 exhibeat,
1317 1600 1379 1648 ut
1397 1594 1611 1664 possint
1630 1594 1794 1663 potiri
1825 1602 2020 1649 exter-

399 1679 596 1718 norum
616 1672 671 1719 et
692 1663 995 1739 subiugare
1014 1667 1324 1721 sensibilia.

404 1804 477 1870 [Ἴ
528 1803 689 1863 Quare
732 1808 880 1858 dixit:
948 1808 1130 1872 „Erat
1170 1817 1323 1857 autem
1365 1806 1615 1857 Abraham
1637 1824 1799 1857 ·sene.‘c
1835 1824 2013 1871 prove-

534 1884 657 1938 ctus,
732 1886 778 1925 et
838 1876 1051 1926 dominu-s
1115 1874 1350 1925 benedixit
1407 1874 1686 1924 Abrahamo
1755 1875 2011 1925 secundum

535 1944 773 1992 omnia“?
810 1943 916 2008 (24,
951 1946 1023 2004 1.)

514 2043 599 2093 84.
659 2042 816 2096 Haud
852 2043 1074 2098 videtur
1113 2052 1344 2099 aetatem
1371 2042 1716 2115 temporibus
1748 2052 2012 2097 constan-

400 2122 512 2166 tem
552 2130 821 2178 asserere,
866 2133 995 2171 nam
1031 2117 1304 2173 haesitare
1343 2118 1472 2190 quis
1512 2124 1693 2189 potest
1732 2118 2012 2172 seniorem

400 2202 527 2239 eum
568 2185 779 2251 dicere,
830 2192 929 2259 qui
966 2194 1162 2261 paucis
1201 2192 1546 2263 temporibus
1582 2200 1806 2261 superat
1836 2209 2012 2247 annos

400 2259 521 2313 eius
551 2258 916 2334 (anteriores):
980 2264 1080 2318 sed
1112 2265 1182 2319 ad
1211 2268 1436 2322 virtutis
1465 2266 1880 2321 distinctionem
1920 2284 2013 2321 re-

400 2333 573 2389 fertur
594 2336 641 2390 is
657 2376 669 2399 ,
714 2337 812 2407 qui
834 2336 1069 2407 gradum
1090 2340 1324 2394 senioris
1345 2340 1720 2409 honoremque
1739 2350 2008 2395 meretur.
2097 2384 2099 2391 .

397 2407 575 2474 Quare
615 2410 965 2481 superaddit,
1008 2412 1228 2467 dicens:
1311 2420 1486 2469 senior
1519 2424 1822 2483 provectus,
1871 2424 2010 2486 puta
2097 2460 2099 2483 2

396 2483 689 2553 probitatis
722 2493 1040 2557 augmentO,
1084 2488 1244 2540 cuius
1276 2504 1540 2543 cacumen
1569 2489 1752 2542 cultus
1775 2488 2010 2557 divinus

398 2554 513 2624 (aut
540 2558 763 2630 pietas),
808 2560 928 2613 sive
958 2576 1091 2612 sana
1121 2576 1277 2614 mens
1307 2560 1462 2625 talis,
1505 2578 1650 2632 quae
1690 2571 1774 2616 est
1811 2563 2011 2634 regula
2098 2592 2099 2601 =

398 2629 648 2754 οέῃῃίῗῐι
666 2633 814 2687 vitae
833 2633 1076 2703 partium
1097 2632 1407 2689 secundum
1427 2636 1814 2707 cogitationeS‚
1840 2653 2014 2707 opera
2097 2662 2099 2715 ς

399 2714 429 2751 e
475 2716 569 2757 ver
610 2718 659 2756 a.
