2125 3084
383 172 477 225 144
524 175 717 221 PH1L.
757 172 900 227 1151).
942 172 1265 229 QUAEST.
1303 173 1402 217 ET
1442 171 1594 215 SOL.
1635 166 1971 233 [11,329.330.]

378 275 485 347 (vel
527 275 741 327 animae
778 271 1130 344 anxietatem)
1157 288 1420 326 censuere
1435 312 1447 334 ,
1489 270 1638 341 quod
1679 272 1735 325 in
1775 280 1978 327 natura

377 352 487 403 sint
508 365 569 403 ea
590 356 827 411 tantum,
860 362 1002 418 quae
1022 347 1136 418 ipsi
1155 345 1260 400 soli
1280 353 1566 400 noverunt.
1632 346 1814 399 Bonus
1841 362 1977 402 vero

376 424 707 477 contrarium
725 423 917 485 sentit,
948 422 1149 484 eciem,
1177 419 1328 490 quod
1348 436 1542 491 parum
1561 419 1650 473 vel
1673 419 1812 473 nihil
1843 422 1972 485 scit,

375 498 613 551 maxime
634 504 853 582 propter
876 493 949 569 [³¹⁶]
974 503 1198 549 naturae
1219 494 1685 567 magnitudinem,
1707 509 1854 563 quae
1874 512 1978 548 su-

376 580 529 642 perat
548 572 983 642 experimentum
1004 567 1073 638 (s.
1095 585 1314 623 omnem
1335 566 1730 638 altitudinem):
1771 584 1980 638 quam—

374 646 564 700 obrem
592 662 662 699 ex
688 644 905 699 divino
896 642 1110 698 didicit
1139 644 1387 713 accipere
1409 641 1554 697 fonte
1577 658 1802 712 aquam,
1837 659 1900 695 ac
1921 645 1976 696 si

376 720 515 774 nihil
537 720 756 790 proprie
774 736 805 772 a
826 736 885 772 se
904 718 1127 780 habeat,
1159 718 1259 770 sed
1287 726 1458 773 totum
1484 716 1752 791 receperit
1771 732 1843 770 ex
1861 733 1978 785 pu-

377 812 432 847 ra
454 803 508 847 et
527 793 855 849 inexhausta
872 791 1142 863 sapientia
1164 791 1276 845 dei.

382 931 541 988 Quare
590 931 807 995 deinceps
856 948 947 980 non
1000 931 1200 994 amplius
1235 948 1382 994 puer
1427 934 1496 994 (s.
1541 930 1729 993 servus)
1775 929 1964 989 dicitur,

506 998 594 1045 sed
619 1000 813 1047 homo?
869 999 938 1046 ait
966 999 1110 1058 enim,
1151 998 1281 1059 quod
1310 996 1512 1059 „Homo
1549 998 1822 1045 examinans
1857 1013 1968 1044 con·

506 1064 807 1127 siderabat*)
846 1081 972 1124 eam,
1028 1074 1075 1113 et
1117 1065 1328 1125 tacebat,
1386 1064 1456 1113 ad
1489 1063 1878 1127 eoqnoscendnm‚
1924 1064 1973 1111 si

502 1132 867 1195 prosperitatem
886 1130 1144 1179 exhibuerit
1161 1130 1254 1179 sibi
1269 1128 1478 1180 dominus
1497 1130 1694 1179 deus“?
1725 1132 1828 1190 (24,
1853 1136 1936 1177 21.
1943 1133 1964 1190 )

488 1236 601 1285 ⁴08.
642 1232 910 1296 Quoniam
932 1231 1067 1285 dum
1088 1230 1447 1301 praeparabat
1466 1248 1524 1285 se
1547 1231 1614 1285 ad
1636 1230 1964 1285 discendum

373 1306 707 1374 initiumque
736 1304 970 1358 faciebat
999 1303 1304 1369 doctrinae,
1349 1306 1406 1359 in
1442 1322 1667 1360 numero
1698 1306 1964 1359 iuvenum

373 1378 926 1447 imperfectorumque
954 1378 1306 1446 censebatur3
1351 1397 1524 1450 quum
1552 1397 1681 1435 vero
1705 1396 1967 1465 progres—

373 1468 469 1504 sus
493 1460 574 1505 est
594 1449 796 1513 factuS,
819 1452 981 1505 homo
1002 1460 1085 1505 est
1105 1421 1387 1523 reputa’tus
1406 1453 1711 1517 rationaliS,
1734 1456 1832 1526 qui
1853 1456 1965 1508 iam
2017 1476 2024 1480 ·

374 1542 593 1595 compos
615 1526 687 1578 sit
706 1541 971 1596 usurpare
992 1527 1156 1581 etiam
1177 1528 1409 1582 verbum
1429 1530 1858 1599 pronuntiatum.
1913 1530 1964 1583 Is

374 1616 502 1671 ergo
531 1598 821 1670 proficiens
856 1602 1136 1672 exemplar
1171 1610 1254 1657 est
1281 1619 1522 1667 morum,
1564 1612 1842 1673 tamquam
1874 1603 1967 1674 pi-

374 1683 582 1730 cturam
600 1674 1028 1763 pulcherrimam
1049 1676 1247 1731 videns
1268 1677 1694 1749 intelligensque
1713 1685 1966 1731 naturam

372 1750 621 1823 magistri
652 1752 953 1821 sapientiae
982 1752 1319 1824 ingeniosae.
1399 1752 1616 1806 Tacitus
1651 1760 1831 1805 autem
1852 1760 1967 1805 sta-

370 1825 465 1879 bat
492 1826 726 1880 multum
755 1826 955 1881 cedens
987 1826 1233 1897 loquenti
1260 1827 1319 1879 in
1345 1843 1404 1879 se
1425 1827 1545 1881 sine
1564 1844 1655 1881 ore
1677 1834 1729 1879 et
1749 1826 1960 1897 lingua,

373 1900 751 1954 instrumentis
773 1918 835 1955 ac
856 1900 1116 1965 vocibuS,
1154 1900 1323 1956 verbo
1341 1899 1559 1963 divino,
1601 1899 1964 1971 intelligendo

373 1982 534 2042 atque
554 1975 970 2045 contemplando
988 1976 1170 2039 illam,
1214 1991 1355 2045 quae
1375 1976 1434 2028 in
1454 1975 1714 2029 virtutem
1733 1991 1966 2045 prospe-

372 2046 697 2114 ritatemque
726 2047 906 2110 ducit,
956 2050 1131 2105 viam·
1179 2057 1368 2103 utrum
1393 2048 1653 2103 videlicet
1678 2050 1966 2134 perveniat

372 2116 441 2169 ad
461 2116 617 2169 eam‘?
664 2118 799 2172 alias
820 2137 946 2174 vera
968 2124 1301 2209 prosperitas
1322 2124 1381 2177 in
1408 2123 1560 2177 nullo
1589 2124 1843 2177 consistit
1872 2140 1966 2176 eo-

373 2205 514 2253 rum,
529 2206 670 2260 quae
691 2192 748 2244 in
770 2196 1013 2248 materiis
1034 2204 1180 2261 sunt,
1205 2198 1324 2253 sive
1339 2198 1574 2269 privata,
1595 2198 1714 2252 sive
1734 2197 1966 2269 publica

374 2272 466 2317 aut
486 2264 656 2336 regia.

373 2379 447 2442 [Ἴ
482 2378 599 2440 Cur,
630 2389 884 2442 postquam
919 2394 1158 2434 cessarunt
1185 2402 1342 2435 omnes
1367 2387 1536 2435 cameli
1559 2387 1786 2448 bibentes,
1827 2388 1966 2437 homo

436 2445 627 2495 inaures
645 2463 817 2497 aureas
836 2450 1136 2513 armillasque
1145 2455 1432 2515 praestabat
1447 2454 1650 2517 virqini?
1669 2460 1772 2513 (24,
1785 2460 1869 2503 22.
1876 2458 1896 2514 )

488 2550 601 2599 ⁴09.
658 2547 829 2602 Valde
860 2556 941 2603 est
970 2552 1242 2605 naturale:
1294 2554 1393 2623 qui
1423 2555 1571 2607 enim
1591 2553 1854 2607 discit—
1875 2554 1970 2609 di-

470 2682 512 2726 *)
538 2682 602 2721 Ad
622 2686 820 2726 verbum:
842 2688 1039 2733 discebat,
1060 2689 1268 2729 accedens
1285 2692 1339 2729 ad
1358 2690 1430 2730 Gr.
1449 2690 1773 2741 κατεμάνθανεν.
1799 2693 1968 2735 Auen.

2073 923 2084 952 l
