2125 3084
340 154 433 207 194
681 160 925 241 ῙΝΡΕΧ
968 158 1493 206 ΠΑΝῦΕῩΑΝῙΪδ
1529 160 1569 203 1.

332 276 485 336 Area,
506 276 649 325 euius
667 283 745 325 est
758 276 919 338 figura
932 276 977 335 Ι,
994 280 1107 325 184.
1207 276 1302 323 bus
1317 276 1449 339 viget
1469 276 1694 323 maxime
1712 274 1789 337 11,
1809 284 1940 327 402.

330 342 536 411 Ἀρετῆς
556 350 757 407 etymon
772 343 815 402 Ι,
838 346 951 393 507.
1207 348 1324 391 403.
1365 350 1506 405 grato
1545 343 1718 391 animo
1755 346 1940 394 adver-

326 410 539 479 Ἄρεως,
572 411 777 470 Martis,
813 416 1013 473 etymon
1036 408 1107 469 11,
1207 410 1343 458 saria
1379 409 1448 469 Π,
1485 414 1603 457 403.
1659 410 1774 459 eius
1811 413 1938 461 deli-

404 484 519 529 561.
1207 483 1346 525 etum
1388 490 1538 539 grave
1581 476 1653 535 11,
1693 482 1817 528 404.
1877 481 1938 527 de

334 547 612 611 Argentum
646 551 699 594 et
732 557 909 593 aurum
948 550 1110 593 terrae
1209 544 1321 592 aliis
1359 544 1479 605 quid
1516 544 1670 592 sentit
1709 544 1782 604 II,
1811 552 1932 595 405.

403 614 547 678 quasi
562 612 723 662 moles
739 612 808 672 Π,
832 615 946 659 636.
978 611 1110 660 Vide
1209 612 1405 659 animae
1424 610 1710 673 insipientis
1724 620 1850 662 nota
1861 614 1933 672 11,

402 682 555 731 etiam
570 680 781 728 Aurum.
1209 682 1324 725 363.

334 750 473 813 Argo
509 748 649 797 navis
682 744 923 795 libertatis
960 759 1111 793 sensu
1143 744 1436 807 Arrogantis
1475 744 1680 793 habitus
1707 746 1781 806 11,
1809 752 1926 795 404.

400 816 581 866 fruitur
600 813 673 873 11,
703 817 819 861 468.
1143 812 1269 871 Ars,
1291 811 1410 874 quid
1431 812 1496 859 sit
1520 812 1564 871 1,
1589 817 1706 860 539.
1748 815 1858 862 eius
1881 822 1927 862 et

336 884 657 946 Argonautae
676 894 873 929 servum
899 894 1001 927 non
1024 880 1111 927 ad-
1211 879 1448 927 scientiae
1457 879 1796 939 differentiaI,
1813 886 1920 929 540.

400 951 602 999 mittunt
615 949 669 997 in
687 962 864 996 navem
880 946 945 1009 11,
970 948 1086 995 467.
1211 952 1415 994 naturae
1447 946 1678 1007 perfec-ta
1714 948 1922 996 imitatio

334 1018 513 1076 Aries,
554 1016 694 1065 cuius
728 1015 801 1063 rei
838 1015 1035 1077 sig-num
1065 1013 1108 1073 Ι,
1205 1013 1251 1073 Ι,
1281 1017 1398 1061 370.
1439 1012 1576 1061 haud
1603 1013 1756 1063 facile
1785 1029 1922 1076 supe·

401 1088 519 1133 490.
557 1083 769 1131 haerens
804 1082 859 1129 in
890 1081 1110 1131 sentibus
1209 1079 1379 1127 rabilis
1409 1080 1451 1139 I,
1483 1085 1600 1127 621.
1650 1082 1920 1130 theoretica

402 1152 446 1211 Ι,
486 1155 599 1199 565.
640 1148 1027 1199 consecrationis
1065 1147 1108 1207 Ι,
1211 1154 1262 1196 et
1275 1147 1496 1209 practica
1511 1146 1555 1206 Ι,
1581 1151 1664 1195 54.

408 1222 516 1265 113.
1143 1214 1319 1273 ArteS,
1374 1228 1532 1276 nuper
1576 1214 1815 1265 inventae
1855 1215 1918 1274 11,

334 1285 531 1335 Arietes
560 1290 610 1332 et
634 1284 759 1332 hirei
788 1284 906 1345 quid
926 1282 1111 1347 signifi-
1212 1286 1326 1329 512.
1357 1286 1470 1329 515.
1511 1282 1712 1331 diluviis
1751 1290 1803 1332 et
1839 1297 1920 1331 ex·

400 1358 517 1399 cant
537 1351 580 1409 I,
603 1355 719 1398 650.
1209 1348 1490 1397 ustionibus
1525 1349 1810 1398 exstinctae
1853 1350 1918 1409 Π,

333 1416 616 1467 Aristotelis
665 1417 727 1465 de
772 1417 958 1465 mundo
1000 1430 1112 1466 sen·
1211 1420 1324 1463 516.
1357 1420 1470 1463 623.
1506 1422 1687 1477 postea
1715 1432 1922 1465 renova-

400 1483 557 1533 tentia
598 1483 668 1542 Π,
716 1487 831 1531 489.
878 1488 993 1532 689.
1048 1485 1110 1533 de
1208 1489 1288 1531 tae
1324 1482 1391 1541 Π,
1433 1486 1546 1530 516.
1591 1488 1702 1531 624.
1747 1498 1958 1543 earum,

398 1550 609 1599 Platone
656 1549 999 1598 testimonium
1040 1551 1108 1610 Π,
1207 1556 1404 1598 textura
1437 1550 1482 1608 I,
1523 1554 1633 1597 652.

396 1622 515 1667 490.
547 1620 661 1664 610.
694 1616 799 1665 eius
836 1616 1011 1665 laudes
1040 1618 1107 1666 ib.
1141 1618 1388 1675 Ascalon,
1425 1617 1599 1665 civitas
1635 1614 1807 1679 Syriae
1843 1616 1918 1677 11,

332 1685 602 1743 Armenta,
632 1697 873 1733 sensuum
888 1683 1048 1747 figura
1065 1686 1107 1745 Ι,
1209 1688 1322 1735 646.
1362 1684 1468 1732 eius
1499 1683 1692 1732 incolae
1729 1684 1921 1733 colum-

406 1758 516 1803 183.
554 1758 746 1801 rectore
778 1751 1015 1801 destituta
1040 1753 1110 1801 ef·
1207 1752 1297 1799 bas
1323 1766 1427 1799 non
1451 1758 1634 1799 necant
1659 1750 1724 1799 ib.

398 1822 621 1871 ferantur
652 1820 715 1867 ib.
1141 1819 1438 1867 Ascetarum
1453 1819 1554 1867 vita
1575 1818 1860 1881 inaequalis
1878 1818 1916 1878 I,

331 1889 569 1948 Armilla,
612 1887 853 1937 sermonis
878 1901 993 1935 cum
1008 1886 1110 1935 vita
1209 1890 1322 1933 643.

400 1955 649 2005 connexio
666 1954 709 2014 1,
735 1958 847 2003 568.
871 1958 984 2003 598.
1141 1953 1271 2001 Aser
1301 1953 1344 2013 Ι,
1376 1958 1487 2001 663.

329 2024 507 2072 Arnon
524 2022 566 2082 I,
588 2027 697 2070 133.
1141 2022 1328 2068 Asinus
1341 2020 1631 2079 ,irrationale
1650 2021 1786 2070 vitae
1809 2036 1917 2083 pro—

330 2090 656 2153 Arrogantia,
685 2090 862 2139 natura
887 2090 1042 2151 impia
1062 2088 1106 2149 I,
1207 2088 1428 2150 positum
1455 2088 1701 2149 significat
1731 2088 1776 2148 I,
1802 2094 1916 2147 1443
2011 2138 2034 2155 κ

402 2163 482 2206 53.
523 2157 617 2206 deo
644 2157 863 2205 maxime
887 2157 1048 2205 invisa
1062 2156 1103 2218 Ι,
1207 2155 1430 2203 laborem
1463 2154 1506 2213 Ι,
1551 2159 1662 2203 185.
1701 2154 1916 2203 immun-

400 2229 514 2273 652.
574 2237 639 2272 ex
682 2238 833 2272 sensu
874 2225 1029 2273 oritur
1060 2224 1104 2284 Ι,
1209 2221 1326 2271 dum
1345 2222 1528 2270 animal
1553 2222 1623 2281 11,
1645 2227 1767 2271 400.
1807 2236 1914 2271 cum

402 2298 514 2341 140.
552 2291 862 2353 ignorantiae
892 2299 1109 2354 cognata
1205 2289 1332 2337 bove
1361 2304 1424 2337 ne
1454 2290 1688 2351 iungatur
1709 2288 1779 2349 ib.
1823 2288 1913 2337 Ba·

396 2360 442 2419 Ι,
465 2363 548 2407 93.
570 2362 681 2406 653.
716 2359 911 2407 animae
936 2360 1107 2407 adver·
1152 2419 1157 2424 ι
1205 2357 1371 2404 laamo
1391 2356 1576 2403 resistit
1589 2356 1660 2415 11,
1689 2361 1804 2405 123.
1833 2370 1913 2405 an-

398 2426 530 2475 saria
553 2426 597 2485 I,
632 2429 744 2473 153.
784 2425 891 2474 eius
912 2426 1106 2489 species
1205 2424 1374 2486 gelum
1391 2424 1469 2471 dei
1489 2424 1622 2472 videt
1638 2422 1702 2471 ib.

396 2493 580 2555 triplex
597 2492 640 2551 Ι,
661 2496 715 2541 17
722 2498 769 2541 2.
790 2492 999 2542 effeetus
1016 2508 1105 2541 no·
1138 2492 1354 2553 Aspidos
1373 2490 1649 2551 Aegyptiae
1673 2491 1742 2550 H,
1765 2494 1874 2540 570.

396 2560 469 2605 xii
496 2560 539 2616 Ι,
576 2561 685 2605 173.
722 2559 911 2609 homini
931 2562 1104 2609 incon·
1137 2560 1433 2607 Assessores
1496 2558 1789 2619 praesidum
1843 2556 1902 2616 11,

394 2636 519 2682 grua
541 2622 609 2680 11,
643 2628 753 2672 187.
792 2641 825 2673 a
847 2627 993 2675 Mose
1026 2642 1104 2675 re·
1205 2628 1319 2673 582.

393 2686 639 2747 prehensa
664 2688 731 2747 H,
761 2696 874 2739 216.
916 2694 970 2743 in
996 2694 1104 2757 qui-
1137 2691 1374 2754 Assyriae
1391 2691 1582 2739 litterae
1601 2689 1671 2749 H,
1693 2695 1776 2738 84.
