2125 3084
23 26 264 33 ——--———--.*
289 28 308 30 ,,

184 218 409 288 [IL-³33]
534 224 617 268 IN
659 222 1020 269 GENESIN.
1062 224 1315 270 SERMO
1355 226 1440 273 IV.
1691 221 1788 274 447

185 328 367 383 Moses
386 323 610 387 scribit,
642 322 939 379 dimidium
960 322 1355 378 didrachmatis
1373 325 1570 381 iubens
1591 328 1791 398 primi-

188 403 293 456 tias
314 398 536 453 offerre:
578 397 729 468 quod
750 405 803 452 et
824 398 1051 452 auribus
1073 398 1352 452 Rebeccae
1367 440 1380 462 ‚
1405 401 1640 473 symboli
1661 420 1792 474 per-

190 474 535 531 severantiae
555 473 1138 544 sempiternitatisque‚
1171 472 1488 544 adaptatum
1507 475 1611 530 fuit
1629 494 1793 532 orna-

191 558 442 604 mentum
463 547 627 603 valde
647 548 933 611 decorum,
966 557 1027 603 ut
1046 547 1236 603 audiat
1254 548 1638 621 intelligatque
1663 554 1793 606 uni-

189 634 357 680 tatem
379 622 564 679 divini
586 622 764 679 verbi.

195 746 291 795 Gur
325 744 468 794 dicit.-
538 742 719 804 „Filia
752 742 882 791 cuius
922 746 1001 790 aa?
1069 740 1240 791 Narra
1283 742 1416 805 mihi,
1471 743 1518 792 εἰ
1557 752 1626 793 eat
1667 744 1799 807 apud

247 822 444 880 patrem
478 820 605 859 tuum
641 810 769 858 heus
793 809 927 857 nobis
956 808 1026 857 ad
1049 808 1449 858 divertendum“?
1485 811 1591 874 (24,
1617 814 1728 874 23.)

310 898 425 949 ΗΙ.
484 894 688 948 Littera
717 893 897 949 facilis
927 892 1210 947 intellectu
1251 901 1352 948 est.
1432 894 1516 949 Ad
1557 904 1796 950 mentem

188 987 341 1033 vem,
371 970 603 1023 miratus
626 976 787 1039 atque
814 967 1155 1038 stupefactus
1174 967 1244 1021 de
1264 968 1680 1038 pulchritudine
1699 988 1798 1025 ve-

187 1046 391 1101 raciter
434 1060 599 1097 verae
646 1043 885 1115 virginis
932 1042 1115 1113 deque
1165 1043 1512 1107 intemerata,
1581 1045 1796 1100 illibata

190 1128 491 1189 sanctaque
516 1118 639 1172 eius
669 1120 876 1180 anima,
917 1134 1061 1187 quae
1092 1127 1375 1189 permanet
1402 1126 1711 1174 constanter
1736 1122 1794 1175 in

188 1194 359 1250 bonis
382 1192 644 1264 operibus
664 1192 957 1265 condignis
972 1233 985 1256 ‚
1019 1190 1134 1247 fere
1155 1192 1414 1257 haesitat,
1451 1210 1518 1247 an
1540 1193 1676 1249 forte
1696 1212 1796 1249 ne-

192 1286 289 1323 mo
310 1267 617 1323 mortalium
630 1268 975 1339 generaverit
994 1284 1135 1331 eam,
1149 1275 1203 1322 et
1222 1268 1544 1341 interrogat:
1576 1268 1734 1325 Gaius
1744 1289 1796 1325 es

191 1340 351 1413 filia?
387 1343 559 1398 Video
579 1344 747 1406 enim,
772 1342 972 1413 inquit,
997 1343 1276 1397 neminem
1295 1352 1537 1399 creatum
1561 1344 1796 1401 factum-

192 1436 306 1489 que
327 1418 559 1489 dignum
581 1434 721 1481 esse,
744 1426 807 1471 ut
825 1418 951 1471 talis
971 1428 1234 1473 venustae
1255 1420 1476 1474 virtutis
1497 1428 1651 1491 pater
1673 1424 1796 1476 exi-

192 1493 408 1547 stimari
430 1501 621 1562 queat;
672 1509 735 1545 ac
754 1492 802 1545 si
824 1491 1056 1547 diceret:
1105 1495 1280 1550 Meam
1309 1496 1674 1567 ignorantiam
1704 1498 1794 1551 in-

192 1578 412 1622 struens
435 1567 645 1639 dirige,
687 1566 984 1622 indicando
1004 1571 1409 1640 generationem
1429 1580 1580 1625 tuam
1595 1612 1607 1635 ‚
1650 1588 1796 1641 quae

191 1644 529 1713 plantaverit
550 1641 868 1696 huiusmodi
891 1642 1144 1697 decoram
1164 1645 1526 1701 iuventutem.
1605 1644 1794 1711 Quon-

192 1720 304 1771 iam
331 1733 463 1772 vero
494 1714 631 1789 (illa)
668 1714 739 1790 [³¹⁶]
771 1716 842 1771 ob
862 1718 1190 1788 pudicitiam
1209 1719 1407 1773 rubore
1431 1718 1789 1782 afficiebatur,

193 1810 263 1847 ne
292 1791 431 1847 forte
465 1791 750 1846 videretur
786 1808 1119 1865 magnopere
1157 1792 1381 1863 gloriari
1421 1794 1480 1845 in
1519 1792 1790 1854 libertate,

191 1876 394 1939 putans
422 1864 567 1938 (iste)
598 1865 887 1921 caelestem
917 1884 979 1921 ac
1007 1866 1298 1920 mirificam
1325 1882 1446 1918 esse
1467 1864 1588 1918 eius
1609 1882 1798 1935 prosa-

189 1942 370 2014 piam,
415 1942 619 1996 iterum
647 1942 944 2014 interrogat
972 1938 1255 1995 instando:
1318 1940 1510 1994 Utrum
1549 1938 1709 1994 datur
1746 1949 1799 1996 et

193 2017 353 2071 nobis
395 2016 551 2071 locus
591 2016 679 2071 vel
722 2018 963 2087 spatium
1002 2014 1152 2087 apud
1191 2020 1400 2085 patrem
1430 2022 1586 2069 tuum
1617 2014 1675 2069 in
1706 2033 1799 2069 ae-

190 2090 345 2145 there
375 2092 651 2163 caeloque,
672 2099 834 2161 atque
864 2091 1041 2163 magis
1069 2090 1328 2161 superius
1359 2089 1506 2161 apud
1533 2100 1798 2147 rectorem

190 2167 425 2220 istorum
464 2164 699 2221 verbum
738 2165 1023 2229 divinum,
1065 2164 1165 2219 ubi
1207 2165 1452 2220 collocati
1482 2168 1666 2222 omnia
1697 2167 1797 2221 de-

188 2242 577 2312 relinquamus
616 2240 867 2295 mortalia
905 2249 958 2294 et
994 2240 1330 2311 corruptioni
1355 2240 1640 2295 subiecta?
1705 2252 1798 2296 aut

188 2316 416 2369 omnino
446 2314 798 2369 detineantur
825 2314 1116 2387 (homines)
1145 2315 1250 2370 sub
1279 2324 1422 2369 terra
1451 2316 1610 2385 quasi
1637 2315 1800 2384 plan-

189 2390 289 2444 tati
319 2399 373 2444 et
403 2389 595 2444 radice
623 2390 851 2453 muniti,
894 2388 1170 2461 capitibus
1199 2389 1456 2445 deorsum
1488 2388 1614 2441 fixis
1655 2390 1800 2441 sicut

190 2464 415 2519 arbores
436 2465 496 2518 in
519 2462 793 2534 rupibus‘?

264 2586 398 2645 Quid
431 2596 501 2637 est
534 2622 571 2649 „
588 2586 749 2637 Palea
782 2597 829 2637 et
854 2587 1041 2651 pabula
1075 2587 1220 2637 multa
1255 2584 1390 2649 apud
1429 2600 1515 2635 noa
1547 2594 1656 2635 sunt
1689 2596 1734 2635 et

526 2654 659 2703 Iocus
694 2654 765 2703 ad
792 2652 1190 2703 divertendum“?
1226 2653 1330 2717 (24,
1363 2652 1474 2711 25.)

239 2752 253 2757 “
312 2742 429 2794 442.
481 2737 945 2811 Quandoquidem
976 2738 1190 2791 animae
1219 2752 1346 2856 par?
1363 2736 1562 2856 2aliqua
1599 2747 1681 2791 est
1717 2753 1806 2790 ra-
