2125 3084
208 189 531 258 [11,528.529.]
576 197 657 241 IN
693 196 1030 243 Exomnt
1086 199 1339 245 sERMO
1377 201 1440 245 11.
1703 191 1804 247 373

198 314 353 376 ρεθθ,
396 297 637 351 maxime
664 295 812 368 quod
844 305 897 351 et
924 296 1320 353 elementorum
1347 308 1536 354 mutua
1567 302 1709 356 inter
1741 320 1804 359 se

210 370 565 427 commutatio
578 372 1021 428 communionem
1040 390 1230 428 eorum
1251 374 1534 430 evidenter
1552 378 1754 449 arguit.

209 530 283 595 [Ἴ
326 526 459 587 Quid
488 538 557 579 est
601 565 634 592 ‚,
650 528 780 578 Sera
820 529 977 579 media
1016 531 1068 579 in
1101 530 1258 593 spatio
1294 530 1610 597 columnarum
1636 548 1804 596 perve-

415 598 519 647 niat
552 599 615 647 ab
648 613 741 646 uno
778 597 925 647 latere
957 598 1009 647 in
1042 597 1322 647 alterum“?
1357 602 1464 660 (26,
1486 602 1594 660 28.)

317 701 404 753 89.
448 698 627 770 Super
652 697 882 753 eandem
910 697 1297 754 rectitudinem
1327 700 1675 772 singulorum
1703 718 1804 774 pa-

204 774 405 829 rietum
420 815 433 838 ,
464 774 668 847 viginti
689 774 1070 844 columnarum
1087 773 1336 828 medium
1361 782 1506 829 tenet
1523 782 1707 840 vectis,
1734 777 1802 832 ad

204 848 504 903 firmiorem
541 857 783 904 tenorem
824 849 1234 903 commixtionis
1271 865 1480 903 earum.
1577 852 1804 923 Figurat

206 930 389 978 autem
418 938 516 993 per
544 932 784 988 vectem,
828 924 1144 979 necessitati
1173 923 1507 995 adscriptam
1537 928 1803 981 rationem

202 998 463 1069 sup'erius
491 998 797 1053 secundum
828 999 1043 1054 caelum
1073 998 1396 1054 tendentem·
1415 999 1485 1053 ad
1515 1000 1796 1057 caelestia:

204 1073 468 1146 quoniam
494 1090 591 1144 per
620 1074 781 1130 istam
810 1073 1202 1146 comprehensa
1233 1072 1300 1147 (s.
1323 1076 1801 1150 comprehensum)

204 1147 413 1204 habent
432 1154 624 1203 cuncta
643 1166 705 1205 se
722 1149 967 1205 invicem
984 1148 1142 1205 velut
1160 1148 1450 1205 insolubili
1478 1150 1760 1223 ligamine.

212 1304 345 1363 Quid
376 1314 444 1355 eet
475 1342 509 1369 „
522 1304 694 1356 Facies
729 1306 1082 1356 tabernaculum
1115 1306 1366 1356 secundum
1401 1309 1640 1373 exemplar
1673 1326 1801 1359 mon·

530 1382 729 1424 stratum
763 1374 852 1424 tibi
880 1374 930 1423 in
962 1375 1196 1423 monte“?
1231 1375 1337 1440 (26,
1360 1377 1470 1436 30.)

317 1476 401 1530 90.
440 1476 642 1531 Iterum
665 1475 994 1532 indicativas
1016 1476 1284 1532 essentias
1309 1478 1618 1549 specierum
1649 1478 1801 1534 desi-

200 1559 331 1624 gnat
349 1568 448 1622 per
468 1551 612 1607 illud
633 1552 869 1607 dictum:
912 1556 1192 1607 secundum
1208 1558 1476 1615 visionem,
1505 1572 1636 1623 quae
1655 1572 1801 1609 mow-

198 1634 369 1681 strata
407 1636 483 1681 est
520 1632 613 1681 tibi
642 1634 699 1681 in
723 1635 908 1681 monte.
988 1626 1198 1698 Corpus
1227 1629 1376 1682 enim
1411 1629 1629 1683 nullum
1657 1630 1803 1685 vidit

196 1700 467 1772 propheta
487 1702 607 1756 illic
622 1742 634 1765 ‚
660 1701 758 1756 sed
777 1702 961 1757 omnia
978 1703 1318 1773 incorporea.
1385 1704 1596 1759 Directe
1618 1712 1801 1757 autem

198 1776 262 1830 in
283 1784 579 1846 conspectu
596 1776 736 1848 erigi
756 1776 1173 1831 tabernaculum
1195 1775 1424 1844 dicitur3
1487 1793 1628 1848 quae
1649 1780 1800 1831 enim

198 1848 311 1905 sub
333 1850 464 1904 luna
483 1858 611 1905 sunt
625 1892 637 1914 ‚
666 1849 979 1907 inferiorem
996 1859 1209 1924 partem
1229 1851 1416 1905 sortita
1432 1892 1444 1914 ‚
1469 1868 1689 1906 rursum
1712 1870 1801 1907 as-

198 1932 500 1981 sumuntur
536 1942 781 1991 sursum,
820 1928 1030 1983 elevata
1072 1924 1408 1996 fundataque
1444 1941 1612 1997 super
1650 1926 1802 1981 divi-

195 2016 339 2055 num
376 2000 608 2055 verbum
653 2010 913 2057 erectum.
1012 2000 1303 2072 Siquidem
1354 1999 1708 2057 fundamenta
1749 2011 1803 2057 et

194 2084 387 2130 vectes
430 2077 761 2133 constantiae
801 2080 1188 2133 universorum
1227 2075 1418 2130 divina
1447 2084 1578 2131 sunt
1607 2077 1796 2132 verba.

191 2150 413 2216 Viden’‚
455 2149 604 2225 quod
633 2162 777 2227 terra
804 2161 858 2208 et
886 2158 1054 2225 aqua,
1102 2152 1310 2224 quippe
1339 2166 1482 2223 quae
1515 2152 1576 2205 in
1615 2151 1800 2209 medio

193 2235 331 2282 sunt
348 2228 516 2282 totius
537 2230 675 2283 ae'ris
696 2228 956 2303 ignisque
972 2270 984 2292 ‚
1011 2228 1162 2281 caelo
1183 2226 1504 2282 circumlato
1518 2268 1531 2291 ,
1558 2226 1801 2303 firmatae

190 2310 330 2357 sunt
350 2318 457 2357 non
479 2302 704 2359 aliunde
724 2318 992 2376 umquam
1007 2344 1019 2368 ‚
1044 2301 1143 2357 sed
1163 2318 1284 2358 sese
1305 2304 1547 2357 invicem
1563 2302 1802 2363 tenendo

190 2378 409 2432 mutuis
422 2378 661 2435 vinculis
680 2378 984 2433 secundum
1006 2378 1271 2451 ligantem
1293 2396 1384 2433 eos
1407 2378 1664 2433 divinum
1683 2394 1802 2431 ser-

189 2468 420 2567 monerg
443 2454 851 2527 sapientissimo
873 2452 1102 2508 artificio
1129 2454 1642 2525 perfectissimaque
1673 2453 1803 2509 har-

187 2544 410 2582 moma.

532 2635 607 2701 [Ἴ
651 2633 781 2695 Quid
814 2645 881 2685 est
914 2636 1189 2699 ,μκεῑιιτιιίίὶΡ
1225 2636 1332 2701 (26,
1363 2634 1472 2701 31.)

308 2739 369 2791 91
384 2778 396 2790 .
455 2738 558 2791 Per
595 2741 764 2792 velum
801 2746 1084 2809 separatur
1120 2740 1398 2796 internum
1425 2740 1496 2795 ab
1527 2742 1797 2797 externis:

1999 2914 2112 3017 „A
