2125 3084
373 160 438 209 96
657 157 854 203 run..
879 154 1027 201 mn.
1056 153 1387 211 QUAEsT.
1412 152 1513 198 ET
1538 151 1689 195 801..
1739 144 1827 210 [11.
1850 142 1991 219 2η]

367 264 479 318 Hoc
510 260 660 315 enim
689 257 960 313 malorum
989 262 1073 309 est
1102 253 1519 315 saevissimum,
1573 251 1797 307 extendi
1826 268 1997 307 mor·
2080 290 2082 315 ,

369 338 504 393 bum
533 332 854 406 cupiditatis
893 330 953 385 in
984 337 1153 385 totam
1183 328 1423 382 animam
1452 326 1757 395 dolentem3
1818 344 1994 382 nam-

368 429 480 484 que
509 410 664 466 velut
691 406 979 463 residuum
1007 402 1189 459 morbi
1214 403 1487 457 inurentis
1510 401 1821 475 desperatio
1842 414 1934 457 est
1959 422 1995 458 a

371 486 506 541 fine:
551 502 660 540 una
681 485 832 539 enim
851 489 934 536 est
952 478 1263 534 sitientium
1284 477 1759 549 esurientiumque
1787 476 1996 532 mede-

371 562 451 625 la,
493 578 562 617 ne
593 559 736 615 fame
765 555 1123 631 prolongetur
1152 550 1404 616 afflicti0,
1444 552 1636 607 bibere
1663 560 1716 607 et
1742 551 1995 607 mandu-

371 653 522 701 care,
567 645 620 690 et
639 634 865 689 illorum
884 628 984 701 qui
1011 629 1245 700 cupiunt
1274 626 1517 699 aliquid,
1557 627 1782 700 assequi
1809 627 1987 682 illud.
2080 640 2082 663 ³

373 712 618 767 Tertium
641 717 824 764 autem
850 705 1214 761 subsecutum
1239 711 1321 757 est
1340 692 1509 773 sufler
1529 698 1778 758 devictos
1800 704 1991 758 caeci-

369 788 499 843 tatis
530 785 834 844 iudicium,
885 779 1029 834 illud
1068 776 1219 851 quod
1255 785 1478 850 putatur
1512 777 1701 832 oculos
1738 774 1983 841 afficere,

372 876 564 916 revera
617 867 802 913 tamen
855 854 1180 926 supervenit
1231 853 1381 907 visui
1432 852 1769 917 animarum,
1837 869 1987 924 quae

371 936 698 991 obcaecatae
738 938 868 985 sunt
913 928 983 983 ad
1033 927 1341 983 videndum
1392 936 1637 983 sanctam
1682 928 1981 983 visionem.

377 1013 488 1065 Lex
529 1009 678 1063 enim
719 1007 823 1061 erit
862 1006 1008 1059 iusta
1049 1020 1220 1074 super
1265 1003 1420 1066 illos,
1481 1004 1580 1075 qui
1626 1003 1875 1058 nobilem
1920 1021 1982 1058 ac

373 1084 750 1141 venerabilem
793 1080 1014 1137 vultum
1061 1078 1321 1133 divinum
1366 1077 1739 1151 dedignantur
1787 1078 1981 1134 videre

373 1161 645 1223 modeste,
688 1156 926 1231 gloriose
953 1162 1008 1209 et
1028 1153 1223 1209 divino
1251 1170 1427 1219 more,
1470 1162 1534 1209 ut
1559 1170 1793 1225 poenam
1825 1154 1982 1209 luant

373 1238 632 1291 caecitate
661 1230 960 1304 affligente.

379 1341 594 1413 Quid-est
611 1374 644 1402 ‚,
659 1339 731 1389 Et
746 1337 964 1388 dissoluti
975 1346 1085 1387 aunt
1108 1343 1387 1400 quaerentes
1404 1333 1571 1384 ostium
1582 1333 1631 1398 ¹³)
1646 1336 1713 1383 “r
1734 1336 1843 1401 (19,
1874 1336 1979 1398 ll.)

489 1426 573 1477 4⁴.
635 1423 838 1477 Littera
879 1438 1170 1476 excessum
1217 1420 1438 1474 denotat
1484 1412 1767 1484 libidinis,
1828 1421 1983 1491 quod

375 1513 555 1568 neque
584 1496 864 1552 obcaecati
891 1497 1205 1551 diminuere
1234 1494 1555 1567 cupidinem
1573 1536 1585 1559 ‚
1634 1494 1734 1549 sed
1766 1503 1983 1550 tantum

375 1572 584 1627 malum
627 1573 906 1627 caecitatis
942 1570 1054 1644 (vel
1092 1571 1164 1625 ob
1202 1577 1407 1625 tantam
1439 1570 1708 1625 malitiam
1742 1572 1985 1625 caecita-

375 1646 504 1720 tem)
537 1664 636 1720 pro
665 1648 842 1703 nihilo
872 1648 1138 1702 ducentes
1174 1645 1526 1700 insaniebant
1563 1644 1743 1701 furore
1774 1662 1985 1701 concu-

373 1724 698 1795 piscentiae.
778 1722 861 1779 Ad
894 1730 1133 1777 mentem
1163 1737 1322 1783 vero,
1364 1722 1464 1791 qui
1499 1738 1599 1791 pro
1628 1720 1737 1774 fine
1764 1720 1985 1776 haben-

372 1808 454 1853 tes
486 1799 846 1871 cupiditatem
877 1796 1233 1854 dissimulant
1272 1792 1345 1869 [³¹³]
1384 1812 1482 1866 per
1521 1794 1677 1850 illam
1713 1813 1983 1866 quaerere

373 1876 662 1940 virtutem,
719 1892 1003 1947 nunquam
1041 1872 1330 1927 invenient
1370 1869 1438 1924 ad
1479 1888 1598 1924 eam
1639 1871 1976 1943 ingressum,

372 1950 472 2004 sed
503 1950 878 2005 dissolvantur
906 1951 1014 2004 cito
1049 1947 1217 2002 citius
1248 1944 1627 2018 desperantes:
1681 1962 1790 2001 non
1829 1948 1981 2001 enim

373 2032 584 2093 pugnat
607 2024 742 2078 adeo
763 2023 978 2093 aliquid
1005 2039 1135 2077 cum
1160 2021 1347 2092 aliquo
1363 2063 1375 2085 ,
1417 2029 1684 2092 quantum
1705 2022 1981 2093 sapientia

374 2103 559 2149 contra
599 2098 1104 2168 concupiscentiam
1132 2105 1185 2151 et
1220 2096 1571 2151 immundum
1608 2104 1793 2151 con-tra
1834 2098 1982 2167 opti-

373 2186 547 2223 mum.

379 2276 509 2334 Quid
551 2287 620 2327 est
661 2276 948 2341 „Dixerum
992 2279 1086 2326 viri
1129 2280 1199 2327 ad
1235 2279 1357 2341 Lot,
1414 2289 1465 2328 ut
1510 2279 1725 2327 educeret
1768 2277 1827 2327 de
1865 2280 1979 2327 urbe
2078 2270 2080 2297 ³

508 2355 653 2397 totam
696 2344 965 2411 familiam.-
1031 2344 1278 2395 Perdituri
1329 2347 1447 2395 em’m
1498 2363 1676 2407 sumu-3,
1740 2345 1973 2409 inquiunt,

509 2414 657 2464 locum
684 2412 827 2475 hunc,
868 2412 1088 2476 quoniam
1118 2413 1353 2461 exaltatus
1381 2424 1448 2462 est
1475 2412 1653 2462 clamor
1678 2429 1835 2461 eornm
1868 2430 1977 2463 con-

509 2492 587 2532 tra
605 2482 862 2543 dominum,
905 2490 952 2530 et
977 2480 1101 2529 misit
1125 2496 1211 2529 nos
1240 2481 1309 2529 ad
1334 2479 1577 2530 delendum
1588 2482 1653 2529 ⁶¹?
1686 2486 1793 2544 (19,
1826 2487 1884 2529 12
1908 2480 1975 2539 s.)

485 2571 568 2622 42.
612 2567 759 2622 lllud
788 2568 1073 2622 Eoealtalus
1107 2576 1180 2619 est
1218 2568 1415 2620 clamor
1451 2584 1628 2619 eorum
1667 2576 1850 2619 eontra
1883 2570 1975 2619 do-

476 2704 518 2751 “)
546 2706 615 2743 καὶ
641 2704 935 2755 παρελύθησαν
963 2704 1173 2753 ζητοῦντες
1199 2704 1271 2752 τὴν
1296 2701 1432 2753 θύραν
1456 2704 1585 2743 LXX.
