2125 3084
368 186 461 240 ⁴54
811 189 1180 236 rmnoms
1227 179 1522 236 mnAm'
1751 179 1824 248 [1,
1852 189 2002 254 ssa]

478 293 563 347 82.
604 289 845 345 Gravius
871 289 1084 360 quippe
1112 297 1196 344 est
1213 298 1408 360 putare
1427 287 1792 344 callidissima
1817 288 2004 344 frau-
2094 297 2095 312 ¹

292 387 295 390 ⁴
363 365 611 422 dulentia
630 373 685 420 et
703 363 1188 436 superabundante
1212 363 1452 434 quadam
1471 363 1740 433 sapientia
1758 365 1851 417 uti
1872 364 1997 419 be-

362 443 519 496 stiaS.
584 438 691 505 Qui
712 439 860 493 enim
880 437 971 492 his
985 439 1293 510 sapientiae
1315 437 1698 493 concedendae
1714 439 1989 492 testimo—

362 517 521 570 nium
548 513 868 586 perhibent,
918 513 1028 584 ipsi
1059 521 1203 568 certe
1232 529 1341 567 non
1369 521 1570 568 norunt
1599 529 1659 565 se
1689 511 1859 582 plane
1893 511 1978 588 [Ἴ

362 589 507 645 nihil
530 589 693 643 scire.
766 588 906 642 Nam
925 587 1030 640 etsi
1046 587 1208 642 detur
1227 589 1286 641 in
1307 589 1432 642 istis
1450 587 1732 658 perceptio
1753 587 1984 658 aliqua,

362 663 597 719 obscura
624 670 806 717 tamen
836 668 890 716 et
925 662 1138 717 insulsa
1172 670 1282 727 est,
1337 662 1488 716 leves
1517 663 1700 715 animo
1727 659 1976 717 faciliter

364 740 613 805 irritans3
655 736 915 807 quoniam
937 737 1047 800 eis,
1081 738 1179 808 qui
1203 735 1385 792 adhuc
1405 735 1714 791 iuvenilem
1732 745 1974 790 aetatem

364 821 562 885 agunt,
600 811 1015 882 comprehensio
1048 812 1313 866 scientiae
1341 810 1495 866 velut
1533 811 1726 882 pueris
1753 811 1972 865 incerta

364 895 448 943 est
466 903 528 941 ac
548 887 865 942 inconstans
878 927 892 952 ,
935 902 1044 940 non
1075 887 1150 940 ita
1171 885 1429 959 perfectis
1451 887 1510 939 in
1531 885 1704 941 verbo
1723 892 1774 939 et
1793 885 1968 939 intel-

363 960 528 1017 lectu.

476 1051 561 1103 83.
618 1043 779 1114 Quo'd
815 1048 866 1103 si
900 1045 1213 1120 Aristogoni
1253 1065 1430 1119 equus
1466 1047 1678 1102 illaesis
1723 1047 1960 1119 pedibus

363 1122 735 1186 claudicabat,
776 1139 883 1177 non
911 1122 1248 1193 decipiebat,
1292 1123 1452 1194 quasi
1487 1122 1704 1194 fingens
1736 1121 1961 1178 fraudu-

362 1197 537 1256 lenter
562 1227 638 1238 —
663 1197 913 1268 deceptio
942 1197 1089 1251 enim
1119 1198 1402 1253 rationalis
1431 1206 1514 1252 est
1538 1227 1644 1262 ——,
1695 1197 1802 1252 sed
1837 1199 1962 1270 quia

363 1269 609 1326 fortassis
630 1279 784 1326 antea
804 1271 1018 1326 dolores
1046 1273 1106 1326 in
1133 1271 1372 1344 pedibus
1400 1279 1674 1336 senserat,
1721 1273 1962 1344 quietem

362 1346 646 1416 acquirere
682 1344 1091 1401 recordabatur.
1168 1346 1240 1402 At
1273 1355 1538 1418 quantum
1578 1348 1853 1418 temporis
1881 1365 1961 1402 es-

359 1428 470 1483 set,
495 1436 566 1475 ex
584 1436 693 1490 quo
712 1420 888 1490 quieti
908 1438 969 1475 se
990 1418 1217 1478 dederat
1237 1439 1298 1476 ac
1317 1423 1426 1476 otio
1441 1463 1454 1486 ,
1483 1420 1790 1476 obscurum
1813 1429 1960 1478 estet

358 1495 658 1562 incertum3
708 1511 834 1548 nam
855 1495 986 1550 etin
1007 1495 1124 1551 illis
1143 1513 1246 1570 per
1263 1495 1488 1570 aliquod
1507 1504 1732 1568 tempus
1753 1505 1960 1552 tantum

358 1569 619 1624 memoria
638 1583 821 1622 rerum
843 1577 1113 1625 servatur.

468 1662 553 1714 84.
591 1659 990 1717 Proscribenda
1008 1670 1063 1717 et
1081 1663 1269 1735 opinio
1290 1678 1477 1716 eorum
1491 1703 1504 1726 ,
1529 1663 1630 1734 qui
1645 1679 1847 1718 canem
1868 1680 1958 1716 ve-

362 1736 605 1791 naticum
642 1733 849 1789 bestias
894 1746 1318 1809 persequentem
1364 1745 1722 1793 autumarunt
1769 1738 1960 1808 quinto

360 1811 669 1884 argumenti
688 1809 849 1866 modo
867 1813 971 1866 uti.
1044 1812 1196 1868 Idem
1227 1811 1524 1868 dicendum
1553 1810 1624 1866 de
1650 1812 1958 1868 collectori-

358 1886 467 1941 bus
504 1885 916 1958 conchyliorum
962 1885 1142 1959 deque
1189 1886 1580 1958 quaerentibus
1622 1888 1951 1958 quicquam3

359 1961 568 2017 indicia
589 1962 735 2017 enim
756 1978 939 2016 rerum
962 1970 1262 2032 sequentur
1283 1970 1604 2034 apparenter
1633 1962 1744 2016 sub
1772 1962 1955 2033 specie

359 2035 675 2100 dialectica,
717 2045 1095 2091 verumtamen
1133 2054 1236 2092 nec
1274 2055 1372 2109 per
1409 2037 1687 2091 somnium
1729 2037 1955 2107 quidem

358 2109 841 2183 philosophentur:
893 2111 1139 2182 alioquin
1171 2109 1468 2166 dicendum
1503 2119 1648 2165 esset
1676 2110 1748 2165 de
1777 2112 1955 2164 omni-

358 2184 465 2240 bus
486 2183 699 2256 aliquid
728 2185 1148 2256 quaerentibuS,
1193 2186 1342 2257 quod
1370 2186 1626 2256 quintum
1653 2184 1826 2240 illum
1841 2201 1954 2239 mo-

358 2259 494 2315 dum
512 2265 799 2331 usurpent.
858 2259 1144 2315 Caeterum
1162 2277 1232 2314 ex
1251 2261 1376 2315 aliis
1396 2260 1626 2314 observa
1641 2300 1654 2324 ,
1689 2261 1846 2331 quod
1867 2259 1953 2314 isti

360 2344 413 2390 et
432 2334 568 2390 tales
591 2335 839 2389 feruntur
858 2335 917 2388 in
938 2336 1283 2408 negationem
1303 2335 1589 2407 pravitatis
1607 2351 1746 2389 suae
1760 2376 1773 2400 ,
1809 2335 1950 2390 soliti

357 2418 675 2481 praetexere
708 2413 1013 2465 sei-monem
1059 2409 1184 2465 fuco
1225 2419 1278 2464 et
1319 2408 1621 2481 sophistice
1666 2409 1740 2465 de
1789 2409 1951 2464 rebus

360 2501 520 2556 agere
548 2486 759 2557 potiuS,
796 2501 962 2555 quam
984 2501 1177 2540 verum
1193 2527 1206 2550 ,
1246 2491 1306 2540 ut
1324 2502 1413 2540 res
1431 2501 1491 2539 se
1511 2483 1707 2548 habet,
1743 2484 1953 2540 exami-

356 2575 507 2612 nare.

469 2635 555 2686 85.
577 2634 687 2687 Nos
709 2634 856 2688 enim
876 2634 1132 2699 dicimus,
1155 2635 1304 2706 quod
1316 2651 1394 2704 ex
1413 2631 1742 2688 decentibus
1763 2631 1958 2688 bonis-

356 2722 465 2778 que
492 2705 602 2759 sibi
631 2709 1086 2766 convenientibus
1115 2711 1414 2782 multisque
1433 2706 1598 2764 rebus
1625 2707 1958 2764 iuvantibus
