2125 3084
175 188 351 259 [1,1s.]
443 192 543 239 DE
582 190 1132 239 PROVIDENTIA
1177 192 1430 240 annuo
1468 196 1506 239 1.
1701 188 1768 243 27

176 310 411 365 rumque
430 309 613 347 rerum
634 291 819 364 specie
838 290 1083 363 decepti,
1123 308 1298 363 quum
1328 302 1602 364 nequeant
1619 295 1772 367 ipsa-

174 387 299 425 rum
342 368 541 423 damna
590 366 757 431 ferre,
827 365 959 422 hino
1002 368 1061 420 in
1107 366 1277 421 vitam
1321 368 1548 439 impiam
1590 369 1770 425 adhuc

176 443 475 499 violentius
504 441 872 497 adducuntur.
951 439 1063 496 Sed
1089 442 1352 512 quoniam
1379 444 1470 497 isti
1497 444 1720 514 penitus
1738 463 1771 500 a

177 520 401 575 divinae
434 516 817 590 providentiae
854 517 1002 571 curis
1042 532 1210 587 super
1247 515 1518 577 humanae
1557 519 1770 575 animae

162 594 450 667 miginem
470 609 593 647 esse
611 591 986 655 abduxerunt,
1010 591 1150 646 iram
1169 607 1307 655 eam,
1331 608 1473 663 quae
1493 594 1770 649 universis

177 669 461 724 elementis
483 668 753 731 imminet,
779 674 833 721 et
852 666 962 737 ipsi
982 665 1270 731 subibunt,
1293 673 1348 721 et
1365 668 1626 737 quoniam
1671 664 1773 723 'er-

178 744 543 799 fectissimum
562 741 666 797 hoc
685 758 825 813 opus
845 739 1224 813 providentiae
1249 740 1572 797 subtrahere
1593 759 1656 798 co
1697 744 1770 798 ati

176 827 306 873 sunt
319 860 331 882 ‚
366 825 613 873 cessante
631 815 1003 889 pulcherrimo
1021 815 1127 871 hoc
1145 816 1349 874 summi
1371 817 1628 872 creatoris
1648 818 1771 889 opi-

176 893 303 949 ficio
318 934 330 957 ,
354 892 546 948 eadem
564 901 619 947 et
638 894 747 964 ipsi
768 891 1076 965 calamitate
1095 890 1478 947 obvolventur.
1551 892 1771 963 Etenim

174 969 273 1040 qui
296 966 675 1023 inobedientes
696 967 955 1022 exstitere
970 1006 983 1029 ‚
1024 966 1115 1021 his
1141 964 1478 1039 condignum
1497 966 1769 1024 iudicium

174 1042 469 1106 retribuet,
492 1058 554 1097 ac
572 1042 1049 1115 compotationem,
1079 1049 1140 1095 ut
1159 1041 1233 1095 ita
1255 1039 1434 1096 dicam
1449 1082 1462 1106 ,
1495 1042 1768 1099 iucundae
1843 1044 1848 1051 '

88 1144 95 1151 ·
176 1117 417 1173 laetitiae
437 1115 553 1172 illis
574 1116 709 1172 deus
731 1116 962 1171 adimet:
991 1124 1110 1171 tum
1130 1117 1314 1187 ipsum
1343 1118 1768 1184 instrumentum

174 1192 527 1264 operationis,
561 1202 845 1247 venustam
866 1190 1118 1265 (scilicet)
1138 1190 1332 1245 mundi
1350 1193 1594 1263 speciem
1616 1194 1768 1249 exci-

174 1270 291 1339 piet
312 1266 599 1321 dissolutio
620 1267 1011 1339 corruptionis;
1051 1268 1314 1339 quoniam
1341 1284 1554 1323 morum
1579 1268 1769 1342 digni-

174 1352 259 1398 tas
290 1342 359 1397 ab
386 1341 705 1398 hominibus
735 1343 900 1414 periit
936 1359 1037 1414 per
1070 1342 1486 1399 inconstantiam
1523 1344 1760 1409 consilii,

172 1418 511 1489 praecordiis
534 1435 563 1472 a
584 1418 793 1473 malitia
815 1418 925 1472 iam
943 1419 1253 1489 captivatis.

286 1525 371 1581 37.
422 1522 687 1595 Superest
716 1531 897 1578 autem
926 1524 1108 1579 inanis
1137 1525 1406 1596 quaedam
1436 1528 1704 1580 sententia
1735 1544 1766 1581 a
1869 1592 1876 1599 .

170 1598 509 1669 quibusdam
538 1599 871 1671 excogitata,
911 1614 1109 1670 nempe
1138 1600 1618 1671 improvidentiam
1645 1602 1766 1656 evi-

168 1673 367 1727 denter
395 1680 667 1728 constare.-
738 1674 861 1728 Non
888 1672 1106 1737 taceb0‚
1139 1675 1237 1730 sed
1267 1674 1476 1739 dicam,
1510 1693 1572 1731 ac
1599 1676 1766 1730 rebus

168 1756 321 1803 certo
339 1748 572 1802 consilio
588 1748 876 1820 perpensis
896 1748 1180 1804 ostendam
1207 1749 1358 1805 facili
1377 1748 1760 1811 declaratione,

167 1838 343 1895 quam
364 1822 478 1876 sint
493 1822 683 1877 insana
702 1823 1045 1895 quorundam
1066 1832 1404 1895 argumenta.
1481 1824 1562 1877 Ne
1581 1832 1764 1878 tamen

168 1914 275 1971 per
304 1897 668 1968 ignorantiam
694 1895 765 1973 [*]
788 1897 923 1953 forte
944 1898 1258 1954 aberremus
1282 1914 1312 1952 a
1331 1898 1578 1953 veritatis
1599 1914 1765 1969 regu-

167 1974 225 2028 la
240 2012 253 2036 ‚
280 1971 443 2025 liceat
462 1970 598 2027 haec
614 1976 980 2045 praemittere.
1039 1973 1118 2027 Ac
1136 1974 1378 2045 primum
1396 1972 1536 2026 mala
1558 1972 1763 2027 mundo

163 2049 357 2103 inesse
385 2045 663 2103 dicuntur.
742 2048 1071 2105 Huiusmodi
1105 2055 1233 2103 sunt
1269 2047 1556 2119 improvisi
1595 2064 1764 2119 aqua-

165 2139 298 2178 rum
328 2121 558 2193 illapsus
584 2140 655 2178 ex
684 2124 947 2179 imbrium
978 2124 1134 2195 copia
1155 2139 1321 2193 super
1335 2124 1621 2176 materiam
1642 2124 1762 2176 ani-

162 2214 260 2252 ma
283 2205 554 2263 carentem
569 2239 582 2264 ,
625 2200 725 2269 qui
744 2216 891 2254 nunc
910 2198 1184 2253 excedunt
1203 2197 1426 2254 modum
1441 2238 1454 2261 ,
1492 2214 1640 2251 nunc
1664 2195 1762 2250 de-

164 2272 389 2341 ficiunt;
430 2274 717 2345 grandinis
748 2291 915 2345 super
942 2290 1166 2347 germen
1194 2281 1248 2328 et
1267 2283 1464 2328 terram
1491 2272 1762 2326 virentem

166 2347 479 2402 decidentis
498 2349 757 2421 impetuS,
772 2366 913 2419 quae
934 2351 1210 2421 corruptio
1229 2357 1312 2403 est
1329 2348 1580 2403 exitiosa.
1619 2346 1763 2401 Con-

164 2422 315 2477 sumi
345 2422 603 2479 videntur
629 2440 819 2481 omnes
856 2422 967 2497 (vel
1000 2424 1202 2497 omnia)
1230 2423 1388 2495 impii
1418 2440 1481 2477 ac
1508 2422 1640 2476 iusti
1669 2439 1762 2477 ae-

164 2497 324 2570 quali
369 2494 677 2553 calamitate
717 2516 951 2571 poenam
986 2500 1318 2554 sustinentes
1361 2506 1416 2553 et
1459 2498 1760 2569 aequaliter

163 2578 398 2627 mortem
428 2573 729 2629 subeuntes
758 2574 1036 2629 saeviente
1062 2590 1275 2647 pugna,
1317 2576 1470 2645 peste
1505 2580 1558 2628 et
1592 2572 1754 2629 fame.

162 2646 332 2703 Probi
353 2648 461 2702 viri
482 2658 799 2721 paupertate
818 2650 1023 2721 pressi,
1065 2650 1256 2723 impiis
1281 2649 1678 2706 ditescentibus
1703 2656 1758 2705 et

162 2725 337 2778 vitam
360 2718 595 2779 i'eli'c-itei¹
614 2724 1047 2781 traducentibus.
