2125 3084
176 186 251 252 [1‚
278 180 393 248 116]
450 186 549 233 DE
584 184 1127 233 PnovaN'rxA
1164 185 1414 231 SERUO
1450 187 1512 233 11.
1670 180 1764 233 ΝΘ

178 288 349 345 Alter
357 302 487 343 vero
505 302 683 341 sermo
703 282 1049 338 medicinalis
1062 323 1076 348 ,
1107 284 1218 337 imo
1237 292 1300 337 ut
1317 284 1561 349 videtur,
1583 284 1768 356 philo-

181 362 451 435 sophicus
488 368 597 415 est:
652 360 762 413 Deo
800 357 1092 413 convenire
1131 356 1264 411 haec
1300 356 1480 412 facore
1511 357 1770 416 dixerunt

179 454 287 509 pro
305 443 569 493 tormento
586 441 933 506 peccatorum
948 472 961 495 ,
1002 431 1146 485 sicut
1169 431 1592 503 imperatoribus
1613 450 1769 489 exer-

180 513 349 575 citus,
373 509 832 582 principibusque
852 506 1200 561 cruciatusac
1219 505 1450 561 ferrum:
1475 507 1550 561 ita
1569 515 1647 571 ut,
1671 509 1770 578 qui

182 584 361 641 sedati
382 600 481 656 per
498 584 777 654 reliquum
792 580 1053 651 temporis
1071 579 1250 635 solent
1273 596 1396 635 esse
1409 620 1422 645 ,
1461 581 1772 637 exacerbati

182 661 497 730 irritatique
516 659 627 714 sint
648 656 841 711 fortius
858 662 1043 709 contra
1062 670 1201 718 reos,
1223 670 1362 725 quos
1382 664 1574 711 natura
1593 656 1652 711 in
1671 657 1773 712 πί..

184 735 383 795 bunali
404 733 564 797 donis
586 728 996 801 incorruptibili
1014 731 1175 783 morti
1195 728 1496 785 damnavit.

305 844 419 896 105.
470 840 623 895 Domi
652 846 835 893 autem.
859 835 1094 891 latebras
1115 837 1223 891 sibi
1246 840 1574 893 constituere
1591 838 1772 909 potius

182 914 523 989 (animantia)
545 913 746 969 falsum
770 920 880 979 est;
941 912 1389 984 quandoquidem
1410 921 1560 967 extra
1579 910 1775 967 urbem

181 994 248 1046 in
270 989 479 1061 campis
497 988 837 1059 desertisque
866 986 1123 1041 videntur
1139 1028 1151 1051 ,
1195 986 1467 1059 fugientes
1493 987 1770 1042 hominem

183 1063 344 1119 velut
372 1063 675 1118 dominum.
750 1060 1124 1117 Nihilominus
1153 1063 1256 1117 etsi
1285 1079 1393 1116 non
1421 1060 1556 1117 adeo
1581 1062 1656 1117 sit
1673 1078 1773 1116 ve-

184 1156 341 1201 rum,
381 1137 546 1192 habet
580 1137 820 1207 aliquam
856 1136 1150 1191 rationem:
1221 1138 1352 1208 quia
1387 1137 1446 1190 in
1485 1134 1772 1208 profundis

184 1214 327 1267 locis
358 1212 609 1267 obscuris
636 1212 949 1283 congeritur
974 1212 1130 1282 copia
1159 1211 1612 1283 quisquiliarum,
1655 1210 1772 1265 fimi

182 1288 582 1358 metantisque,
622 1286 679 1339 in
706 1302 847 1356 quae
880 1286 1120 1357 irrepere
1159 1287 1524 1359 immergique
1560 1294 1766 1352 amant3

184 1362 379 1417 omitto
396 1403 408 1425 ‚
440 1361 588 1433 quod
608 1360 769 1415 nidor
787 1376 1009 1434 gravem
1029 1362 1146 1415 vim
1166 1361 1330 1417 habet
1338 1362 1411 1435 ⁴⁶).

306 1474 419 1525 406.
461 1468 615 1537 Quod
638 1471 687 1525 si
706 1468 1033 1524 hirundines
1054 1470 1344 1527 nobiscum
1366 1470 1638 1535 habitant,
1662 1488 1769 1533 nou

185 1553 273 1611 est
291 1546 518 1613 mirum3
545 1547 679 1599 istas
702 1547 849 1599 enim
872 1546 1133 1616 aucupari
1152 1546 1434 1601 nolumus:
1459 1546 1652 1601 salutis
1674 1563 1773 1601 au-

182 1630 297 1685 tem
326 1619 661 1674 desiderium
692 1620 889 1673 animis
918 1636 1027 1673 non
1052 1620 1230 1675 solum
1259 1622 1631 1685 rationalium,
1674 1618 1774 1673 sed

184 1694 587 1747 irrationalium
616 1694 780 1746 etiam
808 1692 1058 1745 innatum
1089 1700 1187 1747 est.
1273 1694 1358 1748 Ex
1385 1694 1499 1747 illis
1525 1691 1596 1767 [³¹⁵]
1621 1710 1770 1755 ver0,

186 1782 331 1839 quae
355 1765 423 1819 ad
443 1781 606 1823 usum
632 1762 909 1819 fruitionis
938 1762 1214 1829 feruntur,
1257 1766 1470 1819 nullum
1502 1766 1774 1819 cohabitat

186 1840 479 1895 nobiscum
518 1838 588 1892 ob
627 1845 945 1909 suspectum
980 1837 1308 1891 insidiarum
1347 1856 1378 1892 a
1415 1839 1601 1907 nobis3
1666 1839 1776 1892 nisi

186 1913 292 1969 ubi
321 1914 552 1967 istorum
581 1928 716 1971 usus
730 1911 1058 1983 prohibitus
1089 1911 1254 1965 fuerit
1283 1912 1421 1983 lege.

308 2005 423 2061 407.
463 2003 723 2077 Regionis
745 2002 937 2075 Syriae
947 2000 1035 2073 Ἠ)
1057 2002 1329 2061 maritima
1349 2000 1482 2057 urbs
1509 2010 1590 2057 est
1608 2000 1776 2057 Asca-

191 2081 285 2135 lon
322 2078 561 2143 nomine.
639 2076 742 2135 Fui
780 2093 880 2149 ego
918 2074 1001 2130 ibi
1038 2083 1305 2146 tempore,
1347 2077 1541 2147 quoin
1568 2077 1775 2148 patriae

189 2152 459 2227 templum
491 2150 747 2210 mittebar
775 2151 845 2207 ad
870 2150 1166 2205 orationem
1197 2149 1510 2222 hostiasque
1547 2150 1776 2215 offeren-

190 2228 312 2284 das.
390 2228 718 2287 Immensam
745 2228 931 2297 itaque
960 2224 1338 2285 columbarum
1365 2224 1776 2281 multitudinem

190 2306 253 2358 in
282 2300 478 2374 plateis
507 2302 729 2373 viisque
755 2302 910 2368 iuxta
928 2316 1370 2375 unamquamque
1387 2299 1615 2362 domum
1631 2298 1771 2355 vidi.

188 2378 550 2452 interroganti
570 2374 710 2443 mihi
728 2377 993 2455 rationem
1013 2374 1272 2441 dixerunt
1300 2374 1576 2448 (incolae):
1635 2373 1774 2441 Quia

292 2514 336 2563 ⁴¹)
363 2516 505 2556 Verba
532 2518 739 2566 quaedam
765 2518 943 2555 obscura
966 2516 1013 2555 in
1034 2511 1118 2557 h'ac
1135 2518 1334 2565 periocha
1351 2516 1638 2564 occurrebant,
1666 2526 1774 2565 quae

187 2568 247 2609 sd
270 2576 446 2610 sensum
470 2569 601 2607 talem
626 2569 867 2611 reducenda
890 2568 1147 2609 existimavi.
1199 2566 1358 2607 Auch.
1431 2575 1442 2583 ·

292 2618 361 2665 ss)
394 2619 477 2657 Pro
502 2619 643 2669 Suria,
656 2620 701 2659 in
726 2616 845 2659 Arm.
880 2618 1102 2667 aliquando
1136 2618 1312 2659 habetur
1337 2619 1528 2667 Assyria,
1575 2619 1774 2668 quonism

194 2673 419 2717 utrumque
446 2678 600 2707 nomen
626 2670 738 2719 apud
762 2668 983 2707 Armenios
1008 2670 1156 2717 incipit
1181 2670 1328 2709 eadem
1353 2670 1512 2709 vocali:
1547 2680 1606 2710 sc.
1624 2670 1774 2709 Asos-ik

195 2719 357 2769 (syria)
368 2746 393 2767 „
407 2720 645 2761 &orandun
670 2721 897 2770 (Assyria).
949 2720 1108 2761 Auch.
