2125 3084
134 174 207 239 [1,
230 171 319 237 85]
413 176 513 223 DE
554 175 1092 223 PROVIDENTIA
1137 172 1388 223 SERMO
1425 178 1464 223 1.
1671 169 1734 223 ‘3

254 278 341 335 72.
390 276 533 331 Ecce
562 276 711 331 enim
740 283 973 331 statuam
1002 274 1254 331 videntes
1283 276 1606 331 statuarium
1647 277 1736 331 in-

134 352 477 425 telligimus,
520 359 574 406 et
612 351 907 423 imaginem
946 358 1175 406 venuste
1211 353 1415 424 pictam
1455 360 1737 406 cernentes

134 428 411 499 pictorem
428 426 615 499 ipsum
648 426 1008 491 admiramur,
1053 434 1217 497 atque
1235 442 1432 481 navem
1451 426 1736 497 ingeniose
1803 456 1810 463 ·

136 503 465 557 fabricatam
494 502 771 555 intuentes
801 499 1160 556 architectum
1185 500 1344 556 navis
1366 499 1626 554 laudibus
1647 516 1739 563 ce-

136 577 442 632 lebramus.
522 575 583 630 Si
613 592 743 648 ergo
773 576 1129 631 artificiosum
1157 592 1298 646 opus
1327 574 1580 629 videntes
1607 573 1740 628 arti-

136 652 338 707 ficem·
324 666 507 739 ipsum
527 650 804 705 sollertem
826 652 1174 723 agnocimus‚
1203 649 1478 721 quomodo
1496 666 1604 704 non
1623 666 1740 703 ma-

136 730 231 799 gis
270 727 655 782 universorum
689 726 993 796 sapientem
1019 725 1436 797 providentiam
1463 740 1562 796 per
1591 738 1740 777 com-

134 800 567 873 prehensionem
611 800 980 872 perceptionis
1028 801 1301 870 concipiat
1335 799 1530 854 oculus
1569 798 1740 852 animi

135 884 363 948 propter
384 883 693 931 constantes
712 875 909 929 mundi
926 883 1112 948 partes
1131 876 1407 946 sapienter
1425 871 1741 930 ordinatas?

251 1002 340 1057 73.
389 1000 565 1056 Malus
594 988 773 1056 autem
803 999 965 1055 homo
992 1000 1158 1055 stulte
1189 1000 1356 1054 nimis
1376 999 1487 1055 sibi
1509 1008 1739 1072 persua-

135 1078 237 1133 det
257 1093 365 1131 non
386 1092 507 1129 esse
532 1074 955 1162 providentiam.
1033 1076 1095 1129 In
1126 1075 1430 1147 perditione
1460 1073 1737 1130 fructuum

136 1167 414 1237 aquarum
444 1151 657 1220 copiam
686 1166 757 1205 ex
783 1149 995 1223 pluviis
1024 1150 1500 1223 grandinibusque
1537 1148 1741 1205 caden-

134 1222 254 1283 teni
285 1226 473 1297 culpat
499 1234 769 1298 negatque
797 1225 1204 1297 providentiam
1233 1225 1424 1279 mundi
1447 1224 1740 1297 dispensa·
1807 1268 1812 1274 .

136 1304 365 1365 tricem,
400 1316 461 1354 eo
484 1300 668 1371 quod
651 1318 773 1371 lpse
792 1300 1072 1355 fructuum
1091 1299 1514 1356 diminutionem
1540 1315 1738 1372 passus

134 1378 336 1441 fuerit,
380 1376 641 1447 quoniam
668 1375 930 1431 damnum
960 1375 1072 1429 sibi
1107 1374 1324 1431 illatum
1362 1376 1517 1431 novit
1553 1383 1608 1431 et
1648 1391 1739 1429 cor

133 1454 264 1507 eius
305 1452 649 1507 vulneratum
690 1459 799 1505 est:
877 1467 1019 1522 quae
1059 1468 1190 1505 vero
1229 1450 1468 1506 facinora
1509 1450 1578 1504 ab
1616 1450 1739 1520 ipso

132 1527 325 1599 (corde
363 1527 452 1582 vel
492 1524 733 1598 homine)
772 1534 981 1596 patrata
1018 1524 1250 1590 fuerint,
1301 1544 1409 1581 non
1447 1525 1628 1588 videt,
1677 1533 1739 1580 ut

132 1603 297 1675 prius
337 1618 397 1656 se
436 1603 624 1674 ipsum
662 1600 884 1655 damnet
922 1602 1116 1672 iniqua
1143 1610 1477 1672 operantem.
1555 1601 1737 1654 Discat

134 1686 323 1733 tamen
342 1694 440 1749 per
461 1694 551 1740 ea,
575 1693 717 1747 quae
737 1676 857 1763 ipse
879 1693 907 1731 a
927 1676 1273 1748 providentia
1292 1693 1490 1748 passus
1511 1683 1611 1737 est,
1637 1674 1738 1727 do-

134 1754 255 1807 lere
276 1769 347 1806 ex
373 1750 534 1805 corde
564 1768 730 1822 super
757 1752 855 1815 ἰίε,
897 1768 1037 1822 quos
1065 1751 1186 1822 ipse
1206 1752 1410 1805 iniuste
1430 1741 1633 1803 iniu'rsa
1655 1746 1737 1801 af·-

135 1828 295 1883 fecit.
374 1826 576 1880 Verum
608 1826 754 1880 enim
785 1843 929 1881 vero.
941 1826 1199 1912 iniquum
1225 1826 1393 1879 istum
1423 1831 1632 1909 oportet
1648 1840 1737 1875 re·-

134 1911 355 1974 putnre‚
384 1901 673 1971 quoniam
667 1902 782 1954 suis
804 1900 960 1956 factis
979 1902 1132 1971 paria
1155 1917 1261 1956 non
1283 1899 1403 1953 vult
1423 1899 1536 1969 pati
1558 1914 1588 1949 a
1607 1912 1737 1966 pro-

133 1976 419 2039 videntia,
460 1984 513 2029 et
538 1985 718 2029 tamen
738 1992 874 2047 quas
893 1978 1013 2049 ipse
1035 1992 1143 2030 non
1162 1982 1243 2029 est
1263 1989 1458 2045 passus
1480 1972 1730 2034 iniuria5‚

135 2054 335 2123 inique
356 2050 481 2105 aliis
502 2049 684 2105 infert.

252 2178 341 2231 74.
399 2178 569 2233 Maior
598 2187 779 2233 autem
807 2180 927 2233 eius
936 2178 1212 2249 impietas
1241 2192 1304 2229 ea
1331 2180 1440 2237 est,
1477 2170 1570 2301 [Ἰ
1583 2172 1733 2243 quod

138 2254 233 2307 his
266 2268 374 2305 non
400 2251 745 2307 obstantibus
776 2255 983 2308 scimus
1009 2252 1168 2307 illum
1191 2264 1481 2322 procurare
1501 2264 1530 2301 a
1555 2263 1729 2301 iorum

136 2328 448 2393 miseriam,
490 2344 655 2399 quam
682 2344 781 2399 pro
811 2328 987 2385 nihilo
1017 2325 1325 2381 ducendam
1353 2323 1494 2377 ultro
1513 2320 1730 2377 fatetur.

134 2402 311 2531 ὃεέἕιιοι
332 2420 430 2473 pro
450 2402 654 2457 honore
673 2403 785 2458 sibi
806 2402 961 2457 ducit
981 2402 1124 2456 nihil
1145 2409 1292 2455 recto
1309 2398 1520 2455 iudicio
1540 2412 1728 2469 agens,

276 2485 485 2532 tantum
523 2478 775 2550 cupidini
820 2477 1132 2548 obsequens
1179 2474 1512 2544 effi-senique
1560 2471 1730 2526 animi

136 2554 339 2617 motui,
384 2570 449 2606 ac
476 2554 845 2607 iumentorum
872 2553 1072 2617 instar,
1114 2568 1256 2622 quae
1286 2548 1452 2604 obvia
1478 2563 1731 2619 quaeque

136 2627 536 2699 depascuntur:
614 2644 715 2681 nec
752 2628 914 2680 enim
940 2628 1104 2681 altius
1146 2624 1341 2679 attollit
1377 2624 1732 2711 cogitationes

138 2718 297 2765 suas,
340 2712 401 2757 ut
429 2701 834 2773 providentiam
867 2717 967 2772 per
1006 2701 1414 2774 indagationem
1451 2699 1732 2772 inspiciat,
