<?xml version="1.0" encoding="UTF-8"?>
<!DOCTYPE html PUBLIC "-//W3C//DTD XHTML 1.0 Transitional//EN"
    "http://www.w3.org/TR/xhtml1/DTD/xhtml1-transitional.dtd">
<html xmlns="http://www.w3.org/1999/xhtml" xml:lang="en" lang="en">
 <head>
  <title>
</title>
<meta http-equiv="Content-Type" content="text/html;charset=utf-8" />
  <meta name='ocr-system' content='tesseract 3.04.00' />
  <meta name='ocr-capabilities' content='ocr_page ocr_carea ocr_par ocr_line ocrx_word'/>
</head>
<body>
  <div class='ocr_page' id='page_1' title='image "./philonisiudaeio00alejgoog_0395.png"; bbox 0 0 2125 3084; ppageno 0'>
   <div class='ocr_carea' id='block_1_1' title="bbox 366 187 1973 258">
    <p class='ocr_par' dir='ltr' id='par_1_1' title="bbox 366 187 1973 258">
     <span class='ocr_line' id='line_1_1' title="bbox 366 187 1973 258; baseline 0.003 -19"><span class='ocrx_word' id='word_1_1' title='bbox 366 187 465 239; x_wconf 86' lang='grc'><strong>380</strong></span> <span class='ocrx_word' id='word_1_2' title='bbox 612 191 809 238; x_wconf 85' lang='lat' dir='ltr'><strong>PHIL.</strong></span> <span class='ocrx_word' id='word_1_3' title='bbox 856 193 1007 238; x_wconf 90' lang='lat' dir='ltr'><strong>IUD.</strong></span> <span class='ocrx_word' id='word_1_4' title='bbox 1050 192 1374 250; x_wconf 70' lang='lat' dir='ltr'><strong>QUAEST.</strong></span> <span class='ocrx_word' id='word_1_5' title='bbox 1413 194 1514 240; x_wconf 82' lang='lat' dir='ltr'><strong>ET</strong></span> <span class='ocrx_word' id='word_1_6' title='bbox 1553 196 1712 239; x_wconf 85' lang='lat' dir='ltr'><strong>SOL.</strong></span> <span class='ocrx_word' id='word_1_7' title='bbox 1753 192 1973 258; x_wconf 81' lang='lat'>[11‚536.]</span> 
     </span>
    </p>
   </div>
   <div class='ocr_carea' id='block_1_2' title="bbox 366 292 1979 515">
    <p class='ocr_par' dir='ltr' id='par_1_2' title="bbox 366 292 1979 515">
     <span class='ocr_line' id='line_1_2' title="bbox 366 292 1979 370; baseline 0.003 -23"><span class='ocrx_word' id='word_1_8' title='bbox 366 292 466 347; x_wconf 87' lang='lat' dir='ltr'><strong>sed</strong></span> <span class='ocrx_word' id='word_1_9' title='bbox 494 294 649 364; x_wconf 86' lang='lat' dir='ltr'><strong>prius</strong></span> <span class='ocrx_word' id='word_1_10' title='bbox 676 311 736 347; x_wconf 89' lang='lat' dir='ltr'><strong>se</strong></span> <span class='ocrx_word' id='word_1_11' title='bbox 765 296 971 366; x_wconf 88' lang='lat' dir='ltr'><strong>ipsum.</strong></span> <span class='ocrx_word' id='word_1_12' title='bbox 1046 295 1193 348; x_wconf 83' lang='lat' dir='ltr'><strong>Haec</strong></span> <span class='ocrx_word' id='word_1_13' title='bbox 1221 293 1324 348; x_wconf 91' lang='lat' dir='ltr'><strong>tibi</strong></span> <span class='ocrx_word' id='word_1_14' title='bbox 1353 293 1423 348; x_wconf 92' lang='lat' dir='ltr'><strong>ad</strong></span> <span class='ocrx_word' id='word_1_15' title='bbox 1463 294 1722 350; x_wconf 83' lang='lat' dir='ltr'><strong>litteram.</strong></span> <span class='ocrx_word' id='word_1_16' title='bbox 1807 297 1979 370; x_wconf 86' lang='lat' dir='ltr'><strong>Sym-</strong></span> 
     </span>
     <span class='ocr_line' id='line_1_3' title="bbox 366 369 1978 442; baseline 0.002 -19"><span class='ocrx_word' id='word_1_17' title='bbox 366 369 547 424; x_wconf 89' lang='lat' dir='ltr'><strong>bolice</strong></span> <span class='ocrx_word' id='word_1_18' title='bbox 584 385 742 433; x_wconf 83' lang='lat' dir='ltr'><strong>vero,</strong></span> <span class='ocrx_word' id='word_1_19' title='bbox 792 370 927 440; x_wconf 88' lang='lat' dir='ltr'><strong>quia</strong></span> <span class='ocrx_word' id='word_1_20' title='bbox 964 369 1150 424; x_wconf 86' lang='lat' dir='ltr'><strong>lumen</strong></span> <span class='ocrx_word' id='word_1_21' title='bbox 1189 377 1271 424; x_wconf 86' lang='lat' dir='ltr'><strong>est</strong></span> <span class='ocrx_word' id='word_1_22' title='bbox 1307 370 1606 440; x_wconf 81' lang='lat' dir='ltr'><strong>sapientia,</strong></span> <span class='ocrx_word' id='word_1_23' title='bbox 1663 387 1765 441; x_wconf 89' lang='lat' dir='ltr'><strong>per</strong></span> <span class='ocrx_word' id='word_1_24' title='bbox 1799 388 1978 442; x_wconf 88' lang='lat' dir='ltr'><strong>quam</strong></span> 
     </span>
     <span class='ocr_line' id='line_1_4' title="bbox 366 441 1976 515; baseline 0.002 -17"><span class='ocrx_word' id='word_1_25' title='bbox 366 441 551 498; x_wconf 81' lang='lat' dir='ltr'><strong>omnia</strong></span> <span class='ocrx_word' id='word_1_26' title='bbox 588 452 915 508; x_wconf 84' lang='lat' dir='ltr'><strong>noscuntur,</strong></span> <span class='ocrx_word' id='word_1_27' title='bbox 960 460 1246 515; x_wconf 89' lang='lat' dir='ltr'><strong>quaequae</strong></span> <span class='ocrx_word' id='word_1_28' title='bbox 1277 443 1335 498; x_wconf 87' lang='lat' dir='ltr'><strong>in</strong></span> <span class='ocrx_word' id='word_1_29' title='bbox 1361 452 1554 498; x_wconf 86' lang='lat' dir='ltr'><strong>natura</strong></span> <span class='ocrx_word' id='word_1_30' title='bbox 1579 454 1738 509; x_wconf 89' lang='lat' dir='ltr'><strong>sunt,</strong></span> <span class='ocrx_word' id='word_1_31' title='bbox 1781 446 1976 501; x_wconf 88' lang='lat' dir='ltr'><strong>oleum</strong></span> 
     </span>
    </p>
   </div>
   <div class='ocr_carea' id='block_1_3' title="bbox 367 519 2071 590">
    <p class='ocr_par' dir='ltr' id='par_1_3' title="bbox 367 519 2071 590">
     <span class='ocr_line' id='line_1_5' title="bbox 367 519 2071 590; baseline 0.002 -17"><span class='ocrx_word' id='word_1_32' title='bbox 367 527 550 574; x_wconf 86' lang='lat' dir='ltr'><strong>autem</strong></span> <span class='ocrx_word' id='word_1_33' title='bbox 571 519 798 574; x_wconf 82' lang='lat' dir='ltr'><strong>materia</strong></span> <span class='ocrx_word' id='word_1_34' title='bbox 816 527 901 574; x_wconf 85' lang='lat' dir='ltr'><strong>est</strong></span> <span class='ocrx_word' id='word_1_35' title='bbox 918 529 972 574; x_wconf 82' lang='lat' dir='ltr'><strong>et</strong></span> <span class='ocrx_word' id='word_1_36' title='bbox 990 527 1283 590; x_wconf 86' lang='lat' dir='ltr'><strong>apparatus</strong></span> <span class='ocrx_word' id='word_1_37' title='bbox 1305 519 1634 590; x_wconf 80' lang='lat' dir='ltr'><strong>sapientiae:</strong></span> <span class='ocrx_word' id='word_1_38' title='bbox 1675 519 1816 574; x_wconf 85' lang='lat' dir='ltr'><strong>tales</strong></span> <span class='ocrx_word' id='word_1_39' title='bbox 1835 533 1978 577; x_wconf 83' lang='lat' dir='ltr'><strong>sunt</strong></span> <span class='ocrx_word' id='word_1_40' title='bbox 2069 547 2071 568; x_wconf 79' lang='grc' dir='ltr'>ι</span> 
     </span>
    </p>
   </div>
   <div class='ocr_carea' id='block_1_4' title="bbox 364 594 1976 816">
    <p class='ocr_par' dir='ltr' id='par_1_4' title="bbox 364 594 1976 816">
     <span class='ocr_line' id='line_1_6' title="bbox 365 594 1976 666; baseline 0.001 -18"><span class='ocrx_word' id='word_1_41' title='bbox 365 596 611 658; x_wconf 89' lang='lat' dir='ltr'><strong>numeri,</strong></span> <span class='ocrx_word' id='word_1_42' title='bbox 641 595 937 666; x_wconf 79' lang='lat' dir='ltr'><strong>geometria</strong></span> <span class='ocrx_word' id='word_1_43' title='bbox 951 635 964 657; x_wconf 94' lang='lat'><strong>,</strong></span> <span class='ocrx_word' id='word_1_44' title='bbox 998 595 1210 648; x_wconf 86' lang='lat' dir='ltr'><strong>musica</strong></span> <span class='ocrx_word' id='word_1_45' title='bbox 1231 611 1318 648; x_wconf 87' lang='lat' dir='ltr'><strong>ars</strong></span> <span class='ocrx_word' id='word_1_46' title='bbox 1332 635 1346 657; x_wconf 97' lang='lat'><strong>,</strong></span> <span class='ocrx_word' id='word_1_47' title='bbox 1377 595 1652 666; x_wconf 81' lang='lat' dir='ltr'><strong>encyclica</strong></span> <span class='ocrx_word' id='word_1_48' title='bbox 1668 635 1682 657; x_wconf 98' lang='lat'><strong>,</strong></span> <span class='ocrx_word' id='word_1_49' title='bbox 1711 594 1976 665; x_wconf 86' lang='lat' dir='ltr'><strong>philoso-</strong></span> 
     </span>
     <span class='ocr_line' id='line_1_7' title="bbox 364 668 1972 742; baseline 0.001 -18"><span class='ocrx_word' id='word_1_50' title='bbox 364 670 533 742; x_wconf 86' lang='lat' dir='ltr'><strong>phiae</strong></span> <span class='ocrx_word' id='word_1_51' title='bbox 550 669 799 724; x_wconf 86' lang='lat' dir='ltr'><strong>studium</strong></span> <span class='ocrx_word' id='word_1_52' title='bbox 816 677 870 725; x_wconf 84' lang='lat' dir='ltr'><strong>et</strong></span> <span class='ocrx_word' id='word_1_53' title='bbox 889 669 1115 723; x_wconf 88' lang='lat' dir='ltr'><strong>honesta</strong></span> <span class='ocrx_word' id='word_1_54' title='bbox 1144 669 1419 740; x_wconf 77' lang='lat' dir='ltr'><strong>imprimis</strong></span> <span class='ocrx_word' id='word_1_55' title='bbox 1448 668 1744 740; x_wconf 87' lang='lat' dir='ltr'><strong>disciplina</strong></span> <span class='ocrx_word' id='word_1_56' title='bbox 1759 710 1772 733; x_wconf 89' lang='lat'><strong>,</strong></span> <span class='ocrx_word' id='word_1_57' title='bbox 1815 686 1972 740; x_wconf 89' lang='lat' dir='ltr'><strong>quae</strong></span> 
     </span>
     <span class='ocr_line' id='line_1_8' title="bbox 366 743 1714 816; baseline -0.002 -17"><span class='ocrx_word' id='word_1_58' title='bbox 366 745 509 799; x_wconf 86' lang='lat' dir='ltr'><strong>nihil</strong></span> <span class='ocrx_word' id='word_1_59' title='bbox 529 761 661 816; x_wconf 87' lang='lat' dir='ltr'><strong>prae</strong></span> <span class='ocrx_word' id='word_1_60' title='bbox 678 761 741 800; x_wconf 83' lang='lat' dir='ltr'><strong>se</strong></span> <span class='ocrx_word' id='word_1_61' title='bbox 760 743 941 799; x_wconf 85' lang='lat' dir='ltr'><strong>ferunt</strong></span> <span class='ocrx_word' id='word_1_62' title='bbox 962 743 1388 815; x_wconf 83' lang='lat' dir='ltr'><strong>improbandum</strong></span> <span class='ocrx_word' id='word_1_63' title='bbox 1409 746 1552 800; x_wconf 81' lang='lat' dir='ltr'><strong>sicut</strong></span> <span class='ocrx_word' id='word_1_64' title='bbox 1571 743 1714 799; x_wconf 80' lang='lat' dir='ltr'><strong>faex.</strong></span> 
     </span>
    </p>
   </div>
   <div class='ocr_carea' id='block_1_5' title="bbox 466 853 1864 1026">
    <p class='ocr_par' dir='ltr' id='par_1_5' title="bbox 466 853 1864 1026">
     <span class='ocr_line' id='line_1_9' title="bbox 466 853 1864 958; baseline -0.001 -13"><span class='ocrx_word' id='word_1_65' title='bbox 466 853 626 953; x_wconf 48' lang='lat' dir='ltr'><strong>Qua-are</strong></span> <span class='ocrx_word' id='word_1_66' title='bbox 660 913 693 944; x_wconf 86' lang='lat' dir='ltr'><strong>a</strong></span> <span class='ocrx_word' id='word_1_67' title='bbox 726 911 923 958; x_wconf 71' lang='lat' dir='ltr'><strong>vespera</strong></span> <span class='ocrx_word' id='word_1_68' title='bbox 954 911 1101 958; x_wconf 75' lang='lat' dir='ltr'><strong>usque</strong></span> <span class='ocrx_word' id='word_1_69' title='bbox 1135 895 1205 944; x_wconf 86' lang='lat' dir='ltr'><strong>ad</strong></span> <span class='ocrx_word' id='word_1_70' title='bbox 1235 859 1374 944; x_wconf 60' lang='lat' dir='ltr'><strong>vitane</strong></span> <span class='ocrx_word' id='word_1_71' title='bbox 1407 895 1534 946; x_wconf 75' lang='lat' dir='ltr'><strong>iubet</strong></span> <span class='ocrx_word' id='word_1_72' title='bbox 1573 895 1768 946; x_wconf 76' lang='lat' dir='ltr'><strong>accendi</strong></span> <span class='ocrx_word' id='word_1_73' title='bbox 1799 895 1864 944; x_wconf 72' lang='lat' dir='ltr'><strong>ln·</strong></span> 
     </span>
     <span class='ocr_line' id='line_1_10' title="bbox 924 964 1397 1026; baseline -0.002 -15"><span class='ocrx_word' id='word_1_74' title='bbox 924 967 1123 1011; x_wconf 72' lang='lat' dir='ltr'><strong>cernas?</strong></span> <span class='ocrx_word' id='word_1_75' title='bbox 1157 965 1262 1026; x_wconf 84' lang='lat'><strong>(27,</strong></span> <span class='ocrx_word' id='word_1_76' title='bbox 1287 964 1397 1022; x_wconf 84' lang='lat'>21.)</span> 
     </span>
    </p>
   </div>
   <div class='ocr_carea' id='block_1_6' title="bbox 482 1063 1964 1137">
    <p class='ocr_par' dir='ltr' id='par_1_6' title="bbox 482 1063 1964 1137">
     <span class='ocr_line' id='line_1_11' title="bbox 482 1063 1964 1137; baseline -0.001 -17"><span class='ocrx_word' id='word_1_77' title='bbox 482 1069 595 1121; x_wconf 73' lang='lat'><strong>⁴04.</strong></span> <span class='ocrx_word' id='word_1_78' title='bbox 636 1067 755 1120; x_wconf 85' lang='lat' dir='ltr'><strong>Non</strong></span> <span class='ocrx_word' id='word_1_79' title='bbox 784 1063 933 1136; x_wconf 88' lang='lat' dir='ltr'><strong>quod</strong></span> <span class='ocrx_word' id='word_1_80' title='bbox 960 1064 1111 1118; x_wconf 87' lang='lat' dir='ltr'><strong>intus</strong></span> <span class='ocrx_word' id='word_1_81' title='bbox 1140 1064 1472 1136; x_wconf 84' lang='lat' dir='ltr'><strong>degentibus</strong></span> <span class='ocrx_word' id='word_1_82' title='bbox 1500 1064 1690 1121; x_wconf 88' lang='lat' dir='ltr'><strong>lumen</strong></span> <span class='ocrx_word' id='word_1_83' title='bbox 1718 1073 1964 1137; x_wconf 86' lang='lat' dir='ltr'><strong>praesta-</strong></span> 
     </span>
    </p>
   </div>
   <div class='ocr_carea' id='block_1_7' title="bbox 364 1132 2081 1211">
    <p class='ocr_par' dir='ltr' id='par_1_7' title="bbox 364 1132 2081 1211">
     <span class='ocr_line' id='line_1_12' title="bbox 364 1132 2081 1211; baseline -0.001 -17"><span class='ocrx_word' id='word_1_84' title='bbox 364 1149 485 1196; x_wconf 87' lang='lat' dir='ltr'><strong>rent</strong></span> <span class='ocrx_word' id='word_1_85' title='bbox 512 1171 587 1182; x_wconf 95' lang='lat'><strong>—</strong></span> <span class='ocrx_word' id='word_1_86' title='bbox 612 1141 739 1211; x_wconf 89' lang='lat' dir='ltr'><strong>quis</strong></span> <span class='ocrx_word' id='word_1_87' title='bbox 779 1140 927 1194; x_wconf 89' lang='lat' dir='ltr'><strong>enim</strong></span> <span class='ocrx_word' id='word_1_88' title='bbox 964 1147 1081 1194; x_wconf 81' lang='lat' dir='ltr'><strong>erat</strong></span> <span class='ocrx_word' id='word_1_89' title='bbox 1119 1140 1176 1194; x_wconf 90' lang='lat' dir='ltr'><strong>in</strong></span> <span class='ocrx_word' id='word_1_90' title='bbox 1213 1141 1418 1194; x_wconf 82' lang='lat' dir='ltr'><strong>sanctis</strong></span> <span class='ocrx_word' id='word_1_91' title='bbox 1457 1141 1600 1194; x_wconf 88' lang='lat' dir='ltr'><strong>intra</strong></span> <span class='ocrx_word' id='word_1_92' title='bbox 1639 1137 1859 1210; x_wconf 75' lang='lat' dir='ltr'><strong>velum?</strong></span> <span class='ocrx_word' id='word_1_93' title='bbox 1885 1171 1964 1181; x_wconf 90' lang='lat'>—</span> <span class='ocrx_word' id='word_1_94' title='bbox 2007 1157 2034 1170; x_wconf 69' lang='lat'><em>⁴</em></span> <span class='ocrx_word' id='word_1_95' title='bbox 2079 1132 2081 1156; x_wconf 77' lang='lat'><em>³</em></span> 
     </span>
    </p>
   </div>
   <div class='ocr_carea' id='block_1_8' title="bbox 363 1214 1964 1740">
    <p class='ocr_par' dir='ltr' id='par_1_8' title="bbox 363 1214 1964 1740">
     <span class='ocr_line' id='line_1_13' title="bbox 365 1214 1964 1287; baseline 0 -18"><span class='ocrx_word' id='word_1_96' title='bbox 365 1232 539 1287; x_wconf 89' lang='lat' dir='ltr'><strong>quum</strong></span> <span class='ocrx_word' id='word_1_97' title='bbox 557 1232 716 1270; x_wconf 91' lang='lat' dir='ltr'><strong>nemo</strong></span> <span class='ocrx_word' id='word_1_98' title='bbox 736 1215 897 1285; x_wconf 89' lang='lat' dir='ltr'><strong>plane</strong></span> <span class='ocrx_word' id='word_1_99' title='bbox 918 1216 1069 1268; x_wconf 88' lang='lat' dir='ltr'><strong>intus</strong></span> <span class='ocrx_word' id='word_1_100' title='bbox 1097 1214 1376 1283; x_wconf 80' lang='lat' dir='ltr'><strong>manebat3</strong></span> <span class='ocrx_word' id='word_1_101' title='bbox 1439 1214 1539 1269; x_wconf 91' lang='lat' dir='ltr'><strong>sed</strong></span> <span class='ocrx_word' id='word_1_102' title='bbox 1569 1216 1700 1286; x_wconf 91' lang='lat' dir='ltr'><strong>quia</strong></span> <span class='ocrx_word' id='word_1_103' title='bbox 1734 1215 1964 1269; x_wconf 88' lang='lat' dir='ltr'><strong>lumini-</strong></span> 
     </span>
     <span class='ocr_line' id='line_1_14' title="bbox 364 1287 1964 1363; baseline -0.001 -18"><span class='ocrx_word' id='word_1_104' title='bbox 364 1289 604 1346; x_wconf 84' lang='lat' dir='ltr'><strong>ferarum</strong></span> <span class='ocrx_word' id='word_1_105' title='bbox 622 1288 904 1344; x_wconf 87' lang='lat' dir='ltr'><strong>stellarum</strong></span> <span class='ocrx_word' id='word_1_106' title='bbox 922 1297 1051 1344; x_wconf 90' lang='lat' dir='ltr'><strong>sunt</strong></span> <span class='ocrx_word' id='word_1_107' title='bbox 1073 1291 1316 1345; x_wconf 83' lang='lat' dir='ltr'><strong>lucernae</strong></span> <span class='ocrx_word' id='word_1_108' title='bbox 1333 1289 1609 1363; x_wconf 81' lang='lat' dir='ltr'><strong>symbola:</strong></span> <span class='ocrx_word' id='word_1_109' title='bbox 1651 1287 1842 1345; x_wconf 89' lang='lat' dir='ltr'><strong>stellae</strong></span> <span class='ocrx_word' id='word_1_110' title='bbox 1863 1308 1964 1344; x_wconf 90' lang='lat' dir='ltr'><strong>au—</strong></span> 
     </span>
     <span class='ocr_line' id='line_1_15' title="bbox 363 1365 1960 1434; baseline -0.001 -14"><span class='ocrx_word' id='word_1_111' title='bbox 363 1373 473 1420; x_wconf 88' lang='lat' dir='ltr'><strong>tem</strong></span> <span class='ocrx_word' id='word_1_112' title='bbox 513 1367 577 1420; x_wconf 78' lang='lat' dir='ltr'><strong>de</strong></span> <span class='ocrx_word' id='word_1_113' title='bbox 610 1381 821 1431; x_wconf 77' lang='lat' dir='ltr'><strong>vespera</strong></span> <span class='ocrx_word' id='word_1_114' title='bbox 847 1381 1009 1434; x_wconf 76' lang='lat' dir='ltr'><strong>usquo</strong></span> <span class='ocrx_word' id='word_1_115' title='bbox 1034 1369 1108 1420; x_wconf 81' lang='lat' dir='ltr'><strong>ad</strong></span> <span class='ocrx_word' id='word_1_116' title='bbox 1134 1381 1284 1420; x_wconf 80' lang='lat' dir='ltr'><strong>mano</strong></span> <span class='ocrx_word' id='word_1_117' title='bbox 1311 1365 1543 1429; x_wconf 85' lang='lat' dir='ltr'><strong>micant,</strong></span> <span class='ocrx_word' id='word_1_118' title='bbox 1587 1366 1960 1420; x_wconf 82' lang='lat' dir='ltr'><strong>ministrantes</strong></span> 
     </span>
     <span class='ocr_line' id='line_1_16' title="bbox 365 1437 1962 1516; baseline 0.001 -23"><span class='ocrx_word' id='word_1_119' title='bbox 365 1438 736 1493; x_wconf 88' lang='lat' dir='ltr'><strong>necessarium</strong></span> <span class='ocrx_word' id='word_1_120' title='bbox 770 1439 1143 1494; x_wconf 88' lang='lat' dir='ltr'><strong>ministerium</strong></span> <span class='ocrx_word' id='word_1_121' title='bbox 1175 1437 1248 1516; x_wconf 67' lang='grc' dir='ltr'><strong>[Ἴ</strong></span> <span class='ocrx_word' id='word_1_122' title='bbox 1282 1441 1543 1495; x_wconf 81' lang='lat' dir='ltr'><strong>universo</strong></span> <span class='ocrx_word' id='word_1_123' title='bbox 1563 1439 1792 1495; x_wconf 72' lang='lat' dir='ltr'><strong>mundo,</strong></span> <span class='ocrx_word' id='word_1_124' title='bbox 1862 1439 1962 1496; x_wconf 82' lang='lat' dir='ltr'><strong>At-</strong></span> 
     </span>
     <span class='ocr_line' id='line_1_17' title="bbox 364 1514 1962 1588; baseline 0.002 -22"><span class='ocrx_word' id='word_1_125' title='bbox 364 1529 473 1585; x_wconf 89' lang='lat' dir='ltr'><strong>que</strong></span> <span class='ocrx_word' id='word_1_126' title='bbox 509 1514 760 1567; x_wconf 87' lang='lat' dir='ltr'><strong>lucernas</strong></span> <span class='ocrx_word' id='word_1_127' title='bbox 801 1527 1047 1586; x_wconf 80' lang='lat' dir='ltr'><strong>aequum</strong></span> <span class='ocrx_word' id='word_1_128' title='bbox 1078 1515 1240 1571; x_wconf 86' lang='lat' dir='ltr'><strong>duxit</strong></span> <span class='ocrx_word' id='word_1_129' title='bbox 1275 1515 1703 1571; x_wconf 85' lang='lat' dir='ltr'><strong>similitudinem</strong></span> <span class='ocrx_word' id='word_1_130' title='bbox 1739 1529 1870 1588; x_wconf 86' lang='lat' dir='ltr'><strong>prae</strong></span> <span class='ocrx_word' id='word_1_131' title='bbox 1899 1533 1962 1570; x_wconf 89' lang='lat' dir='ltr'><strong>se</strong></span> 
     </span>
     <span class='ocr_line' id='line_1_18' title="bbox 365 1587 1960 1662; baseline 0.001 -18"><span class='ocrx_word' id='word_1_132' title='bbox 365 1589 506 1644; x_wconf 89' lang='lat' dir='ltr'><strong>ferre</strong></span> <span class='ocrx_word' id='word_1_133' title='bbox 527 1587 845 1643; x_wconf 87' lang='lat' dir='ltr'><strong>caelestium</strong></span> <span class='ocrx_word' id='word_1_134' title='bbox 866 1588 1113 1645; x_wconf 85' lang='lat' dir='ltr'><strong>siderum</strong></span> <span class='ocrx_word' id='word_1_135' title='bbox 1132 1591 1361 1646; x_wconf 87' lang='lat' dir='ltr'><strong>choreae</strong></span> <span class='ocrx_word' id='word_1_136' title='bbox 1383 1607 1412 1646; x_wconf 87' lang='lat' dir='ltr'><strong>a</strong></span> <span class='ocrx_word' id='word_1_137' title='bbox 1431 1592 1670 1646; x_wconf 86' lang='lat' dir='ltr'><strong>serotino</strong></span> <span class='ocrx_word' id='word_1_138' title='bbox 1689 1606 1868 1662; x_wconf 90' lang='lat' dir='ltr'><strong>usque</strong></span> <span class='ocrx_word' id='word_1_139' title='bbox 1890 1591 1960 1646; x_wconf 87' lang='lat' dir='ltr'><strong>ad</strong></span> 
     </span>
     <span class='ocr_line' id='line_1_19' title="bbox 364 1664 959 1740; baseline -0.003 -20"><span class='ocrx_word' id='word_1_140' title='bbox 364 1664 693 1720; x_wconf 85' lang='lat' dir='ltr'><strong>matutinum</strong></span> <span class='ocrx_word' id='word_1_141' title='bbox 722 1672 959 1740; x_wconf 86' lang='lat' dir='ltr'><strong>tempus.</strong></span> 
     </span>
    </p>
   </div>
   <div class='ocr_carea' id='block_1_9' title="bbox 410 1805 1868 1939">
    <p class='ocr_par' dir='ltr' id='par_1_9' title="bbox 410 1805 1868 1939">
     <span class='ocr_line' id='line_1_20' title="bbox 456 1805 1868 1939; baseline 0 -82"><span class='ocrx_word' id='word_1_142' title='bbox 456 1807 553 1858; x_wconf 72' lang='lat' dir='ltr'><strong>Ota·</strong></span> <span class='ocrx_word' id='word_1_143' title='bbox 583 1807 776 1857; x_wconf 78' lang='lat' dir='ltr'><strong>Aarom&#39;</strong></span> <span class='ocrx_word' id='word_1_144' title='bbox 792 1807 1007 1872; x_wconf 73' lang='lat' dir='ltr'><strong>filiisque</strong></span> <span class='ocrx_word' id='word_1_145' title='bbox 1042 1807 1142 1856; x_wconf 71' lang='lat' dir='ltr'><strong>eiua</strong></span> <span class='ocrx_word' id='word_1_146' title='bbox 1155 1823 1346 1939; x_wconf 48' lang='grc' dir='ltr'><strong>,ωἷεὲτς</strong></span> <span class='ocrx_word' id='word_1_147' title='bbox 1379 1805 1468 1857; x_wconf 73' lang='lat' dir='ltr'><strong>dat</strong></span> <span class='ocrx_word' id='word_1_148' title='bbox 1509 1807 1765 1856; x_wconf 74' lang='lat' dir='ltr'><strong>accendere</strong></span> <span class='ocrx_word' id='word_1_149' title='bbox 1800 1808 1868 1857; x_wconf 82' lang='lat' dir='ltr'><strong>lu·</strong></span> 
     </span>
     <span class='ocr_line' id='line_1_21' title="bbox 410 1889 1310 1925; baseline -0.011 7"><span class='ocrx_word' id='word_1_150' title='bbox 410 1903 419 1912; x_wconf 93' lang='lat'><strong>·</strong></span> <span class='ocrx_word' id='word_1_151' title='bbox 982 1889 1150 1925; x_wconf 75' lang='lat' dir='ltr'><strong>cernae</strong></span> <span class='ocrx_word' id='word_1_152' title='bbox 1243 1891 1261 1924; x_wconf 77' lang='grc' dir='ltr'>ι</span> <span class='ocrx_word' id='word_1_153' title='bbox 1297 1909 1310 1922; x_wconf 93' lang='grc'><strong>.</strong></span> 
     </span>
    </p>
   </div>
   <div class='ocr_carea' id='block_1_10' title="bbox 361 1977 1972 2802">
    <p class='ocr_par' dir='ltr' id='par_1_10' title="bbox 361 1977 1972 2802">
     <span class='ocr_line' id='line_1_22' title="bbox 482 1977 1958 2048; baseline -0.001 -16"><span class='ocrx_word' id='word_1_154' title='bbox 482 1981 597 2034; x_wconf 77' lang='grc'><strong>405.</strong></span> <span class='ocrx_word' id='word_1_155' title='bbox 664 1977 933 2033; x_wconf 86' lang='lat' dir='ltr'><strong>Aaronem</strong></span> <span class='ocrx_word' id='word_1_156' title='bbox 981 1979 1226 2048; x_wconf 87' lang='lat' dir='ltr'><strong>suscepit</strong></span> <span class='ocrx_word' id='word_1_157' title='bbox 1270 1978 1548 2032; x_wconf 86' lang='lat' dir='ltr'><strong>initiatum</strong></span> <span class='ocrx_word' id='word_1_158' title='bbox 1587 1977 1858 2032; x_wconf 85' lang='lat' dir='ltr'><strong>divinitus</strong></span> <span class='ocrx_word' id='word_1_159' title='bbox 1897 1995 1958 2031; x_wconf 91' lang='lat' dir='ltr'><strong>ac</strong></span> 
     </span>
     <span class='ocr_line' id='line_1_23' title="bbox 362 2050 1958 2126; baseline -0.001 -18"><span class='ocrx_word' id='word_1_160' title='bbox 362 2053 683 2125; x_wconf 84' lang='lat' dir='ltr'><strong>prophetico</strong></span> <span class='ocrx_word' id='word_1_161' title='bbox 704 2054 905 2124; x_wconf 89' lang='lat' dir='ltr'><strong>spiritu</strong></span> <span class='ocrx_word' id='word_1_162' title='bbox 925 2053 1185 2108; x_wconf 88' lang='lat' dir='ltr'><strong>donatum</strong></span> <span class='ocrx_word' id='word_1_163' title='bbox 1201 2094 1215 2116; x_wconf 92' lang='lat'><strong>,</strong></span> <span class='ocrx_word' id='word_1_164' title='bbox 1240 2053 1636 2126; x_wconf 83' lang='lat' dir='ltr'><strong>negligentiam</strong></span> <span class='ocrx_word' id='word_1_165' title='bbox 1657 2050 1958 2108; x_wconf 87' lang='lat' dir='ltr'><strong>succeden-</strong></span> 
     </span>
     <span class='ocr_line' id='line_1_24' title="bbox 362 2127 1960 2200; baseline -0.001 -17"><span class='ocrx_word' id='word_1_166' title='bbox 362 2130 503 2183; x_wconf 89' lang='lat' dir='ltr'><strong>tium</strong></span> <span class='ocrx_word' id='word_1_167' title='bbox 521 2128 869 2199; x_wconf 85' lang='lat' dir='ltr'><strong>postmodum</strong></span> <span class='ocrx_word' id='word_1_168' title='bbox 892 2127 1216 2200; x_wconf 88' lang='lat' dir='ltr'><strong>pontificum</strong></span> <span class='ocrx_word' id='word_1_169' title='bbox 1244 2127 1681 2200; x_wconf 74' lang='lat' dir='ltr'><strong>reprehenden5‚</strong></span> <span class='ocrx_word' id='word_1_170' title='bbox 1725 2128 1824 2200; x_wconf 85' lang='lat' dir='ltr'><strong>qui</strong></span> <span class='ocrx_word' id='word_1_171' title='bbox 1851 2129 1960 2182; x_wconf 90' lang='lat' dir='ltr'><strong>mi-</strong></span> 
     </span>
     <span class='ocr_line' id='line_1_25' title="bbox 362 2202 1961 2278; baseline 0 -22"><span class='ocrx_word' id='word_1_172' title='bbox 362 2204 654 2278; x_wconf 78' lang='lat' dir='ltr'><strong>nisterium</strong></span> <span class='ocrx_word' id='word_1_173' title='bbox 692 2211 1004 2257; x_wconf 83' lang='lat' dir='ltr'><strong>sanctorum</strong></span> <span class='ocrx_word' id='word_1_174' title='bbox 1031 2202 1440 2258; x_wconf 86' lang='lat' dir='ltr'><strong>demandabant</strong></span> <span class='ocrx_word' id='word_1_175' title='bbox 1467 2202 1730 2258; x_wconf 88' lang='lat' dir='ltr'><strong>secundis</strong></span> <span class='ocrx_word' id='word_1_176' title='bbox 1758 2220 1820 2258; x_wconf 89' lang='lat' dir='ltr'><strong>ac</strong></span> <span class='ocrx_word' id='word_1_177' title='bbox 1847 2212 1961 2257; x_wconf 85' lang='lat' dir='ltr'><strong>ter-</strong></span> 
     </span>
     <span class='ocr_line' id='line_1_26' title="bbox 362 2275 1961 2350; baseline 0.001 -18"><span class='ocrx_word' id='word_1_178' title='bbox 362 2280 456 2332; x_wconf 85' lang='lat' dir='ltr'><strong>tiis</strong></span> <span class='ocrx_word' id='word_1_179' title='bbox 487 2279 605 2332; x_wconf 88' lang='lat' dir='ltr'><strong>suis</strong></span> <span class='ocrx_word' id='word_1_180' title='bbox 633 2275 704 2331; x_wconf 92' lang='lat' dir='ltr'><strong>ob</strong></span> <span class='ocrx_word' id='word_1_181' title='bbox 734 2277 1035 2350; x_wconf 83' lang='lat' dir='ltr'><strong>pigritiam.</strong></span> <span class='ocrx_word' id='word_1_182' title='bbox 1115 2275 1385 2344; x_wconf 88' lang='lat' dir='ltr'><strong>Quoniam</strong></span> <span class='ocrx_word' id='word_1_183' title='bbox 1416 2279 1527 2350; x_wconf 85' lang='lat' dir='ltr'><strong>ipsi</strong></span> <span class='ocrx_word' id='word_1_184' title='bbox 1555 2295 1655 2350; x_wconf 92' lang='lat' dir='ltr'><strong>per</strong></span> <span class='ocrx_word' id='word_1_185' title='bbox 1685 2295 1744 2333; x_wconf 87' lang='lat' dir='ltr'><strong>se</strong></span> <span class='ocrx_word' id='word_1_186' title='bbox 1765 2285 1961 2334; x_wconf 87' lang='lat' dir='ltr'><strong>cuncta</strong></span> 
     </span>
     <span class='ocr_line' id='line_1_27' title="bbox 362 2351 1966 2426; baseline -0.001 -18"><span class='ocrx_word' id='word_1_187' title='bbox 362 2353 625 2424; x_wconf 87' lang='lat' dir='ltr'><strong>consequi</strong></span> <span class='ocrx_word' id='word_1_188' title='bbox 654 2351 835 2406; x_wconf 85' lang='lat' dir='ltr'><strong>officia</strong></span> <span class='ocrx_word' id='word_1_189' title='bbox 864 2352 1160 2407; x_wconf 85' lang='lat' dir='ltr'><strong>ministerii</strong></span> <span class='ocrx_word' id='word_1_190' title='bbox 1189 2353 1547 2410; x_wconf 86' lang='lat' dir='ltr'><strong>inenarrabili</strong></span> <span class='ocrx_word' id='word_1_191' title='bbox 1576 2352 1814 2426; x_wconf 88' lang='lat' dir='ltr'><strong>quadam</strong></span> <span class='ocrx_word' id='word_1_192' title='bbox 1848 2354 1966 2407; x_wconf 88' lang='lat' dir='ltr'><strong>lae-</strong></span> 
     </span>
     <span class='ocr_line' id='line_1_28' title="bbox 362 2425 1965 2498; baseline 0 -16"><span class='ocrx_word' id='word_1_193' title='bbox 362 2429 482 2483; x_wconf 85' lang='lat' dir='ltr'><strong>titia</strong></span> <span class='ocrx_word' id='word_1_194' title='bbox 520 2428 749 2482; x_wconf 84' lang='lat' dir='ltr'><strong>minime</strong></span> <span class='ocrx_word' id='word_1_195' title='bbox 787 2425 1106 2481; x_wconf 86' lang='lat' dir='ltr'><strong>studebant:</strong></span> <span class='ocrx_word' id='word_1_196' title='bbox 1168 2444 1343 2498; x_wconf 90' lang='lat' dir='ltr'><strong>quum</strong></span> <span class='ocrx_word' id='word_1_197' title='bbox 1377 2429 1520 2483; x_wconf 88' lang='lat' dir='ltr'><strong>nihil</strong></span> <span class='ocrx_word' id='word_1_198' title='bbox 1550 2429 1623 2484; x_wconf 88' lang='lat' dir='ltr'><strong>sit</strong></span> <span class='ocrx_word' id='word_1_199' title='bbox 1650 2427 1965 2483; x_wconf 90' lang='lat' dir='ltr'><strong>iucundum</strong></span> 
     </span>
     <span class='ocr_line' id='line_1_29' title="bbox 362 2499 1962 2578; baseline 0.001 -21"><span class='ocrx_word' id='word_1_200' title='bbox 362 2519 425 2557; x_wconf 90' lang='lat' dir='ltr'><strong>ac</strong></span> <span class='ocrx_word' id='word_1_201' title='bbox 445 2519 615 2558; x_wconf 88' lang='lat' dir='ltr'><strong>suave</strong></span> <span class='ocrx_word' id='word_1_202' title='bbox 636 2517 815 2572; x_wconf 82' lang='lat' dir='ltr'><strong>neque</strong></span> <span class='ocrx_word' id='word_1_203' title='bbox 834 2499 1138 2574; x_wconf 82' lang='lat' dir='ltr'><strong>gloriosum</strong></span> <span class='ocrx_word' id='word_1_204' title='bbox 1155 2505 1335 2578; x_wconf 82' lang='lat' dir='ltr'><strong>magis</strong></span> <span class='ocrx_word' id='word_1_205' title='bbox 1350 2546 1363 2569; x_wconf 90' lang='lat'><strong>,</strong></span> <span class='ocrx_word' id='word_1_206' title='bbox 1404 2521 1572 2575; x_wconf 91' lang='lat' dir='ltr'><strong>quam</strong></span> <span class='ocrx_word' id='word_1_207' title='bbox 1599 2502 1701 2559; x_wconf 89' lang='lat' dir='ltr'><strong>deo</strong></span> <span class='ocrx_word' id='word_1_208' title='bbox 1728 2504 1962 2570; x_wconf 85' lang='lat' dir='ltr'><strong>servire,</strong></span> 
     </span>
     <span class='ocr_line' id='line_1_30' title="bbox 362 2575 1967 2652; baseline 0.002 -22"><span class='ocrx_word' id='word_1_209' title='bbox 362 2577 512 2648; x_wconf 89' lang='lat' dir='ltr'><strong>quod</strong></span> <span class='ocrx_word' id='word_1_210' title='bbox 542 2577 765 2632; x_wconf 81' lang='lat' dir='ltr'><strong>excellit</strong></span> <span class='ocrx_word' id='word_1_211' title='bbox 789 2575 1051 2649; x_wconf 84' lang='lat' dir='ltr'><strong>magnum</strong></span> <span class='ocrx_word' id='word_1_212' title='bbox 1081 2579 1246 2650; x_wconf 84' lang='lat' dir='ltr'><strong>etiam</strong></span> <span class='ocrx_word' id='word_1_213' title='bbox 1274 2595 1527 2652; x_wconf 81' lang='lat' dir='ltr'><strong>regnum.</strong></span> <span class='ocrx_word' id='word_1_214' title='bbox 1606 2579 1747 2634; x_wconf 84' lang='lat' dir='ltr'><strong>Mihi</strong></span> <span class='ocrx_word' id='word_1_215' title='bbox 1776 2587 1967 2634; x_wconf 88' lang='lat' dir='ltr'><strong>autem</strong></span> 
     </span>
     <span class='ocr_line' id='line_1_31' title="bbox 361 2650 1970 2725; baseline 0.004 -23"><span class='ocrx_word' id='word_1_216' title='bbox 361 2650 582 2704; x_wconf 85' lang='lat' dir='ltr'><strong>videtur</strong></span> <span class='ocrx_word' id='word_1_217' title='bbox 600 2652 811 2720; x_wconf 87' lang='lat' dir='ltr'><strong>priscos</strong></span> <span class='ocrx_word' id='word_1_218' title='bbox 832 2668 988 2723; x_wconf 82' lang='lat' dir='ltr'><strong>reges</strong></span> <span class='ocrx_word' id='word_1_219' title='bbox 1016 2653 1183 2706; x_wconf 87' lang='lat' dir='ltr'><strong>simul</strong></span> <span class='ocrx_word' id='word_1_220' title='bbox 1215 2661 1268 2708; x_wconf 85' lang='lat' dir='ltr'><strong>et</strong></span> <span class='ocrx_word' id='word_1_221' title='bbox 1294 2651 1582 2725; x_wconf 81' lang='lat' dir='ltr'><strong>pontifices</strong></span> <span class='ocrx_word' id='word_1_222' title='bbox 1613 2651 1786 2708; x_wconf 84' lang='lat' dir='ltr'><strong>fuisse</strong></span> <span class='ocrx_word' id='word_1_223' title='bbox 1803 2695 1817 2718; x_wconf 93' lang='lat'>‚</span> <span class='ocrx_word' id='word_1_224' title='bbox 1859 2661 1970 2724; x_wconf 81' lang='lat' dir='ltr'><strong>p‘a-</strong></span> 
     </span>
     <span class='ocr_line' id='line_1_32' title="bbox 364 2723 1972 2802; baseline 0.004 -24"><span class='ocrx_word' id='word_1_225' title='bbox 364 2723 474 2778; x_wconf 90' lang='lat' dir='ltr'><strong>lam</strong></span> <span class='ocrx_word' id='word_1_226' title='bbox 506 2740 605 2793; x_wconf 90' lang='lat' dir='ltr'><strong>per</strong></span> <span class='ocrx_word' id='word_1_227' title='bbox 640 2739 805 2778; x_wconf 85' lang='lat' dir='ltr'><strong>suum</strong></span> <span class='ocrx_word' id='word_1_228' title='bbox 842 2727 1213 2782; x_wconf 87' lang='lat' dir='ltr'><strong>ministerium</strong></span> <span class='ocrx_word' id='word_1_229' title='bbox 1237 2728 1529 2795; x_wconf 83' lang='lat' dir='ltr'><strong>facientes,</strong></span> <span class='ocrx_word' id='word_1_230' title='bbox 1570 2728 1719 2801; x_wconf 88' lang='lat' dir='ltr'><strong>quod</strong></span> <span class='ocrx_word' id='word_1_231' title='bbox 1748 2737 1972 2802; x_wconf 85' lang='lat' dir='ltr'><strong>oportet</strong></span> 
     </span>
    </p>
   </div>
   <div class='ocr_carea' id='block_1_11' title="bbox 2062 229 2070 428">
    <p class='ocr_par' dir='ltr' id='par_1_11' title="bbox 2062 229 2070 436">
     <span class='ocr_line' id='line_1_33' title="bbox 2062 229 2070 428; baseline 0 0"><span class='ocrx_word' id='word_1_232' title='bbox 2062 229 2070 428; x_wconf 55' lang='lat' dir='ltr'><strong>l</strong></span> 
     </span>
    </p>
   </div>
   <div class='ocr_carea' id='block_1_12' title="bbox 2071 608 2075 782">
    <p class='ocr_par' dir='ltr' id='par_1_12' title="bbox 2071 608 2075 782">
     <span class='ocr_line' id='line_1_34' title="bbox 2071 608 2073 668; baseline 0 0"><span class='ocrx_word' id='word_1_233' title='bbox 2071 608 2073 668; x_wconf 61' lang='lat'>1</span> 
     </span>
     <span class='ocr_line' id='line_1_35' title="bbox 2073 740 2075 782; baseline 0 0"><span class='ocrx_word' id='word_1_234' title='bbox 2073 740 2075 782; x_wconf 43' lang='grc' dir='ltr'>η</span> 
     </span>
    </p>
   </div>
   <div class='ocr_carea' id='block_1_13' title="bbox 2081 1525 2088 1590">
    <p class='ocr_par' dir='ltr' id='par_1_13' title="bbox 2081 1525 2088 1590">
     <span class='ocr_line' id='line_1_36' title="bbox 2081 1525 2088 1590; baseline 0 0"><span class='ocrx_word' id='word_1_235' title='bbox 2081 1525 2088 1590; x_wconf 71' lang='grc' dir='ltr'>ἰ</span> 
     </span>
    </p>
   </div>
  </div>
 </body>
</html>
