2125 3084
347 165 443 217 454
931 168 1334 214 ΔΡΡΕΝῙΠΧ.
1479 197 1490 204 -
1709 168 1791 234 [11,
1813 173 1927 239 612]

343 269 553 324 stodiae
584 278 735 323 cetus
765 275 818 322 et
850 276 1126 322 accusator
1163 265 1412 320 infensus
1449 285 1630 338 mare;
1703 273 1928 344 eiusque

342 345 510 399 verba
532 343 917 416 reprehensiva
934 383 947 406 ‚
970 351 1024 396 et
1045 341 1328 396 evidenter
1349 345 1736 401 convincentia
1755 349 1930 404 unda-

341 437 465 475 rum
486 417 681 474 ssuctus
696 459 709 483 ‚
742 418 999 488 quoniam
1022 415 1287 470 stridebat
1303 418 1463 486 quasi
1483 419 1745 475 dentibus
1765 440 1926 494 super

342 511 467 549 eum
489 510 637 549 mare
658 492 727 547 de
746 501 935 546 natura
966 507 1250 562 spumans·
1325 491 1512 562 ltaque
1539 495 1788 549 naucleri
1816 498 1927 552 sic-

341 578 402 624 ut
423 569 635 623 iudices
654 569 797 622 Unda
814 585 887 634 es,
904 567 1077 630 aiunt,
1099 575 1148 622 et
1165 583 1234 619 ex
1255 583 1355 633 quo
1367 569 1567 633 populo,
1590 577 1640 620 et
1657 574 1788 636 quid
1803 588 1926 638 ope-

340 643 522 697 raris?
552 653 682 711 (lon.
705 651 752 708 1,
774 645 845 704 8.)
920 641 1213 710 Postquam
1232 648 1414 694 autem
1433 640 1692 695 sciscitati
1711 642 1924 698 edocti-

340 735 449 789 que
473 726 601 774 sunt
614 758 626 781 ‚
669 733 775 770 non
796 716 1010 769 irruunt
1030 731 1196 785 super
1216 714 1421 768 iustum
1436 756 1448 778 ‚
1485 714 1582 769 sed
1601 732 1670 769 ex
1687 716 1920 774 adverso

340 809 559 847 rursum
588 808 740 855 eum,
779 806 945 861 quem
972 788 1319 853 iudicabant,
1365 788 1518 844 velut
1554 790 1791 845 iudicem
1827 809 1920 847 se-

340 867 469 922 dere
490 866 722 929 faciunt,
744 865 1017 920 dicentes:
1084 864 1222 929 Quid
1238 868 1494 933 [aciamus
1516 865 1714 922 tecum?
1735 875 1823 934 (lb.
1839 887 1913 920 va.

340 947 445 1007 11.)
514 945 597 997 Tu
625 944 745 1012 ipse
772 939 1088 994 diiudicatis
1117 937 1288 1010 elige;
1363 955 1462 994 nos
1491 940 1645 997 enim
1667 940 1738 996 de
1763 958 1920 996 servo

337 1017 428 1071 dei
447 1017 769 1074 sententiam
788 1015 981 1070 mortis
996 1013 1252 1070 decidere
1281 1014 1598 1084 nequimus,
1673 1016 1774 1072 Ille
1793 1033 1922 1074 vero

336 1092 507 1148 dixit:
574 1094 753 1147 Tollite
771 1108 848 1144 me
872 1100 921 1146 et
946 1094 1132 1144 mittite
1159 1087 1234 1160 (in
1259 1087 1421 1162 mare)
1451 1097 1542 1158 (ih.
1561 1111 1641 1146 vs.
1661 1098 1781 1157 12),
1820 1092 1924 1148 hoc

336 1177 444 1220 est:
516 1165 737 1221 Tradidi
773 1183 860 1219 me
899 1166 1083 1236 ipsum
1122 1164 1180 1216 in
1219 1180 1413 1217 manus
1451 1163 1916 1234 adversariorum3

334 1258 432 1296 vos
452 1242 649 1296 mittite
670 1257 756 1294 me
777 1241 951 1294 intus:
1013 1238 1274 1311 quoniam
1293 1237 1442 1308 quod
1463 1256 1551 1293 me
1577 1241 1768 1312 ipsum
1797 1243 1924 1296 mit-

335 1316 523 1370 tamin
546 1332 720 1379 mare,
753 1315 1009 1386 iniquum
1036 1321 1138 1370 est.
1217 1312 1356 1379 Quia
1381 1313 1623 1386 pedibus
1652 1315 1805 1390 fugi,
1839 1317 1927 1374 di-

332 1579 513 1617 carcer
552 1560 621 1616 ad
660 1561 1081 1617 custodiendum
1120 1570 1298 1626 cetuS,
1361 1560 1712 1618 adversarius
1751 1583 1924 1631 mare,

330 1639 497 1693 verba
528 1630 695 1692 huius
725 1639 1062 1710 increpantia
1087 1638 1378 1710 palamque
1408 1639 1723 1693 accusantia
1744 1640 1929 1695 unda-

330 1731 452 1769 rum
491 1731 739 1786 spumae.
825 1713 1041 1786 Quippe
1080 1711 1450 1776 infrendebat,
1503 1719 1564 1766 ut
1601 1713 1923 1780 ita-dicam,

332 1789 590 1847 dentibus
626 1805 775 1846 mare
813 1787 1077 1844 adversus
1113 1787 1462 1860 prophetam,
1520 1786 1655 1842 dum
1703 1792 1926 1862 spumis

328 1867 445 1920 suis
468 1865 859 1923 effervesceret.
934 1865 1049 1918 lam
1069 1879 1200 1917 vero
1224 1871 1512 1934 postquam
1532 1861 1682 1918 hunc
1703 1864 1926 1920 iudices

329 1949 524 1998 nautae
552 1942 1054 2012 interrogaverunt:
1125 1936 1282 1991 Unde
1308 1946 1394 2002 tu,
1435 1955 1616 2010 quave
1645 1949 1815 2013 gente
1836 1959 1927 1998 01·-

328 2025 444 2075 tus,
478 2015 566 2072 vel
588 2032 754 2086 quam
776 2023 944 2070 artem
962 2009 1268 2088 profiteris?
1311 2021 1628 2085 postquam,
1662 2015 1918 2090 inquam,

326 2090 709 2163 interrogando
738 2107 853 2144 rem
880 2090 962 2144 uti
993 2105 1053 2142 se
1083 2086 1320 2143 habebat
1357 2097 1758 2160 cognoverunt,
1811 2107 1922 2146 non

325 2166 412 2220 illi
450 2165 678 2237 quidem
716 2165 927 2236 impetu
966 2164 1024 2217 in
1062 2163 1344 2217 hominem
1377 2163 1584 2216 iustum
1612 2164 1916 2227 irruerunt,

325 2243 435 2301 imo
468 2243 652 2312 potius
692 2255 845 2304 eum,
894 2239 962 2293 de
998 2254 1109 2308 quo
1136 2236 1406 2293 iudicium
1433 2238 1816 2304 instituerant,
1860 2239 1922 2292 in

325 2314 507 2370 medio
536 2315 726 2369 sedere
750 2315 967 2368 iussum
994 2311 1284 2384 rogabant,
1325 2321 1386 2366 ut
1413 2312 1551 2383 quid
1580 2313 1633 2366 ei
1673 2311 1928 2368 facerent

324 2392 445 2464 ipse
472 2389 811 2446 decerneret:
872 2404 1049 2458 neque
1072 2388 1219 2442 enim
1239 2405 1298 2442 se
1315 2403 1476 2460 posse
1497 2385 1716 2443 aiebant
1737 2389 1796 2443 in
1819 2389 1924 2442 Dei

325 2465 591 2520 famulum
611 2464 935 2520 sententiam
956 2463 1110 2516 necis
1129 2461 1290 2517 ferre.
1355 2463 1493 2516 Tum
1512 2461 1610 2518 ille
1633 2463 1736 2517 ait:
1780 2463 1929 2518 Cor-

322 2549 539 2610 reptum
564 2557 651 2594 me
678 2539 927 2609 proiicite
941 2579 953 2600 ,
994 2536 1055 2590 id
1077 2544 1158 2590 est
1178 2537 1236 2591 in
1258 2537 1452 2592 horum
1473 2536 1932 2592 adversariorum

322 2614 519 2668 tradite
548 2631 637 2666 me
662 2620 1009 2682 potestatem,
1051 2627 1150 2664 vos
1179 2612 1408 2684 mergite
1438 2629 1525 2668 me
1561 2611 1669 2667 sub
1703 2612 1922 2680 altum;

324 2696 523 2740 memet
560 2687 705 2738 enim
747 2687 931 2755 ipsum
968 2683 1277 2755 praefocare
1315 2685 1482 2740 undis
1519 2687 1776 2758 iniquum
1807 2697 1926 2742 est.
