2125 3084
356 188 387 238 6
668 190 907 237 PHILO
948 188 1294 269 {UDAEUS
1330 189 1430 233 DE
1469 188 1636 234 ΠΕΟ.
1724 183 1809 249 [[1,
1831 184 1955 251 Sim]

338 290 665 346 universim
684 291 945 362 superius
954 289 1250 345 translatae
1271 290 1329 343 in
1349 287 1535 345 medio
1555 290 1958 362 stantemprin-

356 368 538 439 cipem
562 366 723 421 illum
744 373 1068 437 patremque
1089 364 1533 419 circumducunt.

471 460 553 513 ⁴0.
593 458 735 512 Hinc
754 465 807 512 et
834 456 1059 531 Physici
1089 456 1320 533 quidam
1349 455 1641 521 dixerunt,
1675 454 1826 527 quod
1843 456 1958 511 ele-

356 542 538 589 menta
552 574 567 597 ‚
598 542 744 589 terra
762 540 817 588 et
836 550 1005 605 aqua,
1040 534 1131 588 ae'r
1150 540 1204 587 et
1221 532 1370 605 ignis
1385 572 1397 595 ‚
1421 530 1648 586 dilectio
1669 539 1724 586 et
1739 534 1958 603 opposi-

356 611 433 665 tio
467 615 617 664 sunt.
695 607 948 664 Attamen
987 607 1253 680 propheta
1289 614 1526 678 quatuor
1567 607 1956 662 elementorum

354 684 599 749 occultas
618 682 853 738 virtutes
872 690 1110 755 quatuor
1129 684 1244 738 alas
1263 682 1568 755 symbolice
1589 681 1730 755 dicit
1741 722 1754 745 ,
1786 681 1956 735 vulti-

357 760 462 813 bus
484 757 837 831 pedibusque
858 759 1004 813 muri
1024 758 1199 813 instar
1215 758 1425 813 circum
1446 756 1825 812 adhaerentes:
1851 770 1956 826 op-

356 835 687 905 positionem
713 850 845 889 vero
874 841 928 888 et
955 832 1307 889 dilectionem
1339 832 1582 889 elevatas
1602 830 1954 901 volantesque

359 908 427 963 ad
451 908 649 964 ducem
672 910 1005 980 principem.
1071 906 1365 981 Siquidem
1377 908 1521 962 belli
1543 916 1596 963 et
1613 906 1782 979 pacis,
1809 920 1954 975 quae

356 986 483 1039 aliis
504 984 827 1039 nominibus
848 983 1073 1039 dilectio
1099 992 1153 1039 et
1172 984 1524 1039 contrarietas
1547 989 1835 1045 vocantur,
1863 988 1954 1036 έο-

356 1060 443 1114 lus
466 1060 573 1115 iste
594 1068 678 1115 est
698 1060 1039 1115 conciliator.

471 1138 552 1189 Η.
603 1136 797 1189 Nonne
826 1134 919 1189 hic
948 1134 1045 1189 ille
1072 1141 1182 1201 est,
1222 1149 1390 1205 quem
1419 1130 1778 1187 subindicant
1807 1132 1956 1187 aeni-

353 1219 536 1281 gmate
563 1208 784 1265 oracula
812 1209 1037 1266 Mosaici
1069 1206 1253 1265 verbi:
1298 1208 1489 1263 Levavi
1517 1225 1606 1262 vos
1631 1213 1771 1263 sicut
1805 1224 1958 1275 super

352 1287 471 1337 ulus
489 1288 795 1352 aquilarum
810 1294 860 1340 et
876 1290 1013 1339 duxi
1030 1302 1121 1339 vos
1139 1286 1209 1338 ad
1228 1302 1306 1337 me
1330 1290 1520 1351 (Exod.
1539 1292 1622 1351 19,
1643 1287 1722 1348 4).
1787 1280 1868 1338 -Et
1887 1280 1959 1337 il-

355 1356 449 1411 lud
496 1359 554 1411 in
594 1358 779 1431 Magni
808 1360 1050 1415 cantico:
1111 1359 1350 1415 Servavit
1383 1375 1499 1412 eum
1533 1362 1670 1413 sicut
1703 1360 1962 1426 pupillam

354 1434 511 1487 oculi.
568 1432 717 1487 Sicut
736 1438 923 1505 aquila
937 1444 1168 1505 proteqet
1180 1436 1353 1505 pullos
1370 1451 1490 1489 suos
1509 1443 1557 1487 et
1575 1438 1632 1487 in
1647 1434 1824 1501 pullos
1841 1450 1963 1487 suos

351 1511 593 1561 misertus
612 1517 712 1571 est,
752 1514 985 1563 extendit
1004 1512 1123 1565 alas
1141 1526 1268 1563 suas
1291 1516 1340 1563 et
1365 1512 1558 1576 recepit
1585 1525 1695 1571 eoa,
1739 1517 1792 1563 et
1821 1512 1964 1563 leva—

351 1587 427 1636 vit
447 1598 529 1636 eos
549 1599 705 1651 super
724 1588 947 1638 medium
965 1588 1176 1639 dorsum
1195 1600 1362 1637 suum.
1428 1582 1680 1637 Dominus
1689 1586 1844 1639 tolus
1862 1587 1965 1638 du-

352 1661 496 1713 cebat
530 1675 615 1712 eos
650 1668 700 1713 et
732 1676 836 1713 non
870 1669 985 1714 erat
1019 1676 1137 1714 cum
1172 1664 1247 1713 eis
1283 1662 1408 1713 deus
1439 1660 1642 1713 alienus
1677 1664 1855 1727 (Dent.
1879 1666 1962 1726 32,

352 1742 417 1786 ιο
438 1764 503 1775 --
521 1739 633 1799 12).
1293 1772 1301 1779 -

472 1812 553 1866 ⁴2.
609 1806 685 1884 [Ἴ
713 1808 937 1875 Viden’‚
987 1807 1264 1880 quomodo
1297 1807 1637 1880 praeclarum
1677 1824 1822 1879 opus
1863 1808 1963 1881 (in)

354 1884 631 1939 Abraham
657 1884 885 1940 statuit?
920 1886 1054 1957 quia
1083 1892 1284 1939 terram
1313 1891 1367 1937 et
1395 1900 1594 1953 aquam
1621 1890 1676 1937 et
1705 1885 1894 1939 aerem
1911 1894 1967 1939 et

353 1961 569 2016 caelum
590 1960 939 2032 suspendens
958 1967 1168 2016 creator
1185 1958 1256 2013 de
1273 1960 1477 2030 seipso
1491 2000 1504 2021 ,
1534 1974 1635 2029 per
1654 1958 1966 2029 providen-

350 2036 486 2090 tiam
513 2051 737 2091 sursum
765 2038 935 2091 traxit
962 2045 1014 2092 et
1043 2034 1286 2090 elevavit
1310 2032 1580 2089 mundum
1606 2033 1754 2090 sicut
1774 2043 1967 2089 custo-

352 2108 558 2165 dibus?
586 2109 925 2167 Custodibus
942 2113 1190 2183 inquam,
1214 2110 1334 2165 suis
1353 2108 1674 2173 virtutibus,
1695 2110 1965 2165 muniens

352 2186 597 2241 exterius
633 2185 703 2240 ad
740 2187 977 2242 salutem
1018 2194 1076 2241 et
1119 2184 1619 2257 perseverationem
1665 2184 1968 2256 perfectis—

350 2261 617 2316 simarum
638 2269 1031 2318 creaturarum.
1109 2260 1385 2316 Invidiam
1409 2276 1564 2325 vero,
1603 2267 1668 2315 ut
1694 2260 1807 2314 iam
1834 2260 1968 2315 dixi

351 2336 575 2405 saepius
589 2375 601 2398 ‚
635 2335 857 2408 longius
877 2354 907 2392 a
926 2354 989 2393 se
1010 2336 1242 2402 amovit3
1265 2343 1328 2390 et
1347 2335 1480 2405 qui‘a
1496 2341 1718 2405 propter
1737 2335 1974 2408 magni—

352 2407 516 2462 ficum
554 2409 851 2475 consilium
888 2412 1155 2468 donorum
1195 2409 1504 2483 largitionis
1540 2411 1976 2473 amantissimus

351 2489 433 2561 est
447 2522 459 2541 .
504 2482 734 2538 formam
758 2484 917 2541 suam
942 2502 1280 2556 suarumque
1300 2482 1569 2563 virtutum
1589 2486 1744 2542 misit
1764 2484 1834 2540 ad
1857 2502 1980 2541 nos

351 2568 409 2602 in
440 2556 715 2611 auxilium
744 2560 1009 2615 adversus
1040 2560 1257 2616 dolores
1285 2568 1341 2613 et
1365 2559 1536 2625 mala,
1569 2576 1722 2632 quae
1739 2578 1880 2634 prae
1901 2578 1984 2619 se

351 2621 455 2676 fert
474 2630 815 2702 quicumque
834 2635 1080 2690 mortalis
1101 2644 1184 2691 est
1209 2643 1456 2691 naturae.

912 2736 1376 2763 —nna—Qfissuh-—a—
