2125 3084
315 153 411 206 Ηι
762 133 1130 204 rainonis
1179 155 1451 204 unum
1685 151 1774 216 [11,
1798 155 1915 219 m]

312 257 669 329 opprobrium
683 298 696 322 ‚
734 259 999 328 quoniam
1026 257 1249 312 civibus
1272 256 1485 310 cunetis
1506 255 1716 327 pudore
1735 257 1916 312 suffu-

313 335 391 388 sis
412 341 467 388 et
484 334 544 388 in
565 341 617 388 te
636 349 857 404 quoque
876 332 1108 405 pudoris
1126 349 1253 404 pars
1271 332 1578 404 perveniet.

425 461 509 513 37.
558 460 639 514 Ne
669 461 854 530 itaque
882 475 1108 513 corones
1135 473 1304 530 super
1328 467 1452 512 tuos
1490 467 1746 529 parentes
1785 476 1914 530 per-

314 535 595 608 egrinum,
638 550 817 605 neque
846 531 914 588 de
936 533 1138 588 nostris
1159 533 1512 588 contumeliis
1533 529 1913 590 virum”hono-

311 627 419 674 res,
448 625 551 684 neo
572 610 735 664 etiam
757 607 966 663 clarum
985 608 1332 680 hilaremque
1351 608 1567 663 vultum
1585 609 1912 680 Sampsonis

317 685 531 750 videre,
563 687 775 740 tristem
795 692 1087 756 parentum
1105 684 1269 740 veliS.
1349 683 1606 754 Alioquin
1635 685 1682 736 si
1711 683 1908 737 nolens

314 761 514 815 nostris
535 777 741 815 morem
760 776 951 832 gerere
969 759 1155 814 verbis
1171 801 1184 823 ‚
1225 757 1346 815 viro
1376 760 1557 830 potius
1572 759 1908 830 cooperatri-

312 852 432 892 oem
453 836 595 891 velis
615 852 763 899 esse,
804 843 864 890 tu
890 842 1061 889 totum
1083 835 1310 906 patieris
1339 834 1628 898 damnum,
1675 849 1774 888 nos
1804 849 1906 886 au-

314 920 419 966 tem
440 928 548 965 non
570 927 731 965 omne
748 909 1136 967 detrimentum
1155 909 1344 964 damni
1370 910 1662 981 patiemur.
1737 909 1904 963 Nam-

312 1003 422 1057 que
440 988 490 1040 si
511 985 632 1040 eius
653 987 833 1042 solum
850 985 1057 1058 gloriae
1087 984 1250 1040 cedas
1266 1025 1280 1050 ,
1320 1002 1389 1040 ex
1417 985 1612 1059 patriis
1641 985 1752 1039 tuis
1778 1000 1906 1055 pos-

314 1061 655 1117 sessionibus
676 1061 937 1115 mulctam
956 1061 1104 1131 pacti
1130 1059 1452 1124 reddemuS‚
1497 1068 1550 1115 et
1578 1077 1609 1115 a
1637 1067 1690 1114 te
1719 1059 1904 1113 mortis

314 1137 574 1210 muletam
595 1153 692 1207 pro
709 1135 1076 1191 obstinatione
1105 1145 1197 1189 tua
1225 1135 1540 1208 exigemus:
1600 1135 1793 1205 sicque
1821 1133 1907 1186 ni-

314 1211 394 1266 hil
422 1211 715 1282 perdentes
744 1211 1094 1265 inveniemus
1131 1211 1341 1282 potius3
1409 1209 1616 1264 mulcta
1655 1210 1804 1264 enim
1839 1207 1906 1262 de

315 1287 513 1339 vestris
534 1287 778 1357 exigitur
796 1283 1238 1358 possessionibus
1255 1327 1266 1349 ‚
1298 1293 1352 1338 et
1368 1285 1616 1349 tristitia,
1641 1281 1717 1361 [Ἴ
1739 1299 1906 1356 quam

314 1361 589 1430 patiemur
604 1360 897 1424 debellati,
928 1369 1020 1415 tua
1038 1367 1214 1414 morte
1231 1359 1496 1414 solvetur.

424 1487 513 1538 38.
564 1485 727 1540 Porro
754 1485 961 1541 dixerit
988 1485 1237 1542 fortassis
1259 1484 1544 1556 quispiam
1573 1485 1908 1554 auditorum,

314 1558 464 1630 quod
486 1559 547 1614 Si
566 1569 643 1615 tot
669 1571 725 1616 et
754 1569 931 1616 tantas
961 1562 1140 1618 minas
1165 1561 1484 1616 oomminati
1513 1570 1642 1616 sunt
1668 1560 1908 1632 puellae,

314 1653 423 1690 non
443 1635 685 1707 amplius
704 1636 913 1692 iustum
930 1640 1037 1694 erit
1056 1638 1309 1692 incusare
1327 1653 1468 1700 eam,
1489 1653 1558 1692 eo
1574 1635 1726 1707 quod
1743 1653 1912 1690 suum

314 1711 663 1766 commodum
716 1713 1037 1784 praetulerit
1091 1712 1318 1768 alterius
1361 1711 1668 1768 commodo.
1765 1712 1913 1784 Lego

316 1786 654 1858 Scripturam
683 1797 960 1852 accurate,
996 1796 1049 1843 et
1075 1789 1174 1859 qui
1201 1803 1348 1842 nune
1377 1787 1655 1859 improbas
1681 1803 1914 1842 aecusa-

315 1871 457 1917 tores
480 1864 745 1923 mulieris,
772 1873 831 1920 tu
852 1865 971 1935 ipse
990 1863 1100 1918 eris
1121 1861 1605 1934 primus‘mulieris
1622 1879 1914 1934 oppugna-

316 1947 417 1992 tor.
496 1938 763 2004 Quoniam
786 1940 1063 2003 homines,
1097 1939 1196 2010 qui
1217 1945 1580 2010 susceperunt
1603 1937 1908 2008 problema.

314 2030 414 2084 per
450 2021 561 2068 tres
596 2014 716 2070 dies
743 2016 965 2070 inotiosi
995 2013 1216 2069 fuerunt
1241 2013 1314 2068 ad
1338 2013 1746 2084 quaestionem,
1789 2021 1914 2084 post

318 2097 497 2144 autem
524 2091 747 2147 tertium
778 2090 847 2144 ad
874 2107 995 2144 eam
1022 2089 1314 2145 deviantes
1352 2088 1732 2161 profugerunt.
1811 2087 1912 2142 Illa

318 2181 447 2222 veno
466 2163 825 2236 Sampsonem
846 2183 916 2223 ex
930 2165 1112 2237 primo
1133 2164 1224 2220 die
1241 2165 1513 2227 tentabat,
1545 2172 1598 2217 et
1619 2168 1913 2234 antequam

318 2239 385 2294 ab
415 2239 529 2294 ulio
559 2241 869 2312 angustiam
897 2248 1201 2312 pateretur,
1243 2257 1304 2296 se
1334 2239 1593 2312 angebat,
1641 2247 1696 2293 et
1723 2238 1916 2308 prius-

316 2321 483 2386 quam
502 2315 709 2386 aliquis
726 2317 955 2388 gratiam
978 2317 1246 2386 petiisset,
1270 2317 1391 2388 ipsa
1411 2314 1630 2387 petebat
1645 2313 1758 2368 sibi
1781 2329 1916 2368 oon-

316 2391 439 2445 cedi
477 2392 731 2463 gratiam.
807 2390 1015 2461 Sieque
1051 2401 1398 2463 praepostera
1435 2389 1711 2446 industria
1747 2387 1916 2442 deee-

316 2467 523 2537 ptionis
536 2483 673 2521 suae
692 2475 877 2521 contra
898 2465 1258 2538 Sampsonem
1275 2467 1543 2540 agebatur
1555 2507 1569 2531 ,
1591 2481 1700 2520 non
1723 2480 1792 2518 ex
1810 2481 1916 2516 ne·-

318 2542 599 2605 cessitate,
639 2540 739 2596 sed
766 2559 835 2596 ex
864 2535 1050 2596 indole
1069 2534 1246 2614 magis
1268 2543 1562 2598 elaborata.
1639 2539 1916 2606 Quoniam

314 2631 447 2684 ergo
484 2633 673 2670 omnes
710 2617 1088 2670 concurrimus
1127 2619 1271 2672 eirca
1304 2618 1684 2689 >quaestionem
1713 2631 1918 2684 suspe-

318 2697 459 2740 ctam
476 2727 509 2750 ,,
534 2690 781 2743 mulieris
802 2689 1133 2744 maleficium
1151 2700 1431 2764 tamquam
1452 2691 1642 2763 rapina
1661 2690 1920 2746 convicta
