2125 3084
574 202 924 249 NOMINUM
958 204 1056 250 ET
1096 206 1375 253 RERUM.

241 334 404 368 unum
438 319 563 373 olim·
593 319 859 383 colligendi
885 320 955 380 11,

240 392 360 437 436.
398 386 548 450 idque
571 401 602 435 a
619 394 814 449 spectro
837 402 960 449 qno-

1674 205 1771 258 223

1057 322 1237 436 {iaicis
1282 323 1403 373 boni
1446 324 1667 375 officinm
1699 327 1769 387 H,

243 454 364 503 dam
379 461 588 503 naturae
614 455 870 503 divinioris
891 454 1239 504 ib.1udicium
1262 456 1354 505 zeli
1382 457 1615 507 adversus
1652 474 1770 522 apo·

241 522 483 571 felicitate
543 522 766 569 maxima
813 521 958 570 flore-

1061 529 1215 572 662129
1238 523 1305 585 H,
1328 528 1443 572 220.

241 589 372 637 bunt
396 587 462 637 ι’ὁ.
499 587 670 637 hostes
689 589 957 651 castigatos
989 588 1275 639 Iumentum
1318 604 1488 639 errans
1532 592 1771 641 reducen-

239 655 568 704 intnebuntur
583 654 652 714 11,
676 658 791 703 437.
812 656 957 703 liber-

241 724 341 839 ξιὲἐ
374 722 566 771 Romae
611 722 848 783 degentes
885 723 954 782 11,

161 859 478 909 Indaeorum
497 855 958 905 Alexandrinorum

241 924 526 985 frequentia
545 923 615 983 11,
639 927 753 972 523.
790 924 868 972 ins
888 926 956 972 ci-

241 990 407 1039 vitatis
457 990 551 1038 sibi
594 990 850 1039 vindicant
885 991 954 1051 H,

243 1062 359 1106 599.
385 1071 558 1105 eornm
577 1058 647 1105 ibi
665 1059 952 1119 miseriaII,

243 1115 361 1173 52‘6.
393 1128 506 1172 527.
555 1140 586 1173 a
614 1125 798 1175 Flacco
824 1127 955 1175 male

1059 656 1179 705 dnm
1197 659 1261 706 ad
1280 658 1537 707 dominum
1562 658 1631 718 H,
1654 664 1768 708 391.

1059 728 1175 772 395.
1215 738 1367 775 onere
1395 726 1621 773 sarcinae
1656 727 1771 775 snb-

1055 791 1255 853 lapsum
1298 791 1657 841 sublevandum
1698 793 1768 853 H,

1057 863 1174 908 394.
1214 859 1440 907 iumenta.
1470 859 1651 908 diversi
1685 874 1770 922 ge-

1054 926 1189 975 neris
1224 926 1289 974 ad
1326 927 1512 974 coitum
1547 940 1651 975 non
1684 928 1771 975 ad-

1053 994 1299 1041 mittenda
1320 993 1389 1052 11,
1410 998 1525 1041 369.
1564 1008 1658 1042 nec
1677 994 1769 1042 sub

1053 1061 1189 1108 idem
1222 1061 1397 1123 iugum
1430 1060 1673 1109 mittenda
1697 1061 1767 1121 11,

239 1190 398 1239 habiti
429 1190 500 1249 Π,
533 1195 648 1240 528.
688 1208 720 1241 a
752 1207 956 1255 prosen-
986 1194 1353 1255 Iul-amentum,
1406 1196 1525 1257 qnid
1567 1197 1609 1255 Ι,
1654 1202 1766 1245 128.

241 1258 350 1306 chis
390 1258 580 1306 exclusi
615 1258 684 1318 H,
730 1264 843 1308 535.
902 1262 954 1309 in

241 1325 478 1388 exiguam
485 1324 824 1376 Alexandriae
842 1343 954 1390 par-

240 1400 346 1442 tem
365 1392 590 1441 conclusi
609 1394 677 1454 H,
700 1399 813 1443 563.
837 1400 950 1444 564.

241 1460 420 1509 acerbe
461 1461 628 1510 vexati
665 1469 716 1510 et
747 1464 953 1512 cruciati

239 1527 304 1577 ib.
338 1528 538 1591 legatos
561 1530 626 1577 ad
643 1527 823 1577 Caium
841 1531 952 1579 mit-

239 1602 350 1645 tunt
367 1596 437 1655 11,
463 1601 576 1644 581.
618 1610 790 1645 eorum
810 1612 952 1647 sena-

239 1670 320 1710 tus
339 1662 409 1721 H,
432 1666 548 1711 527.

172 1730 326 1777 Iudas
351 1727 684 1790 confessiorem
709 1729 954 1789 significat

241 1794 284 1853 1,
316 1798 397 1842 59.
431 1798 512 1843 84.
544 1796 658 1842 371.
694 1798 807 1841 599.
837 1800 949 1843 626.

243 1865 356 1909 663.
416 1860 656 1909 materiae
689 1874 870 1921 expers
907 1862 951 1921 1,

245 1932 325 1976 60.
376 1928 430 1975 in
463 1926 694 1975 laudibus
731 1928 812 1975 dei
843 1942 953 1989 per-

243 2003 378 2043 stans
409 1994 452 2055 1,
481 1998 594 2043 537.
637 1994 842 2056 deponit
867 2010 952 2043 an-

241 2063 438 2122 nulum,
468 2062 712 2111 armillam
738 2068 787 2110 et
804 2062 952 2109 bacu-

242 2130 344 2177 lnm
361 2129 404 2188 I,
429 2134 542 2178 568.
570 2128 678 2178 eius
697 2128 951 2191 ingenium

241 2196 307 2255 H,
329 2202 410 2245 68.
439 2197 602 2246 fratris
621 2210 826 2245 causam
841 2210 952 2259 per-

242 2272 352 2311 orat
367 2264 434 2323 Π,
461 2266 539 2313 72.
566 2266 644 2312 73.

177 2332 334 2381 Iudex
377 2332 512 2379 omni
555 2331 738 2379 affectu
775 2346 949 2380 carens

242 2398 308 2457 Π,
337 2404 451 2447 344.
494 2400 772 2447 communis
801 2400 950 2448 bene-

198 2492 204 2507 ,
243 2465 400 2514 factor
433 2465 502 2525 Π,
533 2470 646 2513 345.
685 2463 950 2531 ἀδωροδό-

243 2550 388 2597 κητος
420 2532 488 2593 11,
535 2538 648 2581 346.
704 2548 810 2593 res,
847 2548 950 2583 non

1058 1266 1172 1309 181.
1226 1262 1295 1321 11,
1342 1268 1451 1311 195.
1495 1267 1610 1312 272.
1660 1264 1768 1311 eius

1052 1344 1173 1377 usus
1192 1329 1234 1389 Ι,
1261 1334 1372 1378 128.
1404 1335 1514 1379 181.
1536 1331 1651 1378 fidei
1670 1339 1767 1379 tes·

1053 1410 1167 1457 sera
1182 1396 1225 1456 Ι,
1246 1402 1362 1445 341.
1391 1397 1461 1457 H,
1490 1402 1600 1446 195.
1631 1399 1769 1447 omni

1053 1464 1317 1513 sanctitate
1362 1465 1658 1514 servandum
1693 1465 1765 1525 H,

1054 1534 1169 1580 272.
1202 1532 1309 1580 eius
1328 1534 1638 1582 consuetudo
1656 1547 1766 1595 per—

1049 1599 1245 1647 niciosa
1284 1600 1353 1658 11,
1398 1606 1507 1649 196.
1562 1614 1767 1663 prorsus

1051 1667 1309 1715 vitandum
1335 1667 1403 1726 11,
1441 1672 1550 1715 194.
1590 1668 1767 1714 saltem

1054 1740 1346 1781 cunctanter
1373 1734 1671 1780 sumendum
1694 1732 1765 1790 H,

1053 1802 1168 1846 271.
1209 1799 1261 1845 in
1286 1799 1401 1845 loco
1428 1798 1639 1859 profano
1664 1812 1767 1845 non

1050 1865 1393 1925 usurpandum
1411 1863 1480 1922 11,
1506 1868 1615 1911 196.
1637 1864 1767 1913 iura-

1051 1937 1223 1978 menta
1240 1944 1331 1991 per
1348 1937 1542 1991 patrem
1560 1937 1647 1978 ant
1663 1945 1767 1979 ma—

1050 2004 1204 2056 trem,
1241 2010 1331 2059 per
1355 1996 1551 2044 eoelum
1588 2004 1639 2046 et
1670 2004 1767 2047 ter-

1051 2078 1161 2111 ram
1176 2064 1343 2127 potius
1366 2078 1517 2125 qnam
1536 2065 1683 2113 deum
1694 2065 1764 2124 Π,

1053 2134 1169 2179 271.
1206 2131 1261 2179 in
1294 2130 1519 2179 fraudem
1554 2132 1767 2179 aliorum

1049 2197 1185 2247 facta
1222 2200 1301 2247 vel
1348 2198 1569 2246 officium
1616 2212 1766 2246 excu-

1051 2265 1263 2313 sandum
1283 2264 1344 2313 ib.
1372 2266 1452 2314 vel
1470 2266 1769 2313 firmandum

1049 2333 1225 2381 luxum
1251 2332 1314 2381 ib.
1368 2333 1533 2381 iurare
1570 2347 1635 2381 an
1670 2333 1764 2382 deo

1051 2414 1327 2462 congruum
1345 2400 1388 2459 I,
1416 2405 1527 2451 128.
1556 2404 1662 2448 181.
1690 2400 1764 2447 iu-

1048 2474 1245 2515 raturus
1267 2468 1387 2529 quid
1402 2467 1665 2515 observare
1682 2467 1763 2515 de·

1049 2535 1136 2583 bet
1161 2535 1229 2595 11,
1256 2540 1367 2584 196.
1392 2540 1507 2583 206.
1528 2539 1644 2583 271.

241 2614 478 2663 personas
491 2601 819 2661 examinatII,
833 2604 944 2649 347.
979 2600 1198 2667 justitia,
1224 2603 1343 2664 quid
1360 2602 1403 2661 Ι,
1428 2606 1508 2651 56.
1530 2602 1636 2650 eins
1654 2616 1763 2649 mu-

243 2673 355 2716 348.
378 2668 546 2717 miseri
563 2669 901 2717 misericordia
921 2684 952 2717 a

244 2736 430 2785 iustitia
477 2750 542 2786 ne
585 2743 842 2787 moveatur
882 2736 945 2786 ib.

1051 2684 1145 2717 nus
1167 2670 1210 2728 Ι,
1233 2675 1315 2718 61.
1342 2669 1591 2719 felicitatis
1611 2684 1765 2717 causa

1048 2736 1093 2799 1,
1115 2742 1229 2786 214.
1268 2739 1397 2789 iuste
1418 2738 1762 2787 administran-
