2125 3084
358 175 459 230 288
608 177 802 224 PHIL.
842 175 989 222 1111).
1030 175 1358 233 QUAEST.
1395 175 1496 222 ET
1537 175 1692 222 801..
1733 170 1820 236 [IL
1847 173 1996 240 438st

357 277 615 352 templari
652 276 880 349 expedit
916 293 1017 348 per
1052 275 1394 349 allegoriam.
1487 275 1610 330 Chat
1645 282 1730 331 est
1767 291 1990 334 nomen

356 354 645 410 declarans
694 351 1086 407 abscessum
1125 349 1508 424 (ἀποστασίαν)
1543 359 1600 408 et
1631 351 1989 422 insipien·-

357 431 409 486 ti
423 447 547 498 am;
610 427 760 483 filiae
788 435 971 482 autem
996 426 1392 499 cogitationum
1415 425 1707 484 abscessus
1727 434 1863 482 sunt
1883 429 1990 482 in·—

358 505 598 561 solentes
626 504 869 575 impetus
883 543 899 566 ‚
936 517 1079 573 quos
1103 500 1235 557 odio
1262 500 1432 556 habet
1455 501 1676 558 animus
1695 501 1986 558 virtutum

358 580 643 636 studiosus
658 619 673 642 ,
722 577 969 632 maximo
1004 583 1138 648 puta
1173 575 1330 640 odio,
1391 575 1658 648 quoniam
1693 578 1980 632 contraria

357 655 491 710 boni
510 653 725 710 ordinis
747 653 1029 723 morisque
1047 650 1387 722 praeferunt.

365 795 495 854 Quid
525 805 595 846 est
628 793 921 858 „Si-sumet
960 791 1116 842 Iacob
1158 809 1350 842 uxorem
1393 790 1454 842 de
1481 791 1688 854 filiabus
1735 789 1979 844 Chabon-

624 863 765 924 st'um,
806 861 878 910 acl
904 859 1023 926 quid
1054 869 1124 909 est
1157 859 1273 908 mihi
1301 859 1540 908 vivoru&
1573 859 1693 924 (ib.)

467 961 587 1016 242.
636 957 700 1012 In
726 957 925 1014 timore
955 972 1019 1009 ac
1044 953 1221 1009 dubio
1249 961 1334 1009 est
1362 952 1580 1009 indoles
1616 951 1962 1026 philosophi,

355 1050 424 1089 ne
456 1033 594 1088 forte
621 1032 846 1104 penitus
874 1031 1120 1104 ignoret,
1161 1044 1337 1102 quum
1357 1029 1414 1082 in
1437 1029 1844 1101 corruptionem
1866 1027 1969 1084 de-

354 1109 542 1165 veniat
558 1107 658 1166 illa
676 1122 900 1180 quoque
914 1147 927 1172 ,
949 1122 1095 1177 quae
1113 1103 1319 1160 salvari
1335 1111 1534 1176 potest,
1557 1120 1705 1176 pars,
1729 1105 1966 1162 terrenis

353 1185 513 1255 prius
536 1179 613 1257 [Ἴ
636 1199 806 1254 quam
827 1179 1161 1238 caelestibus
1182 1179 1401 1236 vivens.
1479 1177 1638 1244 Quod
1656 1180 1706 1233 si
1734 1195 1966 1252 accepe-

354 1259 453 1322 rit,
494 1257 707 1328 inquit,
748 1272 979 1312 uxorem
1006 1256 1057 1312 is
1072 1296 1086 1322 ,
1127 1255 1228 1328 qui
1255 1261 1479 1326 putetur
1505 1253 1757 1326 religiosi
1794 1254 1965 1310 moris

355 1347 504 1396 esse,
546 1348 618 1388 ex
645 1329 871 1386 filiabus
898 1330 1071 1388 huius
1098 1337 1276 1388 terrae
1295 1327 1624 1402 (hominum)
1642 1329 1964 1386 immundo-

354 1423 479 1459 rum
501 1403 590 1460 vel
610 1420 897 1468 sensuum,
913 1405 1013 1476 qui
1026 1403 1192 1459 facile
1211 1403 1406 1460 volunt
1423 1403 1725 1475 inquinari,
1741 1421 1964 1460 earum-

352 1495 463 1550 que
483 1495 627 1550 quse
644 1477 953 1534 secundum
982 1495 1214 1536 sensum
1237 1487 1370 1538 sunt
1395 1477 1730 1558 cupiditates
1744 1519 1759 1545 ‚
1799 1497 1965 1554 prae-

352 1737 553 1779 nomen
574 1727 676 1782 est.
755 1722 931 1778 Filiae
952 1730 1136 1777 autem
1157 1721 1326 1778 huius
1345 1722 1701 1782 intentabiles
1721 1733 1853 1780 sunt
1873 1726 1961 1780 in-

351 1799 663 1862 cursiones,
686 1813 826 1872 quas
847 1797 1279 1855 clementissima
1299 1797 1481 1854 anima
1502 1815 1601 1870 pro
1620 1797 1749 1855 odio
1769 1799 1956 1868 habet,
2081 1859 2083 1872 2

350 1883 403 1928 et
434 1871 669 1930 destruit
683 1915 696 1940 ,
748 1873 955 1947 dignus
986 1874 1141 1939 vitii,
1165 1889 1336 1946 ‹quae
1371 1871 1670 1930 deferendo
1703 1891 1958 1948 quaeque
2081 1875 2083 1949 ἢ

348 1947 601 2003 ordinem
622 1959 931 2022 cunctaque
957 1965 1268 2006 censuram.
1663 1955 1668 1960 ’

423 2087 553 2146 Quid
596 2099 665 2140 est
721 2089 917 2152 „Isaac
957 2091 1086 2154 cepit
1125 2089 1222 2140 st‘bt'
1256 2089 1408 2140 Iacob
1451 2105 1642 2139 uxorum
1693 2107 1756 2140 cx
1799 2091 1892 2144 lae

496 2160 659 2206 ten-a?
716 2155 781 2206 Ut
817 2160 1005 2224 (marg.
1051 2157 1182 2221 Aut)
1201 2157 1322 2221 quid
1349 2157 1468 2207 milti
1497 2158 1814 2208 vivcrcm“?

387 2245 397 2257 ’
459 2260 579 2315 242.
634 2257 1066 2314 clementissimi
1104 2258 1344 2331 pectoris
1383 2257 1581 2324 decus,
1633 2276 1707 2315 ne
1731 2260 1954 2331 quando

347 2331 447 2387 ille
474 2332 763 2387 delitescat
790 2349 890 2404 per
920 2335 1238 2406 contagium
1269 2334 1392 2389 eius
1421 2335 1622 2406 partiS,
1665 2335 1819 2406 quod
1845 2337 1956 2392 sal-

346 2407 467 2459 vari
496 2407 795 2476 praecipue
819 2408 1021 2478 possit,
1065 2417 1282 2464 terreno
1304 2409 1656 2464 matrimonio
1683 2418 1809 2465 ante
1831 2427 1955 2466 coe-

346 2477 507 2532 lestia
528 2480 801 2551 copulate.
869 2480 930 2534 Si
951 2482 1103 2535 enim
1123 2485 1424 2555 acceperit,
1454 2484 1665 2556 inquit,
1701 2501 1949 2550 uxorem,

346 2552 447 2618 qui
466 2553 577 2605 iam
598 2554 880 2609 studiosus
900 2562 983 2609 est
1002 2554 1252 2610 moribus
1271 2556 1762 2628 inquinatissimis,
1793 2567 1848 2614 ct
1865 2578 1955 2615 se—

348 2624 594 2705 cundum
622 2627 725 2680 has
754 2627 977 2683 easdem
1008 2629 1276 2684 libidines
1311 2631 1743 2702 praevaricando
1771 2635 1957 2690 coele—

346 2701 478 2756 stia,
522 2712 663 2765 quae
688 2717 907 2772 semper
936 2711 1084 2758 casta
1114 2712 1248 2758 sunt
1274 2706 1536 2770 concilia,
1579 2707 1783 2778 utquid
1813 2708 1954 2765 mihi
