2125 3084
239 204 305 269 [1‚
327 201 442 268 ut]
628 207 769 252 mn.
808 208 911 253 nn
946 207 1434 255 summanus.
1733 207 1826 261 133

236 307 485 381 primum
512 306 578 379 (s.
612 306 757 379 ante)
784 314 1070 363 venatores
1095 307 1204 363 sub
1231 307 1392 365 initio
1423 309 1640 367 arbores
1673 329 1830 369 com·-

240 391 485 439 movent.
534 382 707 441 ‚Hunc
724 390 933 437 motum
952 382 1188 455 exiguae
1207 399 1270 437 ac
1287 384 1550 453 parvulae
1570 402 1700 441 aves
1719 405 1828 443 non

240 457 581 521 sufferentes,
602 456 865 513 disiectae
884 465 1158 528 expavent
1176 465 1228 512 et
1247 458 1462 514 avolare
1479 458 1690 515 volunt.
1723 460 1829 515 Ac—

240 533 535 603 cipitribus
563 541 746 587 tamen
776 548 943 602 super
970 549 1029 585 se
1059 532 1224 595 visis,
1263 540 1408 588 retro
1435 542 1650 589 coactae
1673 534 1828 591 humi

240 608 583 663 descendunt
611 615 665 661 et
690 608 881 661 rostris
908 614 1109 661 terram
1139 606 1360 677 pulsant
1386 606 1500 679 (aut
1525 606 1596 663 ab
1623 610 1829 681 accipi-

238 682 419 738 tribus
446 682 637 737 rostris
669 679 1007 754 laeduntur),
1048 690 1212 753 atque
1251 683 1327 737 ita
1354 685 1572 739 venatio
1607 693 1829 755 paratur

240 758 421 814 facilis
448 756 869 829 aucupantibus.
948 756 1216 823 Quoniam
1237 774 1510 811 ramorum
1530 758 1828 813 vehemens

240 832 527 889 commotio
546 840 599 887 et
619 830 891 887 violentus
914 848 983 885 ex
1002 838 1153 885 motu
1173 830 1344 887 saltus
1363 828 1524 903 at'que
1546 850 1615 887 ex
1635 849 1830 905 super-

240 906 513 965 stantibus
535 906 837 977 impulsuS,
882 906 1024 959 sicut
1045 906 1210 960 etiam
1231 908 1393 961 timor
1411 916 1464 961 et
1483 903 1680 979 ingens
1699 906 1830 963 bor-

240 998 330 1037 ror
371 979 530 1037 facile
567 980 748 1037 reddit
778 980 1106 1052 aucupium,
1148 998 1258 1053 quo
1287 983 1465 1055 magis
1493 982 1743 1037 incident
1764 984 1827 1036 in

240 1072 438 1111 manus
474 1064 811 1111 venatorum.
904 1056 998 1110 Isti
1040 1073 1171 1111 vero
1207 1054 1526 1111 laetabundi
1565 1056 1830 1112 exhibent

238 1130 545 1203 portionem
566 1130 749 1195 exiis,
782 1147 923 1202 quae
944 1139 1231 1202 ceperunt,
1263 1132 1464 1203 partim
1494 1131 1830 1203 cooperatio-

238 1204 329 1261 nis
366 1204 542 1277 gratia
579 1204 989 1260 retributionem
1020 1204 1307 1270 facientes,
1347 1206 1547 1278 partim
1577 1207 1646 1261 ad
1679 1206 1830 1262 futu-

239 1296 359 1335 ram
387 1278 727 1335 venationem
757 1278 1060 1337 invitando,

314 1424 321 1433 ·
352 1406 438 1458 38.
484 1400 559 1478 [Ἴ
588 1404 737 1459 Adeo
764 1415 943 1461 autem
974 1406 1321 1463 abundanter
1345 1406 1526 1483 effluit
1549 1410 1710 1480 copia
1737 1424 1828 1463 sa-

235 1480 479 1551 pientiae
524 1478 913 1554 (animalium),
980 1491 1043 1537 ut
1095 1482 1157 1538 in
1207 1484 1454 1555 apprime
1501 1485 1828 1539 necessariis

237 1562 461 1625 superet
500 1556 587 1610 vel
625 1556 909 1611 hominum
943 1558 1290 1629 sapientiam.
1367 1557 1826 1630 Quandoquidem

232 1632 621 1701 unusquisque
640 1640 885 1685 nostrum
895 1648 1068 1701 quum
1088 1633 1403 1687 valetudine
1426 1632 1650 1697 laborat,
1666 1634 1828 1704 igno-

234 1720 365 1758 rans
382 1720 527 1773 quae
547 1703 861 1759 conducunt
878 1704 949 1759 ad
965 1708 1256 1763 sanitatem
1270 1746 1284 1769 ,
1313 1707 1556 1761 medicos
1575 1706 1835 1771 advocat„

235 1778 339 1848 qui
359 1776 605 1831 indicent
618 1777 866 1833 salubria
897 1778 967 1831 ad
986 1778 1220 1835 salutem
1237 1779 1500 1849 proficua.
1578 1778 1686 1833 Ubi
1707 1780 1829 1833 ani-

235 1851 506 1907 mantium
535 1850 753 1907 nullum
779 1867 1045 1921 umquam
1073 1852 1302 1906 alterius
1321 1868 1460 1923 opus
1479 1851 1672 1915 habet,
1711 1869 1829 1908 me-

236 1927 421 1983 dicam
456 1934 629 1981 artem
666 1942 762 1995 per
802 1942 862 1979 se
899 1926 1086 1996 ipsum
1126 1926 1331 1992 call-ens
1371 1934 1424 1980 et
1457 1943 1557 1982 suo
1603 1925 1828 1981 arbitrio

234 2000 513 2075 professor
540 2009 900 2071 compertum.
982 1999 1274 2071 Siquidem
1301 2001 1452 2055 cervi
1481 2017 1510 2054 a
1530 1999 1828 2073 phalangio

235 2076 435 2139 morsi,
488 2084 686 2133 norunt
713 2092 813 2146 pro
840 2075 1085 2130 remedio
1115 2090 1373 2128 cancrum
1411 2074 1550 2145 (sive
1587 2084 1828 2131 ostreum

234 2149 443 2223 fluvii),
496 2152 655 2207 cuius
693 2168 792 2205 esu
828 2150 1013 2207 statim
1052 2156 1331 2205 curantur.
1407 2150 1467 2205 In
1507 2150 1662 2207 Creta
1698 2166 1828 2205 vero

236 2242 411 2297 quum
430 2243 592 2297 caper
610 2226 805 2298 sagitta
828 2225 1047 2297 feritur,
1092 2224 1318 2281 herbam
1347 2225 1686 2297 racemulum
1717 2224 1826 2297 (vel

237 2301 557 2375 dictamum)
586 2309 839 2360 vocatum
866 2301 1108 2375 quaerit,
1157 2317 1266 2371 qua
1295 2317 1520 2357 vescens
1547 2298 1708 2358 facile
1738 2316 1848 2381 sa·-³

234 2384 397 2435 natur
412 2376 483 2433 ab
500 2376 749 2433 vulnere.

348 2504 434 2555 39.
475 2499 670 2567 Aiunt,
713 2502 862 2573 quod
891 2502 1055 2557 etiam
1074 2500 1380 2557 testudines
1406 2518 1478 2557 ex
1507 2499 1670 2555 avida
1695 2500 1824 2573 gula

236 2584 507 2631 saturatae
534 2578 745 2649 viperis
758 2618 772 2643 ‚
814 2576 887 2633 ob
910 2585 1118 2633 metum
1145 2578 1336 2633 mortis
1363 2578 1650 2651 origanum
1675 2590 1827 2631 com-

236 2650 435 2720 edunt;
478 2652 585 2708 hoc
599 2654 747 2708 enim
766 2652 1139 2709 tantummodo
1159 2670 1232 2709 ex
1249 2652 1686 2711 venenifer-orum
1707 2650 1826 2705 dis-

130 2772 137 2777 .
237 2728 467 2783 crimine
504 2746 576 2785 se.
608 2728 869 2803 expedire
911 2738 1161 2803 possunt.
1247 2728 1450 2809 Verum
1499 2728 1646 2785 enim
1696 2743 1826 2781 vero
