2125 3084
329 157 388 206 40
571 159 766 205 PHIL.
805 158 954 204 IUD.
993 157 1317 216 QUAEST.
1353 159 1453 203 ET
1498 160 1654 205 SOL.
1690 153 1918 222 [11,178.]‘

320 260 381 316 in
411 267 650 313 mentem
681 266 734 313 et
760 259 820 312 in
845 257 1081 314 verbum
1102 257 1459 329 prolativum,
1503 259 1789 314 sensibilis
1814 277 1917 314 au-

319 344 432 390 tem
452 334 514 388 in
531 341 763 404 quatuor
783 350 1008 401 sensus3
1061 351 1189 386 nam
1218 333 1473 404 quintus,
1516 342 1721 399 tactus»,
1764 351 1917 389 com-

321 409 507 462 munis
525 415 758 478 quatuor
776 408 890 462 illis
915 417 1015 462 est.
1095 407 1336 473 Quorum
1356 408 1465 462 duo
1480 449 1493 472 ,
1526 409 1733 480 quibus
1754 407 1917 464 vide·-

321 500 446 538 mus
484 490 536 536 et
570 482 853 545 audimuS‚
896 481 1216 553 philosophi
1256 491 1409 545 sunt,
1453 483 1529 537 ita
1568 491 1630 538 ut
1660 499 1761 554 per
1786 482 1915 537 illos

321 557 462 612 hene
479 557 670 612 vivere
691 557 1006 628 acquiratur
1027 558 1086 609 in
1108 557 1293 624 nohis3
1349 557 1551 628 reliqui
1574 557 1917 628 non-philo-

319 631 509 703 sophi,
553 630 808 686 odoratus
836 639 890 686 et
917 639 1141 702 gustus,
1184 631 1415 685 serviles
1444 640 1597 695 sunt,
1640 631 1709 686 ad
1734 631 1916 686 solum

319 705 627 761 vivendum
678 705 834 760 facti:
919 705 1177 760 odoratus
1226 706 1375 759 enim
1425 722 1523 776 per
1565 705 1915 762 olfactionem

318 781 480 854 plura
509 781 750 836 continet
777 795 899 833 sese
929 780 1263 850 excipientia
1298 788 1352 835 et
1380 780 1694 835 continuam
1734 782 1917 852 spira-

317 857 523 910 tionem
545 864 822 926 tamquam
844 855 1167 909 continuum
1188 854 1375 909 cibum
1398 855 1732 922 viventium3
1764 853 1835 928 [*]
1861 863 1917 910 et

317 938 514 1002 gustus
543 947 642 1002 per
671 929 860 984 cibum
889 936 943 982 et
969 937 1161 1000 potum
1190 930 1362 984 iuvat.
1440 930 1628 1001 Itaque
1656 928 1915 986 odoratus

318 1013 372 1060 et
391 1013 586 1077 gustus
608 1003 833 1060 mortale
856 1002 960 1058 hoc
979 1020 1179 1076 corpus
1205 1005 1504 1068 sustinent,
1540 1005 1704 1059 ‘visus
1732 1011 1915 1060 autem

317 1089 371 1134 et
391 1078 615 1134 auditus
635 1078 931 1134 immortali
953 1079 1125 1132 menti
1152 1078 1445 1132 utilitatem
1463 1087 1761 1149 praestant.

428 1163 539 1216 Hae
567 1177 696 1232 ergo
723 1160 1027 1215 divisiones
1068 1158 1438 1211 membrorum
1477 1167 1785 1214 nostrorum
1822 1177 1915 1214 se-

317 1235 562 1290 cundum
591 1250 791 1302 corpus
821 1241 874 1288 et
903 1233 1143 1286 animam
1172 1232 1423 1285 concisae
1452 1230 1675 1286 fuerunt
1702 1249 1735 1285 a
1758 1249 1915 1288 crea-

315 1318 451 1363 tore.
531 1305 832 1360 Sciendum
853 1313 1034 1360 tamen
1055 1312 1163 1367 est,
1194 1304 1343 1375 quod
1365 1305 1529 1358 etiam
1548 1313 1730 1377 partes
1748 1325 1916 1363 mun-

317 1382 376 1437 di
405 1381 698 1452 bipartitae
727 1386 856 1434 sunt
885 1386 938 1433 et
965 1386 1153 1433 contra
1180 1395 1239 1433 se
1274 1379 1517 1433 invicem
1555 1382 1907 1438 constitutae:

315 1467 457 1512 terra
495 1455 556 1508 in
594 1454 765 1508 situm
803 1460 1121 1508 montanum
1151 1460 1205 1506 et
1232 1461 1618 1525 campestrem3
1681 1473 1823 1529 aqua
1852 1459 1911 1512 in

315 1529 536 1584 dulcem
575 1536 630 1583 et
667 1528 895 1592 salsam,
937 1526 1160 1582 dulcem
1187 1534 1321 1599 puta
1350 1545 1497 1594 eam,
1545 1547 1713 1601 quam
1740 1533 1913 1586 mini-

314 1611 489 1658 strant
509 1602 684 1658 fontes
705 1611 758 1657 et
778 1619 992 1667 amnes,
1033 1601 1237 1658 salsam
1263 1620 1393 1658 vero
1420 1606 1716 1673 marinam3
1766 1607 1915 1662 sicut

316 1687 370 1732 et
399 1679 488 1733 ae'r
517 1679 576 1732 in
607 1677 847 1732 hiemem
877 1685 931 1732 et
959 1685 1245 1741 aestatem,
1294 1677 1489 1732 itidem
1520 1680 1579 1734 in
1607 1698 1705 1734 ver
1732 1689 1785 1735 et
1812 1698 1913 1735 au·-

316 1763 588 1808 tumnum.
668 1753 807 1808 Hinc
825 1753 1131 1808 Heraclitus
1162 1752 1333 1808 libros
1364 1755 1690 1826 conscripsit
1717 1754 1785 1810 de
1810 1772 1912 1810 na-

317 1838 437 1885 tura
451 1871 466 1894 ,
505 1846 538 1884 a
557 1828 830 1902 Theologo
850 1837 1034 1884 nostro
1053 1836 1335 1888 mutuatus
1354 1831 1651 1885 sententias
1681 1830 1751 1887 de
1778 1846 1913 1885 con-

314 1905 526 1968 trariiS,
596 1903 801 1960 additis
847 1905 1135 1961 immensis
1183 1905 1367 1976 iisque
1410 1904 1699 1962 laboriosis
1746 1921 1911 1978 argu-

315 1978 536 2032 mentiS.

391 2225 550 2283 Quare
589 2224 728 2275 dicit.-
780 2225 958 2289 „Aves
991 2236 1145 2276 autem
1180 2245 1273 2279 non
1309 2228 1547 2280 divahiw?
1584 2233 1689 2292 (15,
1735 2230 1839 2289 10.)

430 2380 480 2430 6.
541 2373 846 2431 Adumbrat
881 2376 1133 2447 quintam
1172 2385 1226 2430 et
1261 2379 1596 2449 periodicam
1634 2387 1904 2444 naturam,

318 2469 389 2506 ex
413 2467 522 2521 qua
541 2451 774 2521 maiores
803 2450 1107 2522 perfectum
1138 2449 1330 2506 dicunt
1356 2453 1591 2508 caelum.
1669 2454 1910 2520 Quatuor

319 2526 468 2580 enim
496 2525 762 2579 elementa
790 2526 1060 2581 mixturae
1082 2534 1211 2580 sunt
1228 2527 1415 2596 potius
1432 2543 1599 2597 quam
1618 2528 1903 2592 elementa,

317 2599 525 2669 quibus
561 2599 872 2654 subdividit
899 2600 1010 2654 iam
1037 2600 1219 2654 divisa
1250 2601 1309 2653 in
1339 2599 1399 2652 id
1428 2600 1503 2670 (s.
1537 2618 1607 2655 ex
1634 2601 1789 2673 illo),
1838 2617 1909 2654 ex

317 2688 427 2742 quo
457 2673 749 2726 commixta
779 2683 932 2730 sunt:
985 2684 1046 2730 ut
1072 2682 1214 2731 terra
1243 2673 1523 2730 concludit
1547 2677 1606 2729 in
1626 2674 1775 2732 sede
1796 2674 1908 2729 ele-
