2125 3084
365 164 464 217 35⁰
501 167 702 214 rau..
740 167 896 215 mn.
939 165 1263 223 QUAEST.
1300 165 1399 210 ΕΤ
1438 165 1599 212 801..
1640 162 1969 233 [mmmm]
2084 154 2099 250 ¹¹

367 303 442 367 [Ἴ
518 299 648 357 Quid
697 311 766 350 eet
813 299 1038 364 „species
1085 298 1271 362 ylarius
1323 298 1505 349 domini
1554 311 1794 366 tamquam
1844 305 1973 367 iym's
2096 283 2098 314 Ι

500 367 674 418 ardens
706 385 865 417 coram
885 366 1012 429 filiis
1053 365 1317 415 Videntis“
1354 366 1543 431 (deum,
1583 369 1630 417 h.
1671 386 1713 419 e.
1747 369 1973 434 Israelfi'

502 438 607 502 (24,
635 436 739 497 17.)

421 541 426 550 ·
480 523 565 578 47.
605 520 904 587 Quoniam,
939 525 1003 575 ut
1020 518 1179 590 prius
1196 516 1409 572 dictum
1428 525 1537 582 est,
1572 516 1664 573 dei
1684 519 1861 590 gloria
1880 533 1967 576 est
2095 505 2098 606 ἢ

365 599 570 660 virtus,
622 612 733 667 qua
769 610 916 649 nunc
953 601 1198 665 apparet.
1282 593 1458 647 Huius
1494 593 1715 647 virtutis
1742 596 1963 665 species

365 671 568 726 similis
589 679 672 725 est
689 667 940 724 flammae
950 666 1030 739 *):
1076 669 1187 723 imo
1207 684 1317 722 non
1346 676 1454 732 est,
1494 666 1593 722 sed
1621 677 1847 739 apparet
1869 673 1961 724 vi-

365 745 626 801 dentibus
641 786 654 809 ,
696 751 1029 799 monstrante
1054 742 1186 806 deo,
1228 760 1338 797 non
1365 741 1517 814 quod
1542 750 1624 797 est
1648 743 1959 799 secundum

365 822 686 884 essentiam,
736 817 836 874 sed
871 818 1020 873 sicut
1046 817 1266 872 volebat
1294 819 1477 889 putari
1505 835 1624 874 esse
1656 817 1724 872 ad
1756 818 1960 873 viden-

365 898 506 951 tium
526 903 827 967 stuporem.
904 891 1114 950 Adiicit
1134 910 1263 965 ergo
1288 891 1431 948 illud
1452 898 1509 947 in
1528 902 1794 961 conspectu
1822 897 1960 962 filio-

363 990 482 1025 rum
513 972 760 1033 Videntia,
801 967 1150 1023 manifestius
1169 967 1485 1032 declarans,
1521 968 1671 1040 quod
1691 985 1959 1040 apparen-

363 1047 440 1100 tia
461 1044 710 1100 flammae
738 1053 882 1108 erat,
925 1059 1033 1097 non
1061 1040 1281 1096 flamma
1313 1059 1465 1097 vera.
1544 1041 1799 1099 Secundo
1826 1044 1958 1114 quia

365 1130 604 1175 montem
633 1123 976 1175 inaccessum
1011 1117 1410 1172 demonstravit
1438 1112 1671 1189 popum,
1724 1116 1960 1174 flammi-

365 1195 554 1250 sormis
580 1196 728 1267 ignis
755 1193 1153 1265 apparitionem
1180 1192 1511 1247 extendebat
1536 1194 1683 1248 circa
1702 1211 1855 1259 eum,
1898 1204 1961 1250 ut

364 1287 543 1341 neque
571 1269 762 1324 volens
789 1269 1086 1339 quisquam
1114 1276 1299 1338 posset
1326 1267 1613 1332 accedere,
1653 1277 1960 1340 contempta

364 1344 698 1402 visitatione.
785 1342 1055 1409 Quoniam
1095 1343 1409 1415 ignorantes
1446 1343 1729 1415 simulque
1768 1344 1971 1400 faciles·

363 1415 594 1490 putandi
615 1425 762 1482 sunt,
791 1419 890 1488 qui
910 1425 1122 1488 putant,
1146 1418 1298 1472 iuxta
1319 1417 1643 1490 prophetam
1664 1420 1963 1474 essentiam

267 1487 276 1494 ’
363 1509 483 1547 esse
504 1493 692 1564 ignem
722 1492 840 1556 dei,
883 1492 1167 1548 evidenter
1197 1493 1419 1556 clamat,
1462 1494 1613 1564 quod
1639 1494 1847 1567 gloriae
1876 1504 1964 1550 est

363 1577 417 1622 et
439 1567 659 1622 virtutis
681 1565 772 1622 dei
793 1583 1062 1640 apparens
1082 1569 1295 1638 species
1310 1609 1323 1633 ‚
1363 1585 1470 1623 non
1492 1585 1623 1624 vero
1642 1571 1761 1632 veri
1784 1570 1955 1626 entis:

363 1653 416 1699 et
442 1641 592 1715 quod
620 1659 728 1698 non
757 1650 841 1697 est
867 1643 1044 1698 virtus
1073 1643 1171 1696 illa
1196 1644 1374 1716 ignis,
1425 1642 1524 1697 sed
1554 1645 1729 1716 gloria
1760 1644 1876 1700 sola
1906 1653 1962 1698 et

361 1718 684 1774 videntibus
712 1718 1055 1791 phantastice
1084 1733 1382 1789 appetem,
1424 1719 1569 1774 sicut
1600 1737 1709 1775 non
1742 1728 1825 1775 est
1860 1721 1959 1791 qui

362 1805 444 1850 est
459 1838 470 1860 ‚
494 1803 716 1867 propter
736 1796 972 1850 rationes
995 1792 1189 1847 dictas.
1244 1794 1447 1849 Littera
1469 1793 1605 1848 haec
1624 1793 1811 1850 habet.
1874 1794 1959 1848 Ad

361 1880 598 1924 mentem
633 1887 785 1934 vero,
838 1870 983 1924 sicut
1016 1866 1233 1922 flamma
1271 1884 1491 1922 omnem
1528 1870 1813 1924 materiam
1852 1871 1961 1924 im-

363 1947 587 1999 missam
607 1946 906 2010 consumit,
937 1945 1020 1998 sic
1037 1943 1261 2016 quando
1280 1942 1567 1998 manifeste
1589 1944 1848 2000 adveniat
1868 1945 1961 1999 dei

361 2021 641 2076 meditatio
665 2021 724 2074 in
752 2021 989 2084 animas,
1031 2035 1252 2074 omnem
1280 2019 1666 2090 cogitationem
1696 2037 1727 2074 a
1756 2021 1959 2092 pietate

362 2097 598 2150 alienam
618 2093 890 2159 devastat,
916 2095 974 2148 in
995 2093 1302 2149 decentiam
1323 2093 1592 2149 reducens
1612 2102 1781 2150 totam
1800 2112 1959 2150 men-—

363 2183 491 2226 tem.
2094 2139 2097 2300 1

432 2267 504 2332 [“]
555 2263 714 2322 Quare
748 2265 895 2314 intrat
928 2263 1095 2313 Moses
1127 2264 1176 2312 in
1210 2263 1406 2313 medium
1440 2265 1605 2314 nubis?
1648 2265 1754 2330 (24,
1786 2267 1891 2326 18.)

475 2370 559 2422 48.
601 2367 642 2420 Ε
674 2363 856 2420 medio
885 2373 1110 2420 vocatus
1140 2374 1248 2429 est,
1292 2365 1417 2420 ideo
1457 2367 1578 2421 iure
1613 2375 1836 2422 secutus
1878 2375 1964 2420 est

361 2459 573 2498 vocem.
639 2440 892 2496 Secundo
913 2456 984 2494 ex
1002 2439 1159 2495 verbi
1181 2442 1412 2512 strepitu
1432 2442 1611 2513 potuit
1631 2441 1875 2496 discindi
1897 2457 1960 2494 ea

359 2534 488 2589 pars
509 2516 674 2570 nubis
690 2557 702 2580 ‚
746 2525 799 2571 et
823 2524 1058 2587 utraque
1080 2516 1301 2588 regione
1323 2516 1653 2572 condensata
1675 2516 1839 2571 facile
1862 2515 1966 2570 fie-
2092 2491 2095 2586 Ι

359 2593 409 2644 ri
437 2593 717 2644 transitus·
2092 2593 2095 2732 N

465 2720 505 2766 θ)
552 2719 616 2759 Cf.
645 2732 774 2770 supra
797 2722 894 2762 Vol.
920 2721 992 2762 VI.
1021 2733 1062 2771 p.
1092 2723 1208 2762 274³.
