2125 3084
347 167 443 220 242
695 174 940 218 INDEX
974 171 1500 217 MANGEYANUS
1535 173 1572 215 Ι.

410 289 669 338 Hebraeos
714 289 1118 338 numerosissima
1155 289 1425 351 Prophetia
1463 302 1618 351 regno
1660 290 1842 351 potior
1875 291 1938 351 11,

344 424 667 487 Primogeniti
684 424 943 471 hominum
960 423 1120 485 pretio
1151 412 1469 486 Propinquus
1495 424 1719 487 affectum
1754 425 1944 487 signifi-

410 492 683 541 redimendi
702 491 770 550 H,
794 495 909 538 234.
1221 498 1304 539 cat
1328 491 1370 550 Ι,
1393 492 1509 539 367.
1533 496 1648 538 559.

342 559 581 623 Princeps
593 557 857 620 suffragiis,
876 562 1118 605 nonsorte
1152 557 1527 621 Propitiationis
1545 559 1671 606 ritus
1686 558 1729 618 Ι,
1753 562 1876 608 534.

411 626 667 689 eligendus
703 625 771 684 H,
802 629 919 671 361.
962 638 1025 671 ne
1056 624 1121 671 sit
1153 624 1586 687 Propitiatorium‚
1621 626 1765 674 cuius
1781 626 1860 676 rei
1879 626 1943 674 si·

411 692 690 755 alienigena
715 692 784 751 H,
806 696 919 739 362.
956 691 1121 753 legem
1219 706 1371 753 gnum
1389 691 1432 751 Ι·,
1456 696 1573 739 561.

409 774 561 808 manu
603 760 805 822 propria
846 757 999 807 semel
1038 758 1121 805 de·
1153 758 1432 821 Propylaea
1498 759 1815 807 tabernaculi
1871 759 1940 820 H,

412 826 597 875 scribat
629 826 697 885 11,
722 830 851 885 3633
899 825 1120 886 quotidie
1224 830 1334 873 149.

407 894 631 957 perlegat
650 893 713 941 ib.
740 892 937 941 afflictis
955 898 1121 954 patro·
1153 892 1438 954 Proselytae
1478 907 1566 940 cur
1601 893 1678 941 sic
1716 894 1839 941 dieti
1869 892 1935 951 ΙΙ,

410 962 602 1010 cinetur
635 960 704 1020 H,
738 964 851 1009 365.
900 972 1120 1007 commu-
1219 964 1334 1007 219.
1382 959 1587 1019 eodem,
1619 974 1725 1021 quo
1751 962 1936 1023 indige-

406 1030 487 1076 nis
515 1028 678 1089 gentis
702 1042 882 1090 parens
906 1026 1116 1085 Π,,366.

408 1096 574 1143 Deum
600 1095 821 1143 imitetur
850 1094 960 1141 aliis
992 1092 1119 1141 bene

408 1162 639 1210 faciendo
676 1162 745 1220 H,
784 1164 899 1209 367.
958 1160 1118 1221 qualis

408 1230 514 1277 eius
552 1242 663 1276 esse
698 1228 845 1276 debet
880 1229 932 1275 in
961 1239 1119 1289 popu-

406 1296 510 1343 lum
530 1295 731 1344 collatio
752 1295 821 1353 H,
844 1299 958 1342 553.

340 1361 653 1424 Principatus
690 1362 892 1423 quidam
919 1362 973 1408 in
998 1374 1120 1421 quo-

404 1430 479 1475 vis
501 1429 631 1475 vitae
650 1442 831 1489 genere
854 1428 920 1485 H,
942 1432 1059 1475 366.

1219 1040 1340 1085 nae,
1367 1032 1575 1073 utuntur
1596 1027 1710 1075 iure
1738 1026 1805 1074 ib.
1847 1028 1935 1075 deo

1221 1092 1324 1140 cari
1383 1093 1451 1151 H,
1507 1098 1623 1141 258.
1699 1095 1934 1142 continuo

1220 1161 1546 1209 emendantur
1580 1160 1648 1221 Π,
1689 1166 1814 1209 406.
1861 1161 1936 1208 be-

1218 1227 1368 1289 nigue
1415 1228 1663 1275 tractandi
1708 1226 1782 1287 H,
1825 1232 1933 1275 365.

1219 1298 1334 1341 392.
1371 1294 1578 1355 quinam
1597 1300 1716 1342 sunt
1731 1295 1803 1355 H,
1825 1296 1932 1344 677.

1217 1361 1280 1408 iis
1309 1362 1370 1410 de
1397 1360 1604 1409 aedibus
1635 1370 1846 1410 cavetur
1869 1362 1934 1420 H,

1219 1432 1333 1475 290.
1355 1433 1472 1477 291.

338 1493 667 1555 Principium,
687 1494 839 1541 totius
860 1494 1119 1541 dimidium
1151 1494 1468 1543 Proseuchae
1508 1495 1739 1543 virtutum
1787 1496 1937 1543 scho-

404 1562 446 1620 Ι,
468 1563 580 1608 319.
602 1560 701 1608 fine
720 1560 1009 1609 destitutum
1026 1561 1118 1609 im-

403 1628 678 1692 perfectum
699 1627 742 1687 1,
764 1632 880 1674 326.

339 1696 605 1745 Procidere
622 1696 677 1743 in
694 1695 875 1743 faciem
900 1694 943 1754 Ι,
966 1698 1082 1743 586.

340 1764 600 1813 Profectus
638 1763 888 1826 segetibus
926 1763 1119 1811 assimi-

408 1834 537 1881 latur
569 1833 614 1893 Ι,
649 1836 760 1880 136.

340 1898 651 1948 Proficientis
692 1906 743 1948 et
778 1898 985 1961 perfecti
1022 1898 1119 1945 dis-

338 1999 343 2005 ·
408 1968 595 2015 crimen
628 1967 670 2025 1,
701 1972 810 2013 114.
838 1972 946 2014 118.
972 1970 1083 2013 689.

340 2032 590 2096 Propheta
636 2034 838 2094 quidam
894 2033 1118 2094 egregius

406 2100 647 2149 Hebraeis
701 2101 1003 2163 promittitur
1047 2099 1115 2159 H,

408 2173 523 2215 222.

1215 1562 1296 1609 lae
1314 1562 1381 1621 H,
1407 1566 1520 1610 168.
1543 1566 1650 1609 523.
1677 1561 1938 1610 violantur

1218 1628 1280 1676 ab
1315 1628 1669 1677 Alexandrinis
1701 1628 1774 1688 H,
1817 1633 1933 1677 523.

1220 1699 1333 1744 535.
1367 1701 1480 1744 565.
1527 1698 1584 1744 in
1609 1697 1785 1758 quavis
1813 1697 1936 1745 urbe

1216 1763 1284 1823 H,
1313 1768 1422 1811 168.
1445 1768 1562 1811 282.
1601 1764 1827 1813 sabbatis
1845 1764 1933 1811 fre-

1219 1836 1519 1891 quentantur
1541 1831 1608 1891 H,
1637 1836 1758 1880 282.
1799 1832 1854 1879 in
1877 1832 1932 1878 iis

1220 1898 1425 1945 sedendi
1461 1904 1511 1947 et
1543 1898 1786 1947 audiendi
1817 1900 1932 1947 ritus

1217 1964 1280 2013 ib.
1338 1966 1392 2012 in
1429 1965 1549 2013 urbe
1585 1966 1754 2013 Roma
1791 1980 1934 2027 quam

1216 2033 1459 2095 plurimae
1484 2032 1552 2091 H,
1579 2036 1698 2080 568.
1735 2034 1932 2095 gratitu-

1217 2100 1347 2147 dinis
1373 2114 1492 2162 erga
1512 2100 1849 2162 imperatores
1867 2101 1931 2148 in-

1217 2166 1348 2214 dicia
1363 2167 1434 2227 ΙΙ,
1453 2171 1568 2214 524.

340 2234 637 2298 Prophetae,
663 2234 743 2283 dei
758 2236 1052 2297 interpretes
1073 2234 1114 2294 Ι,
1149 2234 1448 2296 Protagoras
1467 2234 1698 2295 sophista
1720 2236 1766 2294 Ι,
1789 2241 1898 2284 232.

409 2307 521 2353 510.
588 2302 655 2362 H,
696 2307 810 2350 222.
848 2308 962 2351 343.
998 2302 1316 2349 417.Ῥι·ο1;οἰ
1361 2302 1595 2363 Aegyptii
1653 2302 1852 2351 formae
1890 2302 1925 2359 Ι,

406 2369 529 2416 nihil
559 2369 621 2416 de
654 2384 745 2417 suo
776 2371 1043 2431 loquuntur
1073 2368 1114 2427 1,

407 2438 520 2481 511.
558 2435 626 2493 H,
658 2442 773 2483 343.
810 2451 912 2484 non
937 2436 1116 2484 intelli-

402 2508 527 2558 gunt
552 2516 680 2562 quae
708 2504 879 2551 dicunt
902 2503 971 2560 H,
1004 2508 1110 2549 124.

1185 2372 1329 2415 -see,
1365 2369 1436 2428 Π,
1468 2372 1581 2417 557.

1148 2436 1464 2483 Providentia
1520 2436 1601 2483 dei
1651 2436 1699 2495 Ι,
1751 2443 1806 2487 2.
1851 2441 1924 2484 41.

1211 2504 1383 2549 mundi
1419 2504 1588 2550 anima
1621 2503 1691 2562 H,
1735 2508 1853 2551 501.

405 2562 609 2613 homines
626 2567 705 2614 dei
732 2575 781 2616 et
806 2568 1013 2617 videntes
1042 2570 1115 2615 di·
1146 2570 1518 2617 Provincias-um
1577 2571 1827 2635 praefecti
1881 2570 1930 2616 in

402 2628 468 2673 cti
493 2630 535 2687 Ι,
568 2636 683 2679 295.
711 2641 825 2683 442.
846 2642 959 2684 483.
1000 2635 1114 2684 falsi
1210 2636 1289 2683 ius
1317 2637 1478 2684 vooati
1513 2637 1814 2699 magistratu
1850 2651 1930 2685 ex-

401 2700 559 2743 morte
576 2699 848 2749 mulctandi
870 2704 939 2764 H,
962 2708 1075 2752 259.

1211 2709 1324 2752 acto
1357 2703 1426 2763 H,
1466 2707 1580 2752 532.
