2125 3084
766 41 781 71 Ι

160 170 247 238 1111,
273 168 389 234 saa]
516 173 597 217 m
633 171 977 219 Exomm,
1018 172 1274 217 sunno
1313 172 1383 219 11.
1660 168 1759 221 383

166 292 307 349 quae
336 290 469 329 vero
496 290 527 328 a
557 273 809 337 sinistra,
848 258 1072 345 propter
1088 256 1382 328 utilitatem
1403 272 1688 329 hominum
1707 282 1762 330 et

168 350 493 407 suavitatem
515 348 665 419 apud
683 351 815 404 istos
834 348 1114 419 opinionis
1135 347 1202 420 (s.
1225 348 1640 421 aestimationis)

170 541 241 608 [⁸]
284 522 417 597 Quae
450 549 558 590 eunt
592 539 717 589 duae
748 554 959 604 yemmae
990 538 1263 605 smaraydi,
1302 540 1352 589 in
1383 540 1548 605 quibus
1574 540 1764 589 nomina

278 608 545 659 scribuntur
582 606 826 658 duodecim
851 607 1123 671 principum
1159 607 1392 658 tribuum?
1431 614 1540 671 (28,
1571 608 1661 668 9.).

283 730 396 783 ⁴09.
440 725 627 799 sigilli
643 768 655 789 ‚
694 726 751 779 in
774 724 1031 782 alterutro
1050 742 1268 791 eorum,
1300 743 1402 782 sex
1418 734 1548 781 sunt
1573 726 1764 781 ambo-

164 819 291 859 ram
308 801 842 874 hemisphaeriorum
856 842 879 865 „
894 818 1062 874 super
1081 810 1278 857 terram
1301 801 1564 858 videlicet
1583 809 1636 856 et
1655 802 1763 856 sub

163 889 328 935 terra.
404 878 544 933 Huic
583 884 766 931 autem
800 874 949 931 dicto
985 877 1091 931 tria
1133 876 1299 932 fidem
1327 877 1504 934 facere
1535 876 1763 933 demon-

160 962 390 1009 stratur:
448 969 623 1007 unum
650 950 853 1024 figura,
894 952 1028 1022 quia
1056 952 1322 1009 rotundae
1353 961 1485 1007 sunt
1518 969 1760 1021 gemmae,

160 1026 627 1103 quemadmodum
676 1035 731 1081 et
777 1026 1210 1098 hemisphaeria3
1302 1027 1544 1084 secundo
1590 1030 1760 1103 potor,

160 1103 427 1177 quoniam
460 1102 660 1159 similis
698 1110 782 1157 est
816 1102 995 1157 colore
1020 1108 1333 1172 emoroydus
1359 1103 1535 1171 caelo;
1604 1102 1762 1157 tertio

160 1196 410 1235 numerus
446 1182 501 1232 in
536 1196 593 1232 oo
626 1180 969 1247 sculptorum,
1017 1176 1296 1248 siquidem
1331 1180 1390 1234 in
1431 1193 1762 1250 unoquoque

161 1250 573 1325 hemisphaerio
611 1270 711 1307 sex
740 1252 899 1325 signa
928 1253 1160 1327 contigit
1195 1270 1343 1319 esse,
1393 1271 1628 1325 quorum
1659 1252 1764 1307 ali-

160 1347 275 1402 qua
295 1336 677 1401 superterram
694 1368 707 1391 ‚
748 1326 1021 1398 quaedam
1043 1345 1174 1383 vero
1193 1329 1518 1386 sub'terram
1534 1371 1548 1394 ‚
1591 1328 1764 1383 dimi-

161 1405 323 1460 dium
347 1420 545 1476 nempe
564 1402 784 1459 Zodiaci
804 1402 1115 1469 obtinentes
1131 1445 1143 1468 ,
1181 1402 1418 1461 elucent.
1496 1404 1760 1477 Sigillum

163 1488 346 1537 autem
375 1480 496 1535 iure
525 1478 744 1534 vocavit
771 1481 1126 1547 scriptionem,
1167 1482 1428 1551 quoniam
1455 1496 1678 1536 normae
1698 1495 1762 1533 ac

162 1556 282 1631 typi
302 1564 433 1611 sunt
450 1563 512 1610 ut
532 1554 718 1627 sigilla
734 1594 747 1618 ,
766 1569 921 1624 -quae
939 1554 999 1608 in
1020 1553 1250 1611 Zodiaco
1271 1564 1399 1611 sunt
1418 1573 1607 1612 omnes
1628 1554 1763 1610 stel-

162 1630 249 1687 lae
268 1630 610 1697 immobiles3
670 1628 897 1684 mobilia
918 1636 1101 1689 autem
1121 1638 1249 1685 sunt
1268 1648 1410 1704 quae
1429 1639 1553 1704 post
1573 1630 1759 1685 lunam

162 1708 458 1763 exsistunt.

168 1856 304 1915 Quid
344 1863 413 1904 est
457 1852 738 1917 Rationale,
793 1863 837 1905 et
878 1871 1025 1919 quare
1069 1854 1418 1904 iudiciorum
1460 1850 1580 1901 illud
1617 1851 1762 1899 nomi-

300 1932 415 1983 nat,·
482 1938 566 1971 our
609 1930 761 1971 autem
812 1958 844 1985 „
858 1924 993 1972 iuxta
1045 1930 1276 1971 texturam
1325 1918 1716 1985 superhumeralis
1729 1919 1763 1947 “

301 1990 583 2041 construitur
613 1990 879 2040 rationale?
913 1993 1019 2053 (28,
1045 1990 1151 2051 15.)

280 2115 397 2167 ΗΟ.
438 2110 595 2167 Siout
619 2118 673 2166 et
698 2127 897 2166 nomen
926 2110 1113 2181 ipsum
1141 2115 1350 2172 monet,
1377 2108 1613 2162 ,rationis
1641 2102 1762 2176 (est)

157 2186 500 2264 symbolum.
577 2186 735 2242 Ratio
774 2193 957 2241 autem
986 2185 1108 2240 sive
1136 2183 1370 2239 verbum
1397 2180 1643 2255 (Graecis
1673 2177 1764 2234 λό-

156 2284 287 2341 γος,
339 2262 595 2318 Armenis
627 2261 757 2334 pan)
794 2260 1005 2333 duplex
1044 2268 1154 2315 est:
1225 2275 1401 2314 unum
1438 2257 1498 2312 in
1537 2262 1762 2309 naturae

160 2334 417 2395 consiliis
436 2339 607 2392 situm
621 2378 635 2405 ,
680 2336 916 2392 alterum
933 2335 1292 2409 prolativum.
1365 2334 1561 2389 Iudicii
1579 2337 1762 2384 autem

160 2422 247 2471 est
267 2412 521 2477 verbum,
544 2412 808 2483 quoniam
819 2413 1005 2467 omnia
1018 2428 1082 2466 eo
1093 2411 1515 2483 distinguuntur
1523 2404 1664 2479 (sive
1674 2420 1765 2459 ra·-

162 2492 315 2547 tione
336 2495 427 2543 aut
446 2486 736 2559 oratione):
784 2480 1166 2559 intelligibilia
1185 2502 1268 2549 eo,
1291 2483 1440 2556 quod
1460 2482 1518 2536 in
1539 2488 1763 2536 naturae

164 2562 417 2619 consiliis
438 2569 547 2630 est,
608 2560 823 2616 vocalia
844 2568 1026 2615 autem
1044 2577 1295 2615 sermone
1315 2560 1551 2632 privato·
1621 2554 1763 2612 Con-

162 2638 395 2695 structio
416 2652 545 2692 vero
570 2634 893 2708 (rationalis)
911 2640 1068 2691 iuaeta
1087 2645 1350 2691 texturam
1367 2634 1765 2702 superhumera-

166 2717 235 2770 lia
262 2713 470 2786 optime
498 2710 711 2767 dictum
740 2717 851 2775 est,
888 2710 1020 2781 quia
1048 2709 1284 2766 texendo
1301 2716 1512 2781 oportet
1531 2706 1764 2765 formare
