2125 3084
345 176 446 230 304
639 181 832 228 PHIL.
859 180 1008 227 IUD.
1039 179 1362 238 QUAEST.
1391 179 1489 224 ET
1524 179 1679 226 SOL.
1722 176 1809 242 [11,
1832 179 1973 244 452]

348 300 487 340 mos.
565 281 836 350 Quoniam
874 281 1099 348 vicinus
1134 279 1541 352 quodammodo
1576 290 1741 354 atque
1781 301 1971 356 prope

347 369 432 415 est
466 358 774 414 secundum
810 359 1073 412 virtutem
1110 355 1370 412 honestae
1408 357 1680 413 voluntati
1726 370 1969 416 conatus

347 434 617 498 theoriae,
659 447 802 506 quae
831 433 1113 507 encyclica
1141 431 1291 488 dicta
1318 440 1426 486 est·
1490 439 1601 504 qua
1630 435 1877 490 nutritus
1906 446 1971 492 et

347 511 650 565 instructus
669 509 968 580 quisquam
990 507 1171 563 solido
1191 507 1455 562 exercitio
1480 507 1751 572 defectui,
1798 526 1967 566 acce-

348 595 440 658 pta
459 586 626 640 etiam
645 584 926 640 communi
946 584 1149 638 mentis
1172 582 1497 654 disciplina,
1528 573 1772 657 supplet
1835 586 1967 640 Erit

349 670 532 716 autem
569 669 625 714 et
661 659 910 715 studium
947 658 1355 732 encyclicorum
1383 657 1533 726 haud
1559 660 1805 730 puerile,
1855 663 1965 716 sed

350 735 640 818 rationale,
675 735 1052 790 aestimatione
1072 733 1307 824 dignum
1326 742 1381 791 et
1400 735 1716 806 spirituale·
1705 777 1718 804 ,
1775 752 1965 807 quon-

347 797 461 866 iam
487 810 796 867 secundum
823 826 1097 864 numerum
1122 813 1421 864 animarum
1440 809 1499 864 id
1518 810 1778 867 conciliat
1796 828 1965 867 men-

347 897 479 942 tem.

397 987 494 1038 Gur
523 987 771 1051 unt'citt‘que
803 986 898 1036 sibi
925 985 1217 1051 sufficientes
1250 985 1377 1035 iubet
1408 985 1549 1036 siml
1578 999 1911 1034 connumerare

907 1054 957 1103 in
992 1053 1225 1102 hostiam?
1268 1054 1389 1118 (ib.)

461 1163 513 1212 6.
563 1158 812 1213 Primum
839 1156 1068 1245 quidem
1096 1171 1358 1212 excessus
1378 1151 1739 1228 defectusque
1760 1157 1957 1227 aequi-

349 1236 476 1289 tatis
507 1234 627 1287 sive
655 1234 906 1306 paritatis
933 1233 1220 1304 generavit
1246 1231 1639 1301 inaequitatem
1661 1239 1825 1318 atque
1848 1232 1958 1288 im-

348 1310 657 1380 paritatem.
737 1307 806 1362 Ut
845 1313 1027 1362 autem
1069 1315 1123 1362 et
1162 1323 1263 1380 ego
1300 1305 1617 1362 fabulosum
1650 1301 1965 1378 quicquam

347 1399 613 1454 usurpem
651 1381 722 1435 de
761 1381 851 1435 his
887 1382 1239 1447 nominibuS,
1283 1389 1456 1436 mater
1486 1382 1650 1437 istius
1678 1380 1955 1437 iniustitia

349 1466 460 1519 est,
500 1457 646 1510 sicut
676 1454 872 1512 itidem
899 1458 1107 1529 paritas
1139 1459 1261 1512 sive
1290 1456 1593 1529 aequalitas
1612 1458 1825 1512 iustitia
1847 1465 1953 1512 est.

346 1534 494 1588 Inter
511 1538 692 1586 autem
713 1547 1004 1590 excessum
1023 1541 1078 1588 et
1096 1533 1371 1589 defectum
1392 1532 1641 1588 medium
1666 1540 1815 1588 tenet
1840 1539 1957 1602 suf-

349 1611 550 1678 ficiem,
591 1605 650 1662 in
677 1622 790 1680 quo
815 1607 1044 1664 divinus
1076 1608 1219 1664 liber
1236 1608 1342 1664 hoc
1361 1609 1673 1673 constituit,
1715 1617 1779 1664 ut
1796 1607 1957 1663 Nihil

348 1684 422 1738 sit
449 1681 637 1738 nimis.
717 1681 973 1740 Secundo
986 1726 998 1749 ‚
1031 1685 1291 1758 proprius
1313 1683 1467 1756 labor
1484 1685 1607 1740 eius
1626 1684 1687 1740 in
1708 1700 1839 1758 agro
1860 1699 1959 1738 co·-

265 1825 274 1834 ,
349 1758 514 1816 lende
546 1775 803 1817 mensura
831 1768 913 1816 est
941 1760 1217 1817 moderata
1244 1760 1678 1817 necessariorum
1698 1760 1959 1815 utilium-

347 1851 456 1906 que
488 1834 558 1890 ad
586 1837 924 1908 corporalem
951 1838 1147 1896 vitam.
1225 1835 1451 1893 Sorores
1480 1844 1663 1892 autem
1691 1837 1787 1891 isti
1822 1852 1958 1891 con-

347 1912 523 1984 tigere
563 1910 881 1984 frugalitas,
923 1911 1162 1970 facilitas
1191 1921 1245 1968 et
1273 1912 1622 1971 inexcessiva
1650 1912 1855 1974 virtuS,
1900 1919 1957 1964 et

348 2001 510 2042 omne
529 1987 803 2060 quicquid
823 1989 1142 2062 superbiam
1164 1988 1275 2044 sibi
1294 1989 1469 2043 sumit
1492 1987 1863 2044 evertendam.

351 2127 428 2193 [Ἴ
469 2127 564 2178 Gur
597 2165 631 2192 „
640 2130 928 2195 perfectum,
965 2131 1241 2195 masculum,
1287 2127 1603 2180 anniculum“
1637 2131 1763 2179 iubet
1798 2129 1960 2194 accipi

945 2203 1106 2248 ovem?
1141 2201 1248 2264 (12,
1280 2200 1354 2259 5.)

459 2299 513 2352 7.
563 2299 850 2368 Perfectum
875 2300 1185 2357 secundum
1214 2301 1499 2374 duplicem
1516 2299 1953 2387 conditionem*)

348 2381 403 2428 et
431 2374 674 2445 partium
701 2375 946 2445 corporis
974 2377 1261 2432 sensitivis
1288 2386 1344 2432 et
1368 2378 1599 2432 caeteris
1620 2393 1842 2449 quoque
1864 2377 1955 2430 in-

347 2449 696 2516 strumentis3
761 2465 888 2503 nam
919 2449 1305 2523 imperfectum
1324 2469 1433 2509 non
1453 2453 1584 2508 licet
1603 2451 1673 2508 ad
1696 2468 1845 2507 aram
1864 2451 1956 2504 di—

347 2524 538 2579 vinam
576 2522 785 2579 afferre-
863 2525 933 2580 Et
963 2531 1275 2594 masculum,
1318 2528 1622 2616 imprimis,
1664 2528 1797 2600 quia
1834 2544 1953 2582 mas

349 2595 555 2652 femina
593 2597 885 2671 perfectior
918 2609 1026 2670 est;
1089 2611 1422 2676 quapropter
1450 2605 1621 2660 etiam
1643 2621 1675 2659 a
1701 2602 1954 2677 physicis

453 2735 497 2784 ⁵)
523 2737 593 2778 Ad
620 2739 797 2780 verbum
822 2745 998 2783 aetatem
1023 2753 1060 2784 s.
1086 2745 1307 2789 elaturum.
1360 2744 1521 2786 Anah.
