<?xml version="1.0" encoding="UTF-8"?>
<!DOCTYPE html PUBLIC "-//W3C//DTD XHTML 1.0 Transitional//EN"
    "http://www.w3.org/TR/xhtml1/DTD/xhtml1-transitional.dtd">
<html xmlns="http://www.w3.org/1999/xhtml" xml:lang="en" lang="en">
 <head>
  <title>
</title>
<meta http-equiv="Content-Type" content="text/html;charset=utf-8" />
  <meta name='ocr-system' content='tesseract 3.04.00' />
  <meta name='ocr-capabilities' content='ocr_page ocr_carea ocr_par ocr_line ocrx_word'/>
</head>
<body>
  <div class='ocr_page' id='page_1' title='image "./philonisiudaeio00alejgoog_0507.png"; bbox 0 0 2125 3084; ppageno 0'>
   <div class='ocr_carea' id='block_1_1' title="bbox 379 159 2006 263">
    <p class='ocr_par' dir='ltr' id='par_1_1' title="bbox 379 159 2006 263">
     <span class='ocr_line' id='line_1_1' title="bbox 379 159 2006 263; baseline -0.002 -12"><span class='ocrx_word' id='word_1_1' title='bbox 379 199 443 251; x_wconf 67' lang='grc'><strong>3-4</strong></span> <span class='ocrx_word' id='word_1_2' title='bbox 752 159 789 208; x_wconf 66' lang='lat'>⁸</span> <span class='ocrx_word' id='word_1_3' title='bbox 835 201 1200 247; x_wconf 67' lang='lat' dir='ltr'><strong>Pntnoms</strong></span> <span class='ocrx_word' id='word_1_4' title='bbox 1239 200 1510 245; x_wconf 74' lang='lat' dir='ltr'><strong>mDAEI</strong></span> <span class='ocrx_word' id='word_1_5' title='bbox 1796 194 1872 260; x_wconf 83' lang='lat'><strong>[1‚</strong></span> <span class='ocrx_word' id='word_1_6' title='bbox 1901 197 2006 263; x_wconf 71' lang='lat'><strong>25]</strong></span> 
     </span>
    </p>
   </div>
   <div class='ocr_carea' id='block_1_2' title="bbox 376 301 2003 899">
    <p class='ocr_par' dir='ltr' id='par_1_2' title="bbox 376 301 2003 899">
     <span class='ocr_line' id='line_1_2' title="bbox 378 301 2002 374; baseline -0.001 -15"><span class='ocrx_word' id='word_1_7' title='bbox 378 304 548 359; x_wconf 89' lang='lat' dir='ltr'><strong>Cuius</strong></span> <span class='ocrx_word' id='word_1_8' title='bbox 568 318 695 373; x_wconf 86' lang='lat' dir='ltr'><strong>pars</strong></span> <span class='ocrx_word' id='word_1_9' title='bbox 722 301 949 371; x_wconf 88' lang='lat' dir='ltr'><strong>provida</strong></span> <span class='ocrx_word' id='word_1_10' title='bbox 980 310 1061 355; x_wconf 87' lang='lat' dir='ltr'><strong>est</strong></span> <span class='ocrx_word' id='word_1_11' title='bbox 1075 342 1088 364; x_wconf 88' lang='lat'>,</span> <span class='ocrx_word' id='word_1_12' title='bbox 1131 317 1354 355; x_wconf 87' lang='lat' dir='ltr'><strong>necesse</strong></span> <span class='ocrx_word' id='word_1_13' title='bbox 1375 308 1458 354; x_wconf 90' lang='lat' dir='ltr'><strong>est</strong></span> <span class='ocrx_word' id='word_1_14' title='bbox 1475 307 1536 353; x_wconf 89' lang='lat' dir='ltr'><strong>ut</strong></span> <span class='ocrx_word' id='word_1_15' title='bbox 1555 307 1732 353; x_wconf 89' lang='lat' dir='ltr'><strong>totum</strong></span> <span class='ocrx_word' id='word_1_16' title='bbox 1751 317 2002 374; x_wconf 88' lang='lat' dir='ltr'><strong>quoque</strong></span> 
     </span>
     <span class='ocr_line' id='line_1_3' title="bbox 378 375 2003 451; baseline 0 -18"><span class='ocrx_word' id='word_1_17' title='bbox 378 377 672 451; x_wconf 84' lang='lat' dir='ltr'><strong>providum</strong></span> <span class='ocrx_word' id='word_1_18' title='bbox 692 376 783 430; x_wconf 89' lang='lat' dir='ltr'><strong>sit.</strong></span> <span class='ocrx_word' id='word_1_19' title='bbox 844 376 949 442; x_wconf 87' lang='lat' dir='ltr'><strong>Qui</strong></span> <span class='ocrx_word' id='word_1_20' title='bbox 974 392 1104 430; x_wconf 88' lang='lat' dir='ltr'><strong>vero</strong></span> <span class='ocrx_word' id='word_1_21' title='bbox 1124 375 1260 430; x_wconf 85' lang='lat' dir='ltr'><strong>velit</strong></span> <span class='ocrx_word' id='word_1_22' title='bbox 1279 375 1350 429; x_wconf 88' lang='lat' dir='ltr'><strong>ab</strong></span> <span class='ocrx_word' id='word_1_23' title='bbox 1371 376 1630 429; x_wconf 88' lang='lat' dir='ltr'><strong>universa</strong></span> <span class='ocrx_word' id='word_1_24' title='bbox 1649 383 1856 430; x_wconf 80' lang='lat' dir='ltr'><strong>natura</strong></span> <span class='ocrx_word' id='word_1_25' title='bbox 1882 379 2003 433; x_wconf 85' lang='lat' dir='ltr'><strong>tol-</strong></span> 
     </span>
     <span class='ocr_line' id='line_1_4' title="bbox 382 449 2000 523; baseline -0.001 -16"><span class='ocrx_word' id='word_1_26' title='bbox 382 454 491 507; x_wconf 88' lang='lat' dir='ltr'><strong>lere</strong></span> <span class='ocrx_word' id='word_1_27' title='bbox 510 451 931 523; x_wconf 88' lang='lat' dir='ltr'><strong>providentiam,</strong></span> <span class='ocrx_word' id='word_1_28' title='bbox 956 451 1112 521; x_wconf 86' lang='lat' dir='ltr'><strong>prius</strong></span> <span class='ocrx_word' id='word_1_29' title='bbox 1132 458 1343 521; x_wconf 79' lang='lat' dir='ltr'><strong>oportet</strong></span> <span class='ocrx_word' id='word_1_30' title='bbox 1363 457 1424 503; x_wconf 87' lang='lat' dir='ltr'><strong>ut</strong></span> <span class='ocrx_word' id='word_1_31' title='bbox 1439 449 1682 520; x_wconf 87' lang='lat' dir='ltr'><strong>partium</strong></span> <span class='ocrx_word' id='word_1_32' title='bbox 1699 449 1832 504; x_wconf 87' lang='lat' dir='ltr'><strong>eius</strong></span> <span class='ocrx_word' id='word_1_33' title='bbox 1855 468 2000 522; x_wconf 88' lang='lat' dir='ltr'><strong>pro-</strong></span> 
     </span>
     <span class='ocr_line' id='line_1_5' title="bbox 382 524 1996 595; baseline 0 -14"><span class='ocrx_word' id='word_1_34' title='bbox 382 527 679 581; x_wconf 85' lang='lat' dir='ltr'><strong>videntiam</strong></span> <span class='ocrx_word' id='word_1_35' title='bbox 718 525 929 580; x_wconf 88' lang='lat' dir='ltr'><strong>irritam</strong></span> <span class='ocrx_word' id='word_1_36' title='bbox 966 524 1184 579; x_wconf 87' lang='lat' dir='ltr'><strong>reddat:</strong></span> <span class='ocrx_word' id='word_1_37' title='bbox 1246 526 1378 595; x_wconf 88' lang='lat' dir='ltr'><strong>quia</strong></span> <span class='ocrx_word' id='word_1_38' title='bbox 1413 524 1630 579; x_wconf 85' lang='lat' dir='ltr'><strong>indocta</strong></span> <span class='ocrx_word' id='word_1_39' title='bbox 1659 525 1767 579; x_wconf 87' lang='lat' dir='ltr'><strong>erit</strong></span> <span class='ocrx_word' id='word_1_40' title='bbox 1795 529 1996 581; x_wconf 90' lang='lat' dir='ltr'><strong>omnis</strong></span> 
     </span>
     <span class='ocr_line' id='line_1_6' title="bbox 380 598 1994 671; baseline -0.001 -14"><span class='ocrx_word' id='word_1_41' title='bbox 380 604 587 665; x_wconf 87' lang='lat' dir='ltr'><strong>anima,</strong></span> <span class='ocrx_word' id='word_1_42' title='bbox 649 601 697 654; x_wconf 90' lang='lat' dir='ltr'><strong>si</strong></span> <span class='ocrx_word' id='word_1_43' title='bbox 736 618 845 655; x_wconf 89' lang='lat' dir='ltr'><strong>non</strong></span> <span class='ocrx_word' id='word_1_44' title='bbox 884 600 1043 654; x_wconf 84' lang='lat' dir='ltr'><strong>datur</strong></span> <span class='ocrx_word' id='word_1_45' title='bbox 1079 599 1446 671; x_wconf 87' lang='lat' dir='ltr'><strong>providentia.</strong></span> <span class='ocrx_word' id='word_1_46' title='bbox 1533 601 1647 653; x_wconf 91' lang='lat' dir='ltr'><strong>Nec</strong></span> <span class='ocrx_word' id='word_1_47' title='bbox 1687 598 1994 655; x_wconf 83' lang='lat' dir='ltr'><strong>formicam</strong></span> 
     </span>
     <span class='ocr_line' id='line_1_7' title="bbox 376 674 1994 750; baseline 0 -19"><span class='ocrx_word' id='word_1_48' title='bbox 376 678 504 750; x_wconf 89' lang='lat' dir='ltr'><strong>quis</strong></span> <span class='ocrx_word' id='word_1_49' title='bbox 527 674 815 748; x_wconf 86' lang='lat' dir='ltr'>providam</span> <span class='ocrx_word' id='word_1_50' title='bbox 835 674 1107 740; x_wconf 82' lang='lat' dir='ltr'>censebit,</span> <span class='ocrx_word' id='word_1_51' title='bbox 1153 690 1253 728; x_wconf 89' lang='lat' dir='ltr'><strong>nec</strong></span> <span class='ocrx_word' id='word_1_52' title='bbox 1272 689 1432 745; x_wconf 88' lang='lat' dir='ltr'><strong>apem</strong></span> <span class='ocrx_word' id='word_1_53' title='bbox 1457 674 1806 746; x_wconf 78' lang='lat' dir='ltr'><strong>ingeniosam</strong></span> <span class='ocrx_word' id='word_1_54' title='bbox 1822 717 1837 738; x_wconf 91' lang='lat'>,</span> <span class='ocrx_word' id='word_1_55' title='bbox 1887 695 1994 731; x_wconf 90' lang='lat' dir='ltr'><strong>ne-</strong></span> 
     </span>
     <span class='ocr_line' id='line_1_8' title="bbox 376 746 1988 824; baseline -0.001 -16"><span class='ocrx_word' id='word_1_56' title='bbox 376 770 485 824; x_wconf 90' lang='lat' dir='ltr'><strong>que</strong></span> <span class='ocrx_word' id='word_1_57' title='bbox 533 746 889 805; x_wconf 70' lang='lat' dir='ltr'>hirundinem</span> <span class='ocrx_word' id='word_1_58' title='bbox 936 749 1210 803; x_wconf 88' lang='lat' dir='ltr'><strong>industria</strong></span> <span class='ocrx_word' id='word_1_59' title='bbox 1255 748 1586 821; x_wconf 76' lang='lat' dir='ltr'><strong>praeditam:</strong></span> <span class='ocrx_word' id='word_1_60' title='bbox 1668 767 1780 803; x_wconf 88' lang='lat' dir='ltr'><strong>non</strong></span> <span class='ocrx_word' id='word_1_61' title='bbox 1827 753 1988 806; x_wconf 88' lang='lat' dir='ltr'><strong>enim</strong></span> 
     </span>
     <span class='ocr_line' id='line_1_9' title="bbox 378 824 1389 899; baseline -0.006 -17"><span class='ocrx_word' id='word_1_62' title='bbox 378 825 737 899; x_wconf 80' lang='lat' dir='ltr'><strong>praescientia</strong></span> <span class='ocrx_word' id='word_1_63' title='bbox 782 842 851 879; x_wconf 83' lang='lat' dir='ltr'><strong>ex</strong></span> <span class='ocrx_word' id='word_1_64' title='bbox 890 833 1078 879; x_wconf 86' lang='lat' dir='ltr'><strong>natura</strong></span> <span class='ocrx_word' id='word_1_65' title='bbox 1117 824 1178 878; x_wconf 87' lang='lat' dir='ltr'><strong>id</strong></span> <span class='ocrx_word' id='word_1_66' title='bbox 1217 824 1389 879; x_wconf 88' lang='lat' dir='ltr'><strong>novit.</strong></span> 
     </span>
    </p>
   </div>
   <div class='ocr_carea' id='block_1_3' title="bbox 371 931 1982 2055">
    <p class='ocr_par' dir='ltr' id='par_1_3' title="bbox 371 931 1982 2055">
     <span class='ocr_line' id='line_1_10' title="bbox 490 931 1982 991; baseline -0.003 0"><span class='ocrx_word' id='word_1_67' title='bbox 490 939 575 991; x_wconf 74' lang='lat'><strong>52.</strong></span> <span class='ocrx_word' id='word_1_68' title='bbox 628 933 686 989; x_wconf 89' lang='lat' dir='ltr'><strong>Si</strong></span> <span class='ocrx_word' id='word_1_69' title='bbox 716 950 844 989; x_wconf 91' lang='lat' dir='ltr'><strong>vero</strong></span> <span class='ocrx_word' id='word_1_70' title='bbox 862 933 1025 989; x_wconf 88' lang='lat' dir='ltr'><strong>liceat</strong></span> <span class='ocrx_word' id='word_1_71' title='bbox 1045 932 1309 987; x_wconf 86' lang='lat' dir='ltr'><strong>audacius</strong></span> <span class='ocrx_word' id='word_1_72' title='bbox 1330 931 1511 986; x_wconf 88' lang='lat' dir='ltr'><strong>adhuc</strong></span> <span class='ocrx_word' id='word_1_73' title='bbox 1533 949 1596 985; x_wconf 89' lang='lat' dir='ltr'><strong>ac</strong></span> <span class='ocrx_word' id='word_1_74' title='bbox 1615 931 1855 987; x_wconf 82' lang='lat' dir='ltr'><strong>tidenter</strong></span> <span class='ocrx_word' id='word_1_75' title='bbox 1877 933 1982 987; x_wconf 86' lang='lat' dir='ltr'><strong>ali-</strong></span> 
     </span>
     <span class='ocr_line' id='line_1_11' title="bbox 377 1007 1980 1083; baseline -0.003 -17"><span class='ocrx_word' id='word_1_76' title='bbox 377 1010 516 1083; x_wconf 88' lang='lat' dir='ltr'><strong>quid</strong></span> <span class='ocrx_word' id='word_1_77' title='bbox 545 1010 727 1065; x_wconf 87' lang='lat' dir='ltr'><strong>dicere</strong></span> <span class='ocrx_word' id='word_1_78' title='bbox 742 1050 754 1073; x_wconf 92' lang='lat'>‚</span> <span class='ocrx_word' id='word_1_79' title='bbox 798 1008 1035 1065; x_wconf 76' lang='lat' dir='ltr'><strong>cessabit</strong></span> <span class='ocrx_word' id='word_1_80' title='bbox 1062 1008 1234 1063; x_wconf 81' lang='lat' dir='ltr'><strong>iudex</strong></span> <span class='ocrx_word' id='word_1_81' title='bbox 1257 1007 1326 1061; x_wconf 90' lang='lat' dir='ltr'><strong>de</strong></span> <span class='ocrx_word' id='word_1_82' title='bbox 1346 1007 1568 1062; x_wconf 88' lang='lat' dir='ltr'><strong>iniuriis</strong></span> <span class='ocrx_word' id='word_1_83' title='bbox 1589 1023 1860 1078; x_wconf 89' lang='lat' dir='ltr'><strong>quaerere</strong></span> <span class='ocrx_word' id='word_1_84' title='bbox 1881 1026 1980 1062; x_wconf 89' lang='lat' dir='ltr'><strong>ne-</strong></span> 
     </span>
     <span class='ocr_line' id='line_1_12' title="bbox 376 1082 1975 1158; baseline -0.004 -17"><span class='ocrx_word' id='word_1_85' title='bbox 376 1104 485 1158; x_wconf 92' lang='lat' dir='ltr'><strong>que</strong></span> <span class='ocrx_word' id='word_1_86' title='bbox 522 1102 710 1140; x_wconf 88' lang='lat' dir='ltr'><strong>curam</strong></span> <span class='ocrx_word' id='word_1_87' title='bbox 746 1093 899 1157; x_wconf 83' lang='lat' dir='ltr'><strong>geret</strong></span> <span class='ocrx_word' id='word_1_88' title='bbox 927 1084 1222 1155; x_wconf 89' lang='lat' dir='ltr'><strong>quisquam</strong></span> <span class='ocrx_word' id='word_1_89' title='bbox 1253 1082 1518 1146; x_wconf 77' lang='lat' dir='ltr'><strong>civitatiS,</strong></span> <span class='ocrx_word' id='word_1_90' title='bbox 1562 1083 1661 1153; x_wconf 92' lang='lat' dir='ltr'><strong>qui</strong></span> <span class='ocrx_word' id='word_1_91' title='bbox 1691 1100 1806 1137; x_wconf 90' lang='lat' dir='ltr'><strong>non</strong></span> <span class='ocrx_word' id='word_1_92' title='bbox 1834 1084 1975 1137; x_wconf 84' lang='lat' dir='ltr'><strong>norit</strong></span> 
     </span>
     <span class='ocr_line' id='line_1_13' title="bbox 377 1156 1971 1233; baseline -0.003 -17"><span class='ocrx_word' id='word_1_93' title='bbox 377 1160 807 1233; x_wconf 87' lang='lat' dir='ltr'><strong>providentiam:</strong></span> <span class='ocrx_word' id='word_1_94' title='bbox 869 1176 1041 1231; x_wconf 89' lang='lat' dir='ltr'><strong>quum</strong></span> <span class='ocrx_word' id='word_1_95' title='bbox 1065 1175 1171 1213; x_wconf 91' lang='lat' dir='ltr'><strong>non</strong></span> <span class='ocrx_word' id='word_1_96' title='bbox 1193 1158 1353 1213; x_wconf 88' lang='lat' dir='ltr'><strong>detur</strong></span> <span class='ocrx_word' id='word_1_97' title='bbox 1380 1156 1728 1229; x_wconf 86' lang='lat' dir='ltr'><strong>providentia</strong></span> <span class='ocrx_word' id='word_1_98' title='bbox 1746 1199 1759 1222; x_wconf 89' lang='lat'>,</span> <span class='ocrx_word' id='word_1_99' title='bbox 1807 1175 1836 1212; x_wconf 90' lang='lat' dir='ltr'><strong>a</strong></span> <span class='ocrx_word' id='word_1_100' title='bbox 1866 1175 1971 1229; x_wconf 84' lang='lat' dir='ltr'><strong>qua</strong></span> 
     </span>
     <span class='ocr_line' id='line_1_14' title="bbox 380 1232 1970 1305; baseline -0.003 -16"><span class='ocrx_word' id='word_1_101' title='bbox 380 1237 514 1289; x_wconf 88' lang='lat' dir='ltr'><strong>haec</strong></span> <span class='ocrx_word' id='word_1_102' title='bbox 552 1234 861 1290; x_wconf 87' lang='lat' dir='ltr'><strong>edoceatur.</strong></span> <span class='ocrx_word' id='word_1_103' title='bbox 938 1233 1222 1300; x_wconf 89' lang='lat' dir='ltr'><strong>Quomodo</strong></span> <span class='ocrx_word' id='word_1_104' title='bbox 1251 1249 1406 1305; x_wconf 89' lang='lat' dir='ltr'><strong>ergo,</strong></span> <span class='ocrx_word' id='word_1_105' title='bbox 1451 1232 1674 1303; x_wconf 84' lang='lat' dir='ltr'><strong>quando</strong></span> <span class='ocrx_word' id='word_1_106' title='bbox 1711 1234 1970 1304; x_wconf 87' lang='lat' dir='ltr'><strong>princeps</strong></span> 
     </span>
     <span class='ocr_line' id='line_1_15' title="bbox 376 1306 1964 1381; baseline 0 -18"><span class='ocrx_word' id='word_1_107' title='bbox 376 1309 651 1380; x_wconf 79' lang='lat' dir='ltr'><strong>sapienter</strong></span> <span class='ocrx_word' id='word_1_108' title='bbox 698 1326 894 1381; x_wconf 86' lang='lat' dir='ltr'><strong>regens</strong></span> <span class='ocrx_word' id='word_1_109' title='bbox 942 1310 1220 1364; x_wconf 86' lang='lat' dir='ltr'><strong>civitatem</strong></span> <span class='ocrx_word' id='word_1_110' title='bbox 1268 1306 1673 1380; x_wconf 88' lang='lat' dir='ltr'><strong>providentiam</strong></span> <span class='ocrx_word' id='word_1_111' title='bbox 1731 1316 1964 1369; x_wconf 81' lang='lat' dir='ltr'>exercet,</span> 
     </span>
     <span class='ocr_line' id='line_1_16' title="bbox 377 1380 1970 1457; baseline 0.001 -20"><span class='ocrx_word' id='word_1_112' title='bbox 377 1384 539 1437; x_wconf 89' lang='lat' dir='ltr'><strong>istius</strong></span> <span class='ocrx_word' id='word_1_113' title='bbox 564 1380 639 1457; x_wconf 86' lang='lat'><strong>[*]</strong></span> <span class='ocrx_word' id='word_1_114' title='bbox 666 1382 890 1437; x_wconf 87' lang='lat' dir='ltr'><strong>laudant</strong></span> <span class='ocrx_word' id='word_1_115' title='bbox 917 1384 1288 1455; x_wconf 79' lang='lat' dir='ltr'><strong>principatum</strong></span> <span class='ocrx_word' id='word_1_116' title='bbox 1317 1390 1595 1453; x_wconf 81' lang='lat' dir='ltr'><strong>tamquam</strong></span> <span class='ocrx_word' id='word_1_117' title='bbox 1621 1385 1814 1438; x_wconf 87' lang='lat' dir='ltr'><strong>omnia</strong></span> <span class='ocrx_word' id='word_1_118' title='bbox 1842 1400 1970 1456; x_wconf 86' lang='lat' dir='ltr'><strong>pru-</strong></span> 
     </span>
     <span class='ocr_line' id='line_1_17' title="bbox 376 1458 1971 1530; baseline 0.001 -19"><span class='ocrx_word' id='word_1_119' title='bbox 376 1458 565 1513; x_wconf 89' lang='lat' dir='ltr'><strong>denter</strong></span> <span class='ocrx_word' id='word_1_120' title='bbox 593 1460 869 1530; x_wconf 86' lang='lat' dir='ltr'><strong>operantis</strong></span> <span class='ocrx_word' id='word_1_121' title='bbox 886 1499 898 1521; x_wconf 92' lang='lat'>‚</span> <span class='ocrx_word' id='word_1_122' title='bbox 943 1458 1225 1515; x_wconf 86' lang='lat' dir='ltr'><strong>formicam</strong></span> <span class='ocrx_word' id='word_1_123' title='bbox 1255 1458 1416 1513; x_wconf 87' lang='lat' dir='ltr'><strong>etiam</strong></span> <span class='ocrx_word' id='word_1_124' title='bbox 1433 1499 1446 1522; x_wconf 84' lang='lat'>,</span> <span class='ocrx_word' id='word_1_125' title='bbox 1489 1465 1551 1513; x_wconf 89' lang='lat' dir='ltr'><strong>ut</strong></span> <span class='ocrx_word' id='word_1_126' title='bbox 1571 1458 1818 1529; x_wconf 89' lang='lat' dir='ltr'><strong>amplius</strong></span> <span class='ocrx_word' id='word_1_127' title='bbox 1837 1458 1971 1530; x_wconf 86' lang='lat' dir='ltr'><strong>quid</strong></span> 
     </span>
     <span class='ocr_line' id='line_1_18' title="bbox 378 1532 1971 1605; baseline 0 -18"><span class='ocrx_word' id='word_1_128' title='bbox 378 1532 587 1594; x_wconf 84' lang='lat' dir='ltr'><strong>dicam,</strong></span> <span class='ocrx_word' id='word_1_129' title='bbox 631 1549 817 1604; x_wconf 88' lang='lat' dir='ltr'><strong>apem,</strong></span> <span class='ocrx_word' id='word_1_130' title='bbox 866 1549 1061 1605; x_wconf 81' lang='lat' dir='ltr'><strong>gruem</strong></span> <span class='ocrx_word' id='word_1_131' title='bbox 1101 1542 1450 1604; x_wconf 86' lang='lat' dir='ltr'><strong>caeterosque</strong></span> <span class='ocrx_word' id='word_1_132' title='bbox 1479 1534 1537 1587; x_wconf 91' lang='lat' dir='ltr'><strong>in</strong></span> <span class='ocrx_word' id='word_1_133' title='bbox 1567 1534 1691 1588; x_wconf 70' lang='lat' dir='ltr'><strong>aere</strong></span> <span class='ocrx_word' id='word_1_134' title='bbox 1722 1534 1971 1589; x_wconf 80' lang='lat' dir='ltr'><strong>volantes</strong></span> 
     </span>
     <span class='ocr_line' id='line_1_19' title="bbox 375 1606 1970 1681; baseline 0.001 -19"><span class='ocrx_word' id='word_1_135' title='bbox 375 1607 635 1681; x_wconf 90' lang='lat' dir='ltr'><strong>providos</strong></span> <span class='ocrx_word' id='word_1_136' title='bbox 672 1624 792 1662; x_wconf 89' lang='lat' dir='ltr'><strong>esse</strong></span> <span class='ocrx_word' id='word_1_137' title='bbox 830 1624 894 1662; x_wconf 89' lang='lat' dir='ltr'><strong>ac</strong></span> <span class='ocrx_word' id='word_1_138' title='bbox 932 1608 1180 1663; x_wconf 85' lang='lat' dir='ltr'><strong>sollertes</strong></span> <span class='ocrx_word' id='word_1_139' title='bbox 1206 1606 1472 1680; x_wconf 72' lang='lat' dir='ltr'><strong>probant?</strong></span> <span class='ocrx_word' id='word_1_140' title='bbox 1527 1607 1780 1663; x_wconf 87' lang='lat' dir='ltr'><strong>Iudicem</strong></span> <span class='ocrx_word' id='word_1_141' title='bbox 1807 1610 1970 1665; x_wconf 86' lang='lat' dir='ltr'><strong>etiam</strong></span> 
     </span>
     <span class='ocr_line' id='line_1_20' title="bbox 374 1682 1970 1756; baseline 0.001 -18"><span class='ocrx_word' id='word_1_142' title='bbox 374 1684 557 1749; x_wconf 63' lang='lat' dir='ltr'><strong>urbis»,</strong></span> <span class='ocrx_word' id='word_1_143' title='bbox 599 1684 697 1754; x_wconf 92' lang='lat' dir='ltr'><strong>qui</strong></span> <span class='ocrx_word' id='word_1_144' title='bbox 728 1682 936 1738; x_wconf 91' lang='lat' dir='ltr'><strong>iudicio</strong></span> <span class='ocrx_word' id='word_1_145' title='bbox 963 1685 1153 1738; x_wconf 90' lang='lat' dir='ltr'><strong>mortis</strong></span> <span class='ocrx_word' id='word_1_146' title='bbox 1183 1684 1424 1755; x_wconf 87' lang='lat' dir='ltr'><strong>aliquem</strong></span> <span class='ocrx_word' id='word_1_147' title='bbox 1455 1682 1706 1748; x_wconf 88' lang='lat' dir='ltr'><strong>damnat,</strong></span> <span class='ocrx_word' id='word_1_148' title='bbox 1749 1684 1970 1756; x_wconf 89' lang='lat' dir='ltr'><strong>quando</strong></span> 
     </span>
     <span class='ocr_line' id='line_1_21' title="bbox 374 1758 1967 1832; baseline -0.001 -18"><span class='ocrx_word' id='word_1_149' title='bbox 374 1777 513 1832; x_wconf 86' lang='lat' dir='ltr'><strong>opus</strong></span> <span class='ocrx_word' id='word_1_150' title='bbox 532 1776 697 1813; x_wconf 88' lang='lat' dir='ltr'><strong>suum</strong></span> <span class='ocrx_word' id='word_1_151' title='bbox 718 1758 777 1813; x_wconf 89' lang='lat' dir='ltr'><strong>id</strong></span> <span class='ocrx_word' id='word_1_152' title='bbox 796 1760 997 1832; x_wconf 85' lang='lat' dir='ltr'><strong>exigit,</strong></span> <span class='ocrx_word' id='word_1_153' title='bbox 1027 1758 1176 1813; x_wconf 85' lang='lat' dir='ltr'><strong>haud</strong></span> <span class='ocrx_word' id='word_1_154' title='bbox 1196 1760 1534 1829; x_wconf 86' lang='lat' dir='ltr'><strong>vituperant,</strong></span> <span class='ocrx_word' id='word_1_155' title='bbox 1559 1758 1967 1830; x_wconf 88' lang='lat' dir='ltr'><strong>providentiam</strong></span> 
     </span>
     <span class='ocr_line' id='line_1_22' title="bbox 374 1833 1967 1905; baseline -0.001 -15"><span class='ocrx_word' id='word_1_156' title='bbox 374 1852 501 1891; x_wconf 87' lang='lat' dir='ltr'><strong>vero</strong></span> <span class='ocrx_word' id='word_1_157' title='bbox 522 1834 774 1890; x_wconf 86' lang='lat' dir='ltr'><strong>videntes</strong></span> <span class='ocrx_word' id='word_1_158' title='bbox 794 1834 1025 1890; x_wconf 76' lang='lat' dir='ltr'><strong>fulmina</strong></span> <span class='ocrx_word' id='word_1_159' title='bbox 1047 1833 1284 1905; x_wconf 87' lang='lat' dir='ltr'><strong>desuper</strong></span> <span class='ocrx_word' id='word_1_160' title='bbox 1305 1834 1608 1888; x_wconf 88' lang='lat' dir='ltr'><strong>mittentem</strong></span> <span class='ocrx_word' id='word_1_161' title='bbox 1637 1836 1967 1905; x_wconf 86' lang='lat' dir='ltr'><strong>grandines-</strong></span> 
     </span>
     <span class='ocr_line' id='line_1_23' title="bbox 371 1909 1966 1983; baseline 0 -18"><span class='ocrx_word' id='word_1_162' title='bbox 371 1927 479 1981; x_wconf 90' lang='lat' dir='ltr'><strong>que</strong></span> <span class='ocrx_word' id='word_1_163' title='bbox 500 1927 667 1982; x_wconf 87' lang='lat' dir='ltr'><strong>super</strong></span> <span class='ocrx_word' id='word_1_164' title='bbox 687 1910 837 1983; x_wconf 88' lang='lat' dir='ltr'><strong>ligna</strong></span> <span class='ocrx_word' id='word_1_165' title='bbox 852 1951 875 1974; x_wconf 85' lang='grc'><strong>,,</strong></span> <span class='ocrx_word' id='word_1_166' title='bbox 890 1926 1022 1964; x_wconf 81' lang='lat' dir='ltr'><strong>saxa</strong></span> <span class='ocrx_word' id='word_1_167' title='bbox 1038 1918 1094 1965; x_wconf 87' lang='lat' dir='ltr'><strong>et</strong></span> <span class='ocrx_word' id='word_1_168' title='bbox 1112 1910 1310 1981; x_wconf 91' lang='lat' dir='ltr'><strong>impios</strong></span> <span class='ocrx_word' id='word_1_169' title='bbox 1327 1950 1338 1973; x_wconf 87' lang='lat'>‚</span> <span class='ocrx_word' id='word_1_170' title='bbox 1363 1909 1854 1979; x_wconf 83' lang='lat' dir='ltr'><strong>improvidentiam</strong></span> <span class='ocrx_word' id='word_1_171' title='bbox 1874 1928 1966 1981; x_wconf 87' lang='lat' dir='ltr'><strong>ap—</strong></span> 
     </span>
     <span class='ocr_line' id='line_1_24' title="bbox 372 1984 613 2055; baseline -0.004 -16"><span class='ocrx_word' id='word_1_172' title='bbox 372 1984 613 2055; x_wconf 74' lang='lat' dir='ltr'><strong>pellant?</strong></span> 
     </span>
    </p>
   </div>
   <div class='ocr_carea' id='block_1_4' title="bbox 366 2092 1970 2533">
    <p class='ocr_par' dir='ltr' id='par_1_4' title="bbox 366 2092 1970 2533">
     <span class='ocr_line' id='line_1_25' title="bbox 479 2092 1963 2165; baseline -0.001 -16"><span class='ocrx_word' id='word_1_173' title='bbox 479 2098 565 2149; x_wconf 84' lang='lat'><strong>53.</strong></span> <span class='ocrx_word' id='word_1_174' title='bbox 616 2096 699 2149; x_wconf 84' lang='lat' dir='ltr'><strong>An</strong></span> <span class='ocrx_word' id='word_1_175' title='bbox 730 2111 831 2148; x_wconf 87' lang='lat' dir='ltr'><strong>nec</strong></span> <span class='ocrx_word' id='word_1_176' title='bbox 860 2094 1192 2149; x_wconf 87' lang='lat' dir='ltr'><strong>animalibus</strong></span> <span class='ocrx_word' id='word_1_177' title='bbox 1223 2110 1400 2165; x_wconf 89' lang='lat' dir='ltr'><strong>neque</strong></span> <span class='ocrx_word' id='word_1_178' title='bbox 1431 2092 1648 2147; x_wconf 88' lang='lat' dir='ltr'><strong>mortali</strong></span> <span class='ocrx_word' id='word_1_179' title='bbox 1677 2092 1963 2149; x_wconf 87' lang='lat' dir='ltr'><strong>hominum</strong></span> 
     </span>
     <span class='ocr_line' id='line_1_26' title="bbox 370 2167 1962 2243; baseline -0.001 -20"><span class='ocrx_word' id='word_1_180' title='bbox 370 2170 559 2243; x_wconf 85' lang='lat' dir='ltr'><strong>generi</strong></span> <span class='ocrx_word' id='word_1_181' title='bbox 580 2170 1055 2240; x_wconf 87' lang='lat' dir='ltr'><strong>participationem</strong></span> <span class='ocrx_word' id='word_1_182' title='bbox 1075 2169 1454 2241; x_wconf 87' lang='lat' dir='ltr'><strong>providentiae</strong></span> <span class='ocrx_word' id='word_1_183' title='bbox 1480 2167 1670 2221; x_wconf 90' lang='lat' dir='ltr'><strong>volunt</strong></span> <span class='ocrx_word' id='word_1_184' title='bbox 1683 2168 1962 2231; x_wconf 73' lang='lat' dir='ltr'><strong>tribuere?</strong></span> 
     </span>
     <span class='ocr_line' id='line_1_27' title="bbox 373 2242 1961 2316; baseline -0.002 -16"><span class='ocrx_word' id='word_1_185' title='bbox 373 2243 713 2300; x_wconf 84' lang='lat' dir='ltr'><strong>Mellificium</strong></span> <span class='ocrx_word' id='word_1_186' title='bbox 742 2243 811 2299; x_wconf 89' lang='lat' dir='ltr'><strong>ab</strong></span> <span class='ocrx_word' id='word_1_187' title='bbox 850 2244 1015 2316; x_wconf 75' lang='lat' dir='ltr'><strong>ape*)</strong></span> <span class='ocrx_word' id='word_1_188' title='bbox 1056 2252 1181 2316; x_wconf 87' lang='lat' dir='ltr'><strong>apto</strong></span> <span class='ocrx_word' id='word_1_189' title='bbox 1219 2243 1410 2299; x_wconf 90' lang='lat' dir='ltr'><strong>ordine</strong></span> <span class='ocrx_word' id='word_1_190' title='bbox 1449 2242 1711 2297; x_wconf 83' lang='lat' dir='ltr'><strong>dixerunt</strong></span> <span class='ocrx_word' id='word_1_191' title='bbox 1750 2244 1961 2314; x_wconf 83' lang='lat' dir='ltr'><strong>perfici,</strong></span> 
     </span>
     <span class='ocr_line' id='line_1_28' title="bbox 368 2316 1970 2389; baseline 0 -16"><span class='ocrx_word' id='word_1_192' title='bbox 368 2319 763 2389; x_wconf 86' lang='lat' dir='ltr'><strong>dispensatoris</strong></span> <span class='ocrx_word' id='word_1_193' title='bbox 792 2336 940 2373; x_wconf 90' lang='lat' dir='ltr'><strong>more</strong></span> <span class='ocrx_word' id='word_1_194' title='bbox 968 2316 1251 2373; x_wconf 83' lang='lat' dir='ltr'><strong>formicam</strong></span> <span class='ocrx_word' id='word_1_195' title='bbox 1279 2326 1549 2373; x_wconf 88' lang='lat' dir='ltr'><strong>noverunt</strong></span> <span class='ocrx_word' id='word_1_196' title='bbox 1577 2319 1790 2373; x_wconf 86' lang='lat' dir='ltr'><strong>semina</strong></span> <span class='ocrx_word' id='word_1_197' title='bbox 1826 2320 1970 2373; x_wconf 88' lang='lat' dir='ltr'><strong>inter</strong></span> 
     </span>
     <span class='ocr_line' id='line_1_29' title="bbox 372 2390 1970 2464; baseline 0.003 -19"><span class='ocrx_word' id='word_1_198' title='bbox 372 2393 633 2447; x_wconf 83' lang='lat' dir='ltr'><strong>foramina</strong></span> <span class='ocrx_word' id='word_1_199' title='bbox 663 2392 948 2464; x_wconf 85' lang='lat' dir='ltr'><strong>colligere:</strong></span> <span class='ocrx_word' id='word_1_200' title='bbox 1012 2402 1066 2447; x_wconf 88' lang='lat' dir='ltr'><strong>et</strong></span> <span class='ocrx_word' id='word_1_201' title='bbox 1093 2402 1274 2447; x_wconf 88' lang='lat' dir='ltr'><strong>tamen</strong></span> <span class='ocrx_word' id='word_1_202' title='bbox 1305 2394 1362 2447; x_wconf 90' lang='lat' dir='ltr'><strong>in</strong></span> <span class='ocrx_word' id='word_1_203' title='bbox 1401 2390 1751 2463; x_wconf 69' lang='lat' dir='ltr'><strong>providentia</strong></span> <span class='ocrx_word' id='word_1_204' title='bbox 1787 2396 1970 2450; x_wconf 88' lang='lat' dir='ltr'><strong>otium</strong></span> 
     </span>
     <span class='ocr_line' id='line_1_30' title="bbox 366 2466 1968 2533; baseline 0.004 -15"><span class='ocrx_word' id='word_1_205' title='bbox 366 2466 644 2533; x_wconf 88' lang='lat' dir='ltr'><strong>quoddam</strong></span> <span class='ocrx_word' id='word_1_206' title='bbox 693 2468 915 2522; x_wconf 87' lang='lat' dir='ltr'><strong>omnino</strong></span> <span class='ocrx_word' id='word_1_207' title='bbox 962 2468 1484 2528; x_wconf 88' lang='lat' dir='ltr'><strong>comminiscuntur,</strong></span> <span class='ocrx_word' id='word_1_208' title='bbox 1547 2483 1656 2520; x_wconf 91' lang='lat' dir='ltr'><strong>non</strong></span> <span class='ocrx_word' id='word_1_209' title='bbox 1706 2466 1968 2525; x_wconf 83' lang='lat' dir='ltr'><strong>videntes</strong></span> 
     </span>
    </p>
   </div>
   <div class='ocr_carea' id='block_1_5' title="bbox 468 2633 1976 2688">
    <p class='ocr_par' dir='ltr' id='par_1_5' title="bbox 468 2633 1976 2688">
     <span class='ocr_line' id='line_1_31' title="bbox 468 2633 1976 2688; baseline 0.005 -15"><span class='ocrx_word' id='word_1_210' title='bbox 468 2633 509 2679; x_wconf 83' lang='grc' dir='ltr'><strong>Ι“)</strong></span> <span class='ocrx_word' id='word_1_211' title='bbox 538 2635 607 2673; x_wconf 80' lang='lat' dir='ltr'><strong>Ad</strong></span> <span class='ocrx_word' id='word_1_212' title='bbox 631 2639 830 2682; x_wconf 82' lang='lat' dir='ltr'><strong>verbum,</strong></span> <span class='ocrx_word' id='word_1_213' title='bbox 866 2638 902 2675; x_wconf 82' lang='lat' dir='ltr'><strong>al</strong></span> <span class='ocrx_word' id='word_1_214' title='bbox 929 2638 1128 2677; x_wconf 86' lang='lat' dir='ltr'><strong>mendum</strong></span> <span class='ocrx_word' id='word_1_215' title='bbox 1154 2638 1282 2686; x_wconf 78' lang='lat' dir='ltr'><strong>desit,</strong></span> <span class='ocrx_word' id='word_1_216' title='bbox 1318 2639 1378 2677; x_wconf 80' lang='lat' dir='ltr'><strong>ita</strong></span> <span class='ocrx_word' id='word_1_217' title='bbox 1403 2640 1650 2687; x_wconf 86' lang='lat' dir='ltr'><strong>exponitur:</strong></span> <span class='ocrx_word' id='word_1_218' title='bbox 1701 2640 1976 2688; x_wconf 58' lang='lat' dir='ltr'><strong>Mellq&#39;fien&#39;um</strong></span> 
     </span>
    </p>
   </div>
   <div class='ocr_carea' id='block_1_6' title="bbox 364 2684 1973 2776">
    <p class='ocr_par' dir='ltr' id='par_1_6' title="bbox 364 2684 1973 2776">
     <span class='ocr_line' id='line_1_32' title="bbox 365 2684 1973 2737; baseline 0.009 -18"><span class='ocrx_word' id='word_1_219' title='bbox 365 2684 457 2719; x_wconf 80' lang='lat' dir='ltr'><strong>ante</strong></span> <span class='ocrx_word' id='word_1_220' title='bbox 476 2693 594 2728; x_wconf 79' lang='lat' dir='ltr'><strong>apem</strong></span> <span class='ocrx_word' id='word_1_221' title='bbox 620 2695 655 2723; x_wconf 81' lang='lat' dir='ltr'><strong>s.</strong></span> <span class='ocrx_word' id='word_1_222' title='bbox 682 2696 760 2733; x_wconf 78' lang='lat' dir='ltr'><strong>ape</strong></span> <span class='ocrx_word' id='word_1_223' title='bbox 784 2689 989 2732; x_wconf 75' lang='lat' dir='ltr'><strong>anterius,-</strong></span> <span class='ocrx_word' id='word_1_224' title='bbox 1032 2698 1115 2737; x_wconf 86' lang='lat' dir='ltr'><strong>quo</strong></span> <span class='ocrx_word' id='word_1_225' title='bbox 1142 2688 1240 2728; x_wconf 80' lang='lat' dir='ltr'><strong>dato</strong></span> <span class='ocrx_word' id='word_1_226' title='bbox 1268 2689 1462 2728; x_wconf 83' lang='lat' dir='ltr'><strong>fortassis</strong></span> <span class='ocrx_word' id='word_1_227' title='bbox 1487 2690 1835 2737; x_wconf 79' lang='lat' dir='ltr'><strong>interrogationis</strong></span> <span class='ocrx_word' id='word_1_228' title='bbox 1861 2700 1973 2733; x_wconf 74' lang='lat' dir='ltr'><strong>nota</strong></span> 
     </span>
     <span class='ocr_line' id='line_1_33' title="bbox 364 2730 1579 2776; baseline 0.016 -8"><span class='ocrx_word' id='word_1_229' title='bbox 364 2730 506 2768; x_wconf 81' lang='lat' dir='ltr'><strong>locum</strong></span> <span class='ocrx_word' id='word_1_230' title='bbox 536 2732 719 2772; x_wconf 76' lang='lat' dir='ltr'><strong>habebit.</strong></span> <span class='ocrx_word' id='word_1_231' title='bbox 770 2735 929 2776; x_wconf 81' lang='lat' dir='ltr'><strong>Auch.</strong></span> <span class='ocrx_word' id='word_1_232' title='bbox 1570 2735 1579 2746; x_wconf 70' lang='grc'><strong><em>’</em></strong></span> 
     </span>
    </p>
   </div>
   <div class='ocr_carea' id='block_1_7' title="bbox 2073 896 2075 909">
    <p class='ocr_par' dir='ltr' id='par_1_7' title="bbox 2073 896 2075 909">
     <span class='ocr_line' id='line_1_34' title="bbox 2073 896 2075 909; baseline 0 0"><span class='ocrx_word' id='word_1_233' title='bbox 2073 896 2075 909; x_wconf 63' lang='lat' dir='ltr'><em>A</em></span> 
     </span>
    </p>
   </div>
  </div>
 </body>
</html>
