2125 3084
132 177 291 245 [1‚75.]
369 182 468 227 DE
508 181 1053 230 PROVIDENTIA
1089 184 1343 231 ammo
1380 187 1440 231 11.
1637 180 1704 233 75

129 284 170 337 ti
188 289 331 346 sunt,
362 291 553 355 poetae
573 290 754 337 tamen
775 300 883 338 non
904 283 1122 339 felices:
1159 300 1298 356 quos
1317 286 1600 357 oportebat
1617 286 1708 341 di-

130 359 324 413 vinitus
334 357 591 429 spiritum
600 358 783 413 sortiri
803 360 1145 431 gratiamque
1166 358 1236 413 de
1255 358 1423 425 caelo,
1445 369 1700 427 metrum,

128 448 334 487 carmen
345 431 693 505 digitumque
712 434 1003 489 caelestem
1022 450 1088 488 ac
1105 433 1380 499 divinum,
1403 442 1466 489 ut
1483 450 1708 509 poema-

123 516 173 562 ta
208 524 331 562 vera
368 507 741 578 relinquerent
775 507 929 575 velut
966 516 1316 581 prototypum
1352 508 1484 564 libri
1523 509 1708 580 perfe-

122 590 292 647 ctum,
334 589 387 637 et
414 581 711 653 pulchrum
740 583 954 639 cunctis
984 582 1267 655 exemplar
1296 579 1370 658 [³¹⁵]
1399 582 1538 656 (sive
1554 583 1706 641 indi-

118 658 289 721 cium,
311 656 735 731 argumentum).

99 765 127 792 0

229 836 310 888 40.
359 832 632 908 Ριιιιο*).
682 835 903 899 Nescis,
945 850 979 890 o
1008 835 1310 905 sapientiae
1336 842 1565 900 amator,
1607 850 1706 907 per

114 910 220 963 ista
241 908 393 962 dicta·
410 892 520 979 (vel
549 926 651 981 per
678 908 855 965 dictos
883 909 1092 983 poetas)
1111 910 1332 964 interim
1352 910 1706 981 insipientiae

114 998 376 1038 accusans
405 990 575 1038 totum
602 1000 779 1059 genus
796 985 1101 1041 humanum
1114 1026 1127 1049 ,
1171 1000 1280 1040 non
1297 986 1374 1040 ita
1390 1001 1506 1039 rem
1525 1000 1586 1039 se
1605 985 1707 1039 ba-

110 1059 265 1112 bere.
343 1056 403 1111 Si
442 1059 587 1112 enim
625 1058 879 1131 p'erveifit
914 1068 1092 1131 us‘que
1127 1060 1188 1114 in
1222 1060 1410 1115 orbem
1437 1068 1704 1115 terrarum

108 1132 287 1205 gloria
314 1132 535 1187 Hesiodi
564 1142 617 1189 et
644 1135 891 1199 Homeri,
934 1135 995 1189 in
1030 1150 1195 1189 causa
1220 1133 1374 1190 fuere
1403 1136 1704 1190 sententiae

109 1208 220 1262 sub
241 1206 407 1262 rebus
428 1209 878 1280 comprehensae:
902 1224 1140 1281 quorum
1161 1218 1496 1265 enarratores
1505 1226 1704 1281 quam-

104 1282 299 1354 plures
319 1291 448 1337 sunt
468 1284 973 1340 cumadmiratione
988 1325 1001 1349 ‚
1034 1291 1089 1340 et
1107 1284 1176 1341 ab
1193 1285 1334 1356 ipsis
1353 1302 1542 1340 eorum
1561 1293 1703 1339 tem-

102 1357 339 1429 poribus
369 1358 438 1412 ad
464 1358 787 1415 hodiernam
812 1376 989 1431 usque
1011 1358 1163 1415 diem
1182 1360 1530 1417 admirationi
1550 1369 1698 1415 sunt.

102 1432 169 1487 Si
194 1439 375 1488 tamen
392 1434 452 1488 in
472 1433 756 1489 nonnullis
775 1434 941 1489 rebus
962 1434 1266 1507 deliquisse
1284 1436 1394 1492 visi
1415 1442 1562 1500 sunt,
1593 1452 1702 1490 non

100 1508 231 1563 ideo
260 1508 543 1580 oportebat
571 1509 699 1563 illos
738 1510 1051 1581 vituperare
1066 1551 1079 1575 ,
1121 1511 1222 1566 sed
1255 1513 1441 1585 potius
1478 1520 1700 1583 propter

99 1581 265 1654 plura
284 1591 431 1638 recte
444 1592 687 1655 peracta,
715 1584 923 1656 quibus
942 1586 1090 1641 vitae
1107 1586 1334 1642 utilitati
1352 1585 1694 1658 profuerunt,

98 1656 369 1715 laudibus
390 1658 687 1713 celebrare.
748 1660 977 1725 ‚Etenim
998 1669 1053 1716 et
1071 1661 1342 1717 mundum
1360 1663 1547 1733 ipsum
1567 1678 1700 1715 con·
1803 1720 1808 1725 ,

97 1732 261 1786 venit
282 1732 526 1798 laudare,
550 1750 652 1787 nec
668 1750 811 1807 quae
830 1736 965 1791 vilia
985 1737 1044 1791 in
1065 1744 1208 1793 terra
1227 1743 1374 1799 sunt,
1397 1734 1692 1799 attendere,

92 1816 161 1861 ut
192 1806 517 1862 scarabaeos
542 1806 915 1866 vel-formicas
944 1818 1038 1866 aut
1052 1811 1270 1882 pulices
1297 1818 1350 1865 et
1381 1810 1489 1863 alia
1515 1810 1698 1863 consi·

92 1882 279 1945 milia,
304 1880 404 1935 sed
425 1882 563 1937 caeli
584 1890 832 1947 naturam
853 1885 1230 1957 contemplari,
1255 1883 1388 1939 solis
1409 1882 1692 1947 circuitus,

88 1958 268 2012 lunae
281 1954 487 2013 formas
505 1957 564 2011 in
586 1960 897 2025 crescendo,
924 1962 1092 2015 maris
1111 1960 1476 2022 extensiones,
1502 1957 1695 2013 elatio-

89 2048 197 2086 nes
208 2028 525 2098 ssuminum,
550 2034 690 2092 ae’ris
710 2036 1056 2100 mutationes,
1083 2051 1290 2089 annuas
1311 2040 1694 2105 tempestatum

87 2105 549 2172 vicissitudines,
591 2110 969 2181 generationes
996 2109 1344 2173 animalium,
1383 2108 1694 2179 plantarum

82 2182 481 2252 proprietates,
497 2181 775 2241 fructuum
795 2193 1124 2256 proventum
1145 2184 1362 2255 aliaque
1381 2200 1547 2255 quam
1564 2182 1695 2254 plu-

78 2258 257 2319 rima,
282 2272 519 2327 quorum
530 2259 971 2331 unumquodque
988 2259 1180 2315 divina
1199 2259 1404 2315 factum
1423 2266 1536 2313 arte
1555 2257 1693 2316 mire

78 2331 539 2401 pulcherrimum
558 2341 661 2401 cst.
739 2332 941 2391 Omitto
953 2375 968 2401 ,
997 2334 1146 2407 quod
1166 2350 1346 2406 neque
1366 2332 1508 2392 illud
1525 2332 1692 2405 paulo

78 2414 218 2460 ante
250 2422 285 2461 a
312 2415 369 2462 te
394 2417 755 2465 memoratum
782 2409 1187 2483 blasphemiam
1211 2408 1537 2475 includitde
1557 2408 1686 2473 diis,

76 2480 189 2533 sed
222 2489 309 2536 est
338 2481 614 2537 indicium
642 2483 889 2541 inclusae
925 2485 1333 2559 physiologiae,
1391 2484 1552 2538 cuius
1581 2500 1686 2537 non

77 2555 223 2609 licet
264 2556 418 2627 apud
451 2558 605 2622 illos,
664 2575 901 2630 quornm
934 2562 1116 2633 capita
1153 2562 1382 2615 minime
1417 2568 1546 2614 sunt
1583 2576 1689 2613 un-

154 2745 161 2750 ·
188 2730 233 2777 ³)
263 2705 349 2769 Hic
378 2741 547 2781 qnoque
570 2732 692 2773 Arm.
715 2716 759 2773 in
784 2734 971 2774 secundo
996 2744 1100 2775 casu
1127 2734 1258 2775 ἁλιῆς
1284 2736 1483 2776 Philome.
1526 2734 1686 2775 Auch-

1923 2894 2050 3009 Δ
