2125 3084
200 167 431 236 [11:251]
566 172 646 217 IN
684 172 1036 219 GENESIN.
1076 174 1331 221 SERMO
1367 176 1453 225 lv.
1735 166 1803 222 ’73

202 276 430 331 adiuvet
448 270 521 327 ad
538 270 813 345 condigna
835 272 1088 329 facienda
1109 274 1345 331 celerius
1360 316 1373 340 ‚
1413 276 1593 331 virtus
1619 282 1805 331 autem

202 350 544 406 celeritatem
572 348 955 404 incunctanter
982 358 1250 405 monstret
1278 350 1348 404 ad
1380 352 1549 405 trium
1577 368 1808 405 mensu-

200 440 389 481 rarum
419 430 479 478 et
498 424 667 553 ¹panis
692 422 1089 495 perfectionem
1103 466 1117 490 ‚
1168 424 1564 482 verbum'vero
1593 427 1807 481 iussam

198 501 441 557 hostiam
461 516 495 553 o
534 506 669 554 erat.

304 586 479 640 Porro
498 584 669 638 nimis
688 582 937 639 naturale
958 592 1042 639 est
1057 582 1204 639 illud
1231 582 1302 639 de
1325 582 1508 639 tribus
1535 586 1810 640 mensuris

199 662 418 717 dictum
427 659 664 714 verbum
677 678 691 727 ;
724 676 853 714 vere
865 659 1014 713 enim
1024 676 1220 731 reapse
1229 658 1286 733 ¹²)
1295 659 1476 715 tribus
1487 676 1814 715 mensuran-

196 746 291 792 tur
309 736 501 789 omnia
516 776 529 799 ,
558 735 838 807 principio
858 733 1024 789 ducto
1045 743 1101 790 et
1119 734 1305 791 medio
1325 744 1378 789 et
1399 734 1508 790 fine
1522 776 1535 801 ,
1579 752 1814 807 quorum

195 818 506 881 utrumque
558 811 725 864 inane
776 810 1117 881 comperitur
1165 810 1376 883 absque
1425 812 1587 867 tertia
1637 818 1811 883 parte,

198 904 400 942 carens
420 885 765 941 exsistentia.
806 884 987 951 Quare
1006 886 1276 941 Homerus
1295 903 1402 940 non
1424 884 1627 941 frustra
1647 885 1811 948 dixit,

200 961 395 1017 omnia
413 960 708 1033 tripliciter
728 960 911 1017 divisa
932 978 1081 1029 esse3
1127 968 1180 1016 et
1203 961 1553 1035 Pythagorici
1579 960 1816 1017 triadem

198 1038 267 1091 in
295 1036 547 1089 numeris
578 1043 633 1091 et
660 1037 719 1090 in
747 1034 944 1109 figuris
979 1036 1364 1111 rectangulum
1394 1044 1447 1093 et
1474 1036 1816 1109 triangulum

204 1118 533 1183 supponunt
551 1128 651 1183 pro
672 1111 941 1167 elemento
959 1112 1226 1167 scientiae
1247 1113 1654 1167 universorum.
1695 1110 1820 1163 Pri-

206 1204 301 1241 ma
332 1186 505 1258 igitur
533 1202 791 1241 mensura
817 1194 926 1251 est,
969 1186 1127 1242 iuxta
1162 1202 1333 1259 quam
1363 1186 1610 1240 constitit
1637 1185 1821 1239 incor-

204 1278 415 1335 poreus
454 1268 511 1315 et
545 1262 925 1335 intelligibilis
968 1262 1234 1317 mundus.
1325 1260 1608 1327 Secunda,
1663 1261 1819 1314 iuxta

206 1352 382 1409 quam
424 1344 801 1393 constructum
839 1346 923 1391 est
960 1338 1227 1393 sensibile
1267 1338 1482 1392 caelum
1517 1337 1579 1391 in
1623 1336 1820 1408 quinto

210 1411 569 1485 (elemento),
599 1413 877 1485 particeps
898 1413 1172 1467 mirabilis
1194 1430 1256 1467 ac
1276 1412 1500 1469 divinae
1521 1412 1814 1473 essentiae,

210 1487 565 1542 immutabile
590 1486 899 1543 secundum
918 1487 1060 1543 illud
1081 1496 1136 1543 et
1159 1489 1322 1559 quasi
1348 1488 1608 1543 similiter
1631 1504 1692 1541 se
1718 1486 1822 1540 ha-

210 1562 373 1618 bens.
454 1564 637 1618 Tertia
668 1580 829 1627 vero,
870 1562 1338 1633 quemadmodum
1363 1562 1505 1617 facta
1533 1569 1665 1617 sunt
1685 1560 1823 1615 sub—

216 1637 459 1703 lunaria,
506 1656 580 1693 ex
596 1645 837 1709 quatuor
860 1638 1147 1693 elementis
1173 1646 1378 1703 terrae,
1427 1654 1632 1709 aquae,
1681 1634 1822 1689 aeris

216 1720 271 1767 et
291 1713 460 1785 ignis,
490 1714 901 1785 generationem
922 1730 985 1768 ac
1004 1714 1413 1784 corruptionem
1433 1711 1645 1766 sortita.
1731 1710 1825 1763 In-

118 1820 121 1825 ·
218 1804 604 1859 corporearum
636 1804 769 1861 ergo
807 1789 1120 1861 specierum
1135 1828 1148 1851 ‚
1195 1786 1406 1857 quibus
1446 1782 1825 1853 intelligibilis

216 1870 433 1919 erectus
462 1872 551 1919 est.
576 1863 847 1928 munduS,
900 1879 1162 1919 mensura
1191 1868 1275 1915 est
1313 1857 1546 1913 dicenda
1586 1856 1828 1910 maxima

216 1938 317 1993 illa
337 1954 657 1994 causarum:
700 1939 929 2011 quintae
958 1954 1094 1994 vero
1121 1934 1409 1991 sensibilis
1441 1942 1494 1988 et
1511 1930 1827 2005 periodicae

218 2014 518 2078 essentiae,
580 2031 751 2085 quam
792 2015 979 2068 sortita
1018 2020 1104 2067 est
1142 2011 1386 2074 caelum,
1447 2008 1687 2064 creativa
1727 2006 1826 2061 illa

218 2089 603 2153 Entisxirtus,
646 2090 911 2160 quoniam
944 2086 1019 2163 [Ἴ
1048 2104 1218 2161 purae
1249 2102 1312 2141 ac
1339 2102 1521 2141 merae
1548 2084 1826 2157 particeps

221 2162 328 2218 fuit
346 2163 745 2219 beneficentiae
762 2160 1092 2218 immertalis
1107 2204 1119 2227 ‚
1157 2164 1471 2235 incorrupta
1491 2168 1645 2233 parte
1665 2174 1828 2231 prae·—

220 2237 429 2306 ditum3
481 2238 887 2294 sublunaribus
929 2247 1110 2294 autem
1147 2239 1299 2311 regia
1333 2240 1514 2293 virtus
1529 2277 1541 2299 ,
1583 2250 1650 2289 eo
1675 2231 1827 2304 quod

221 2314 512 2368 mutationi
534 2313 811 2369 subnexia
832 2314 943 2368 sint
956 2354 968 2378 ,
1002 2314 1396 2385 participantes
1417 2309 1828 2383 generationem

222 2396 277 2443 et
314 2390 747 2461 corruptionem.
834 2388 1080 2444 Verbum
1115 2404 1246 2443 vero
1287 2394 1500 2441 certum
1539 2379 1832 2467 regiminis

221 2464 500 2517 auxilium
518 2464 751 2535 praebet
770 2465 828 2518 in
850 2461 1121 2518 faciendis
1141 2462 1330 2523 rebus,
1353 2458 1472 2513 illis
1491 2456 1592 2526 qui
1613 2452 1830 2539 aliquid

219 2546 499 2611 peragunt
516 2538 980 2610 pei-solvuntque:
1022 2535 1386 2609 peccantibus
1409 2538 1593 2585 autem
1620 2527 1837 2598 ahqua-

326 2680 373 2725 θ
418 2688 455 2719 ι.
499 2680 625 2719 iuxta
664 2685 807 2719 vm
846 2689 940 2725 ene,
986 2687 1024 2716 ι.
1069 2676 1292 2718 secundum
1321 2673 1386 2717 ia,
1433 2670 1545 2721 quod
1580 2678 1673 2707 vare
1716 2666 1838 2705 mnis

224 2730 364 2771 rebm-
419 2728 646 2770 Auchet-
