2125 3084
177 162 263 227 m,
288 158 405 224 582]
809 162 909 207 DE
952 162 1158 208 IONA.
1681 155 1780 208 423

180 273 433 335 exempta
463 262 712 335 periculo
738 261 1061 317 salvaretur.
1139 260 1280 327 Quia
1308 277 1438 316 vero
1465 262 1644 333 impos
1666 271 1780 317 erat
1853 284 1866 293 ’

180 336 485 415 (propheta)
514 356 559 393 a·
580 338 862 409 provisore
898 338 1284 391 universorum
1322 352 1444 390 sese
1483 336 1773 408 eripiendi,

179 433 288 471 non
327 415 487 469 aliter
523 413 703 485 potuit
740 411 929 485 fugam
970 426 1283 482 capessere,
1324 410 1435 465 uisi
1472 408 1776 465 futurorum

178 490 411 545 scientia
430 506 555 544 sese
576 487 831 543 exuendo
844 528 857 552 ‚
883 488 1023 541 mari
1046 485 1219 540 libero
1241 493 1505 557 vastoque
1523 502 1582 539 se
1603 483 1775 541 daret.

286 582 369 652 7.'
392 596 683 671 Siquidem
711 594 1134 668 quum'turbato
1165 594 1346 648 animo
1373 593 1679 648 ambularet
1710 593 1778 648 ad

176 690 328 729 oram
352 674 519 727 maris
535 714 547 737 ‚
587 672 669 727 ibi
690 672 891 726 bellica
914 669 1074 726 navis
1091 673 1356 733 occurrit,
1391 676 1444 723 et
1464 684 1631 723 manu
1651 684 1780 739 por—

174 756 323 804 recta
352 748 419 802 ad
452 756 645 805 nautas
676 748 777 802 ait:
840 745 886 801 O
912 753 1138 808 nautae,
1183 760 1447 815 quorsum
1474 742 1782 815 proficisci-

174 824 346 891 mini,
389 838 654 894 quorsum
683 822 971 894 navigium
993 817 1336 874 admovetis?
1391 818 1460 873 Ut
1479 817 1620 873 mihi
1639 835 1782 890 quo—

171 916 285 971 que
306 898 471 952 utiles
500 896 904 969 quodammodo
932 896 1084 959 sitia,
1124 894 1391 965 suscipite
1425 890 1499 981 [¹⁵]
1533 910 1622 948 me
1655 911 1779 948 sur—

171 990 323 1044 sum.
402 971 507 1039 Qui
540 971 673 1026 dum
702 973 759 1027 in
791 972 956 1026 aliam
986 968 1313 1024 contendere
1342 969 1623 1023 civ1tatem
1645 968 1778 1023 fassi

170 1054 335 1112 sunt,
376 1056 429 1101 et
454 1047 744 1120 probatum
772 1045 906 1101 fuit:
959 1042 1362 1117 prehendentes
1390 1052 1692 1115 posuerunt
1719 1045 1774 1098 in

172 1122 307 1177 navi
345 1139 500 1185 eum,
555 1124 654 1194 qui
692 1120 1163 1177 conturbationem
1199 1120 1336 1174 mari
1377 1126 1431 1173 et
1466 1119 1778 1190 periculum

173 1198 360 1253 nautis
392 1196 617 1251 daturus
647 1206 787 1265 erat;
850 1196 1113 1268 quoniam
1134 1211 1308 1265 quum
1329 1195 1386 1248 in
1410 1194 1704 1266 agitatione
1726 1203 1778 1248 et

172 1272 529 1328 fluctuatione
568 1282 712 1327 esset
746 1271 1011 1344 propheta
1041 1279 1095 1325 et
1123 1270 1428 1324 destinatus
1458 1270 1527 1324 ad
1555 1269 1780 1341 praedi-

173 1346 414 1403 candum
438 1347 593 1412 urbi,
628 1364 826 1402 navem
847 1346 1054 1419 attigit,
1088 1346 1273 1416 ipsum
1295 1353 1516 1417 propter
1536 1345 1776 1418 prophe·-

171 1425 307 1478 tiam
330 1431 607 1495 tamquam
628 1431 840 1494 petram
863 1420 1230 1476 introductam
1251 1420 1568 1492 portabant,
1611 1422 1686 1476 ita
1717 1428 1777 1475 ut

170 1498 639 1571 praedicationem
680 1506 733 1552 et
770 1497 1180 1569 navigationem
1210 1496 1354 1551 circa
1385 1513 1445 1550 se
1477 1496 1776 1552 contrarias

170 1575 439 1629 haberent
450 1572 524 1646 *).
592 1574 782 1644 ltaque
803 1573 901 1643 qui
922 1588 1090 1642 super
1108 1570 1285 1625 undas
1308 1571 1514 1627 vellent
1566 1589 1776 1627 ommo-

172 1667 301 1706 vere
323 1666 544 1713 navem,
569 1647 751 1702 undae
772 1664 940 1719 super
958 1647 1086 1702 illos
1108 1644 1434 1702 fluctuantes
1455 1645 1514 1701 ef
1550 1648 1772 1701 nebant.

171 1724 464 1797 (Propheta
495 1722 694 1794 autem)
734 1730 795 1777 ut
832 1732 991 1795 puto,
1036 1721 1276 1776 oblitum
1303 1738 1363 1775 se
1392 1737 1576 1775 rerum
1605 1720 1776 1775 artifi-

171 1801 323 1855 ciose
346 1798 589 1869 fingens„
631 1797 893 1853 derelicto
918 1798 1079 1852 navis
1100 1795 1287 1859 dorso,
1330 1794 1436 1849 sub
1462 1804 1648 1851 ventre
1669 1796 1776 1849 im—

84 1882 94 1891 ·
170 1874 472 1946 mergitur,
512 1880 566 1927 et
594 1872 861 1928 oblivioni
891 1890 950 1927 se
983 1871 1150 1927 tradit
1179 1868 1340 1924 corde
1378 1869 1542 1923 tristi.
1630 1870 1777 1925 Mare

171 1966 307 2005 vero
326 1965 501 2020 quum
522 1964 630 2003 non
650 1947 877 2003 haberet
896 1964 1042 2011 eum,
1073 1945 1172 2017 qui
1193 1946 1249 1998 in
1270 1960 1328 1999 se
1353 1943 1617 2007 ascendit,
1644 1944 1774 1998 hae-

171 2024 377 2080 sitabat
396 2021 647 2096 flagitans
669 2032 722 2079 et
747 2023 1001 2090 timebat;
1068 2020 1336 2075 elementa
1369 2034 1496 2073 vero
1525 2019 1778 2073 ministro

171 2116 525 2173 quocumque
546 2100 773 2154 meliora
794 2098 1132 2153 suscitarunt
1163 2111 1311 2149 mare
1340 2110 1508 2165 super
1537 2093 1776 2165 prophe-

170 2186 317 2238 tam,
356 2174 590 2229 salutem
621 2172 848 2247 fugitivi
870 2170 1208 2234 invidentia,
1249 2168 1700 2243 quandoquidem
1723 2176 1777 2223 et

170 2254 296 2323 ipse
316 2250 551 2305 salutem
571 2250 946 2305 Ninivitarum
968 2246 1189 2301 nolebat
1198 2244 1308 2319 **).

284 2363 336 2413 8.
378 2360 777 2430 Derelinquens
797 2358 985 2429 itaque
1008 2352 1320 2410 navarchus
1337 2352 1774 2426 gubernaculum

172 2445 225 2491 et
248 2442 445 2488 nautae
466 2432 682 2505 reliqua
702 2434 1095 2496 instrumenta,
1139 2446 1336 2485 manus
1365 2430 1423 2483 in
1448 2444 1641 2500 preces
1663 2427 1776 2483 ele-

272 2575 321 2614 *i
346 2574 485 2614 Seu-u
512 2576 695 2615 obscuro
720 2574 915 2613 laborare
938 2572 1110 2612 videtur
1133 2578 1334 2620 praecem
1367 2569 1510 2609 locun
1562 2568 1675 2609 idem
1710 2570 1775 2609 ‹n-

172 2627 311 2667 xerim
339 2628 384 2664 et
408 2626 462 2664 de
490 2627 685 2673 sequenti
709 2624 900 2675 periodo.
951 2622 1115 2663 Anch.

273 2674 349 2722 4ἢ)
373 2674 443 2714 Aa
468 2676 673 2716 verbum:
718 2674 1037 2715 boamundum
1062 2684 1098 2713 ι.
1126 2672 1420 2711 aemam
1443 2670 1636 2711 Ninivitis
1661 2673 1775 2711 mlo-

172 2728 259 2769 tat.
314 2726 475 2765 Auen.
1287 2782 1324 2811 ο
