2125 3084
312 143 375 196 81
758 144 1128 192 PHILONIS
1173 144 1444 192 lunam
1729 142 1800 208 [1‚
1825 145 1938 210 86.]

310 246 561 303 rentibus
591 246 769 319 signis
796 245 885 301 vel
916 253 1076 300 antea
1103 246 1412 316 conceptis,
1453 262 1556 317 pro
1583 248 1812 302 naturis
1831 250 1942 304 in·-

310 320 625 395 quir'endis‚
658 320 735 376 ita
754 328 816 375 ut
834 335 897 375 ea
911 359 924 385 ,
955 335 1098 392 quae
1116 319 1240 375 sine
1259 320 1498 376 clamore
1518 324 1806 378 sermonis
1828 323 1940 378 fir-

311 399 481 453 miore
512 396 653 452 facto
680 395 928 452 veritatis
957 402 1232 461 constant,
1280 411 1382 467 pro
1406 403 1557 476 eerto
1585 409 1939 470 argumento

310 473 525 546 possint
541 470 723 527 sumi?

418 601 504 654 59.
546 595 874 652 Annuus
888 614 937 650 a.
980 591 1166 650 Facile
1185 593 1413 666 quidem
1433 603 1569 659 erat,
1593 595 1756 668 quod
1777 600 1932 652 scias

311 673 510 738 velim,
552 671 790 744 singulis
816 670 1072 726 resistere
1101 669 1294 738 diotis3
1361 687 1432 725 ns
1459 677 1650 724 tamen
1676 671 1932 728 verbum

312 749 481 822 yerbo
500 753 847 818 annectentes
866 744 1067 800 iisdem
1087 744 1156 799 de
1176 743 1343 800 rebus
1361 744 1698 816 prolixiores
1721 748 1790 802 in
1807 765 1932 802 ser-

312 841 471 878 mone
501 821 791 880 videamur
806 862 819 886 ‚
862 819 931 876 ad
957 821 1244 892 sequentia
1280 819 1701 876 transferamur.
1787 821 1929 879 Exi-

310 916 504 972 gamus
526 898 790 954 nimirum
810 897 1290 969 antesignanorum
1312 909 1343 950 a
1362 903 1414 950 te
1435 897 1699 988 rationes,
1924 916 1932 922 ·

422 1028 507 1080 60.
529 1022 895 1091 Quamobrem
914 1028 1068 1077 vasto
1086 1021 1145 1076 in
1165 1019 1348 1076 medio
1368 1022 1766 1078 universorum
1791 1041 1920 1080 oon-

310 1101 493 1160 ditam,
522 1100 696 1154 erexit
732 1107 961 1162 terram,
998 1113 1168 1168 supra
1195 1114 1256 1150 se
1285 1097 1580 1152 habentem
1611 1100 1830 1164 maria,
1870 1108 1919 1153 et

310 1173 615 1230 concedens
652 1181 827 1228 terrae
860 1172 1102 1245 spatium
1141 1170 1448 1227 seeundum
1463 1213 1476 1236 ,
1519 1173 1706 1228 ae‘rem
1749 1191 1917 1247 super

310 1265 481 1319 aquas
498 1248 740 1309 elevans,
764 1266 891 1305 eum
909 1263 1134 1302 sursum
1155 1246 1398 1306 delatum
1418 1263 1598 1318 usque
1621 1247 1694 1302 ad
1721 1245 1805 1325 [³¹⁵]
1831 1267 1916 1304 ae-

308 1323 521 1378 therem
540 1322 821 1377 extendit?
858 1321 1017 1390 Quod
1037 1339 1166 1378 vero
1191 1322 1402 1400 anobis
1423 1320 1698 1396 (fortasse)
1721 1325 1918 1380 audire

310 1397 482 1452 vultis
496 1437 509 1462 ‚
542 1405 758 1470 praesto
778 1406 861 1452 est
880 1414 1235 1472 responsum:
1296 1397 1624 1462 necessitate
1647 1399 1920 1456 videlieet

308 1471 545 1544 quadam
575 1480 801 1526 naturae
832 1471 1039 1528 leviora
1069 1491 1100 1527 a
1128 1472 1479 1546 gravioribus
1507 1489 1742 1528 sursum
1781 1476 1915 1548 pelli

310 1549 559 1620 contigit.
638 1545 882 1602 Occultis
902 1555 1084 1603 autem
1104 1549 1308 1604 certam
1329 1545 1542 1604 faciunt
1561 1547 1736 1604 fidem
1758 1551 1912 1614 haec,

309 1641 451 1696 quae
480 1631 610 1678 sunt
634 1620 943 1678 manifesta.
1024 1621 1262 1700 Situlam
1289 1625 1339 1678 si
1367 1623 1496 1695 quis
1523 1641 1670 1695 aqua
1689 1625 1916 1697 plenam

308 1717 562 1764 sumens,
621 1698 805 1754 oleum
846 1699 905 1753 'ei
943 1697 1344 1771 superfundere
1381 1717 1718 1771 arenamque
1756 1701 1912 1765 velit,

309 1793 473 1832 arena
490 1773 723 1832 inferius
744 1773 885 1843 abit3
924 1774 1108 1830 oleum
1129 1782 1310 1830 autem
1329 1791 1498 1846 supra
1515 1784 1749 1846 perstat,
1774 1793 1911 1850 aqua

308 1870 438 1908 vero
458 1851 704 1907 medium
724 1851 933 1906 obtinet
951 1850 1213 1922 spatium.
1252 1849 1472 1906 Etenim
1491 1867 1656 1921 aqua,
1679 1869 1748 1908 eo
1765 1852 1912 1924 quod

309 1927 483 1981 levior
503 1929 576 1982 sit
596 1934 808 1981 terrena
829 1926 1074 1990 materia,
1097 1942 1319 1980 sursum
1342 1934 1457 1980 aeta
1472 1925 1686 1981 resilit:
1729 1945 1911 1998 quon-

308 2003 416 2056 iam
440 2017 569 2056 vero
588 2001 809 2075 gravior
828 2001 947 2056 oleo
967 2007 1074 2064 est,
1109 1998 1215 2054 sub
1238 1999 1444 2056 leviore
1473 2001 1691 2072 cogitur
1720 2001 1911 2058 subsi-

308 2077 457 2130 dere.
534 2075 739 2131 Eodem
769 2075 931 2132 modo
956 2083 1011 2130 et
1036 2073 1232 2130 mundi
1251 2083 1434 2146 partes
1453 2074 1600 2130 affici
1620 2075 1904 2140 videntur,

306 2160 368 2206 ut
389 2151 525 2225 dicit
544 2143 926 2222 Empedocles.
980 2149 1402 2206 Discedentibus
1423 2151 1574 2206 enim
1593 2150 1666 2206 ab
1688 2152 1908 2208 aethere

306 2235 471 2281 vento
500 2235 555 2280 et
582 2226 715 2298 igne
740 2233 904 2297 atque
932 2224 1246 2280 volantibus
1261 2265 1275 2291 ,
1317 2234 1436 2282 tum
1465 2225 1616 2281 caelo
1635 2226 1908 2286 latissime

308 2317 551 2372 expanso
569 2317 631 2354 ac
650 2301 891 2372 desuper
910 2299 1285 2356 circumducto
1299 2341 1314 2365 ‚
1339 2301 1488 2374 ignis
1505 2301 1606 2372 qui
1627 2302 1802 2372 paulo
1821 2303 1908 2358 in-

306 2373 471 2428 ferior
491 2375 641 2429 caelo
662 2381 951 2439 manserat,
982 2375 1106 2445 ipse
1124 2391 1346 2446 quoque
1367 2379 1426 2431 in
1447 2376 1630 2430 radios
1649 2377 1792 2432 solis
1813 2378 1910 2434 ad·-

306 2455 495 2503 auetus
526 2457 635 2502 est:
694 2457 837 2503 terra
866 2465 997 2502 vero
1025 2465 1356 2504 concurrens
1383 2453 1440 2505 in
1469 2467 1642 2504 unum
1661 2449 1914 2522 spatium

306 2525 359 2569 et
405 2524 713 2575 necessario
760 2523 1094 2577 condensata
1135 2541 1407 2596 apparens
1454 2527 1516 2580 in
1549 2525 1736 2584 medio
1780 2535 1912 2584 stat.

305 2589 467 2670 Porro
488 2593 633 2646 circa
654 2611 775 2648 eam
796 2596 1045 2666 undique
1058 2637 1072 2660 ‚
1103 2600 1368 2668 quoniam
1385 2600 1552 2654 nimis
1571 2599 1749 2656 levior
1769 2614 1917 2670 erat,

308 2658 549 2714 volvltur
586 2665 795 2736 absque
832 2670 1130 2726 dimotione
1169 2673 1375 2729 aether.
1462 2673 1676 2740 Quietis
1717 2686 1924 2737 autem
