2125 3084
24 2786 32 2919 Ἥψ-

345 191 438 241 486
563 193 760 240 PHIL.
803 192 956 238 ιω).
999 190 1327 249 QUAEST.
1368 190 1466 235 ET
1506 190 1668 236 son.
1706 184 1957 253 [11,3⁶9.]

337 303 635 365 utrumque
655 293 943 349 evidenter
963 294 1281 363 exprimens
1302 308 1530 345 morem.
1608 290 1772 345 Pravi
1793 293 1959 347 enim

337 370 508 425 moris
537 369 700 423 homo
731 369 929 439 plenus
959 375 1042 422 est
1072 366 1352 439 figmentis
1382 374 1437 419 et
1463 365 1687 421 blandis
1720 368 1959 437 sapien-

339 445 434 499 tiis
450 486 463 508 ,
495 452 778 515 tamquam
798 443 888 497 his
909 441 1179 497 educatus
1200 449 1254 495 et
1272 458 1409 494 usus
1424 481 1437 505 ‚
1482 440 1625 494 nihil
1646 442 1766 494 sani
1790 443 1959 515 cogi-

339 529 482 574 tans.
561 519 630 573 Et
669 518 1026 589 insipientem
1063 518 1392 588 pravitatem
1408 556 1420 579 ‚
1482 523 1617 586 puta
1663 532 1955 572 sermones

341 592 560 666 (mores)
571 592 624 666 *)
645 592 913 664 superbos
929 635 941 657 ,
986 593 1063 646 ita
1084 599 1147 646 ut
1166 607 1267 645 nec
1286 589 1598 652 humiliari,
1644 606 1825 661 neque
1846 590 1955 647 sse-

339 669 413 723 cti
435 668 599 732 sciat,
624 668 867 722 similem
889 684 1009 721 esse
1031 665 1197 739 (dico)
1218 665 1477 737 quercui,
1506 680 1651 735 quae
1671 664 1953 739 frangitur

341 752 635 815 antequam
655 742 982 799 humilietur
1003 758 1066 796 ac
1086 740 1352 796 flectatur.

483 950 611 1009 Quid
643 960 713 1001 est
748 949 974 1015 „Postea
1008 949 1123 1000 exiit
1144 950 1312 1015 frater
1346 948 1523 997 eiu-w?
1558 948 1663 1013 (25,
1695 948 1804 1011 26.)

459 1074 572 1127 ⁴62.
623 1070 837 1125 Fratres
868 1075 998 1122 sunt
1025 1069 1203 1125 virtus
1234 1075 1287 1122 et
1313 1066 1525 1122 malitia
1544 1066 1851 1123 secundum
1871 1066 1947 1121 il-

341 1146 468 1209 lud,
512 1144 661 1217 quod
684 1145 851 1199 unius
873 1143 1041 1197 animi
1072 1151 1261 1214 partus
1291 1151 1445 1208 sunt;
1509 1149 1563 1198 et
1590 1142 1837 1207 inimici,
1880 1158 1947 1196 eo

341 1221 491 1291 quod
530 1219 890 1274 adversantur
929 1217 1040 1271 sibi
1085 1218 1329 1272 invicem
1368 1225 1421 1272 et
1459 1224 1727 1289 pugnant.
1815 1216 1947 1271 Ideo

342 1297 732 1350 convenientes
749 1300 1029 1362 tamquam
1047 1310 1118 1347 ex
1133 1293 1457 1347 necessitate
1478 1300 1532 1347 et
1552 1292 1817 1365 ligamine
1840 1292 1945 1346 ali-

341 1387 452 1439 quo
474 1368 776 1440 complexi,
811 1366 1179 1422 nihilominus
1200 1367 1631 1422 disiunctionem
1650 1375 1865 1438 optant,
1892 1376 1945 1422 et

343 1443 602 1497 dissoluti
625 1441 955 1511 liberatique
978 1440 1163 1497 lucide
1180 1441 1467 1513 patefiunt.

345 1678 426 1706 ms·
447 1614 746 1705 *kfirghnrm
766 1616 931 1665 panna,
977 1617 1007 1655 i.
1035 1626 1076 1656 e.
1104 1618 1253 1663 verba,
1282 1618 1371 1666 legl
1396 1618 1535 1666 placet
1558 1617 1701 1666 pue-ys,
1728 1619 1759 1657 i.
1787 1627 1826 1656 e.
1854 1627 1943 1657 mo·

349 2020 451 2074 bus
474 2022 624 2074 enim
641 2022 842 2091 plenus
865 2028 918 2075 et
937 2020 1173 2079 infidus,
1219 2038 1320 2075 nec
1349 2022 1649 2091 quicquam
1671 2019 1942 2091 integrum

346 2093 678 2157 exercendo,
723 2112 826 2165 nec
845 2094 1007 2150 facile
1027 2094 1291 2159 flectitur,
1336 2095 1433 2150 tali
1456 2096 1607 2167 ligno
1628 2093 1937 2157 similand0‚

347 2167 496 2238 quod
519 2166 680 2222 facile
701 2169 860 2239 prius
883 2168 1156 2243 frangitur
1176 2188 1343 2241 quam
1364 2179 1641 2225 curvatur.

505 2357 663 2415 Quare
698 2359 844 2409 dixit:
896 2358 1067 2422 „Post
1103 2361 1221 2409 haec
1256 2362 1399 2413 exivit
1419 2362 1587 2425 frater
1622 2359 1720 2409 eius
1735 2363 1769 2388 “
1778 2364 1801 2407 57

465 2496 578 2551 462.
620 2494 890 2549 Germana
911 2500 1040 2547 sunt
1057 2494 1238 2548 virtus
1268 2503 1322 2549 et
1347 2496 1587 2559 malitia,
1631 2495 1801 2549 unius
1832 2495 1945 2549 ani-

348 2581 470 2619 mae
499 2566 696 2622 foetuS.
774 2568 1115 2621 Dimicantur
1146 2576 1330 2623 autem
1358 2578 1413 2624 et
1442 2570 1662 2641 litigant
1680 2568 1947 2640 quodam·
1994 2630 2018 2645 ,Ι

347 2638 510 2692 modo
540 2642 918 2706 adhaerentia,
969 2641 1375 2697 dissocietatem
1403 2643 1748 2708 desiderant,
1792 2661 1950 2717 sepa-

349 2718 465 2764 rata
493 2730 624 2767 vero
651 2726 706 2769 et
735 2717 964 2771 liberata
993 2716 1219 2773 distant.
