2125 3084
335 204 435 257 2⁴4
591 205 1467 262 PHIL.1UD.QUAEST.ET
1515 210 1670 255 SOL.
1716 204 1799 271 [11,
1817 207 1934 272 389]

336 307 499 363 modo
524 307 809 381 indigem,
851 306 992 361 sed'
976 323 1098 378 lpse
1117 307 1177 362 in
1197 324 1257 361 se
1277 309 1400 380 ipso
1420 309 1746 367 laetificatus
1768 321 1933 384 atque

334 386 393 438 in
422 383 539 438 suis
568 382 867 438 virtutibus
898 381 1234 453 mundisque
1257 400 1288 436 a
1308 400 1367 437 se
1387 385 1648 441 conditis.
1725 388 1934 442 Invisi-

334 459 467 514 bilis
494 475 625 513 vero
652 455 723 532 [*]
749 457 903 511 illius
934 456 1117 522 ideae,
1161 473 1302 528 quae
1331 456 1633 514 indicativa
1655 470 1738 515 est
1759 462 1928 518 huius

332 534 693 607 compaginis,
718 534 1163 603 incorporearum
1181 534 1488 603 specierum
1509 550 1800 590 mensurae
1823 538 1928 593 hae

332 618 487 673 sunt,
527 624 717 664 omnes
746 608 872 662 illas
900 624 1021 662 esse
1050 609 1108 660 in
1143 607 1508 662 similitudine
1527 607 1852 680 formaque
1835 630 1928 667 in—

290 674 297 685 ’
332 652 575 739 visibilis
612 682 930 756 (creatoris).
1006 683 1130 736 Iure
1169 683 1354 753 itaque
1391 684 1610 754 sapiens
1645 701 1924 741 summam

330 776 513 814 rerum
543 768 693 814 ratus
720 757 789 811 ad
818 757 986 814 deum
1010 756 1464 823 similitudinem,
1507 766 1772 830 quantum
1800 760 1924 818 fieri

328 844 536 906 potest,
578 842 819 888 creatum
840 834 1080 889 increato
1101 840 1156 887 et
1173 834 1458 889 mortalem
1478 834 1806 889 immortali
1781 852 1924 891 iun-

328 926 457 982 gere
495 910 715 972 nititur,
758 908 901 962 nihil
942 906 1206 962 deficiens
1245 908 1335 962 vel
1373 910 1432 963 in
1461 910 1824 967 exsultatione
1849 913 1920 966 ab

329 987 451 1040 eius
490 982 879 1039 similitudine.
954 981 1322 1048 Quamobrem
1361 984 1548 1055 ipsum
1583 1002 1804 1057 quoque
1834 988 1924 1043 lu-

327 1060 461 1115 dum
500 1058 865 1114 immutabilis
904 1057 1224 1128 solidaeque
1262 1059 1485 1115 virtutis
1531 1070 1750 1117 exercet
1796 1080 1922 1117 cum

324 1135 600 1199 Rebecca,
638 1135 799 1189 cuius
828 1149 1025 1187 nomen
1050 1134 1513 1203 perseverantiam
1543 1135 1610 1209 (s.
1639 1140 1924 1209 perpetui-

326 1210 511 1282 tatem)
534 1209 813 1281 exprimit.
876 1207 1206 1263 Huiusmodi
1225 1225 1357 1263 vero
1377 1210 1556 1265 iocum
1577 1212 1702 1267 sive
1721 1214 1924 1269 iucun-

326 1286 551 1341 ditatem
574 1285 787 1339 animae
806 1283 985 1337 malus
1002 1282 1244 1354 quilibet
1273 1286 1475 1349 nescit,
1519 1287 1652 1356 quia
1681 1304 1792 1343 non
1823 1289 1924 1344 ha-

324 1362 419 1414 bet
446 1358 873 1430 connuptionem
900 1375 1028 1412 cum
1065 1358 1206 1412 mira
1242 1358 1541 1431 voluptate.
1622 1362 1921 1429 Prpficiens

327 1442 508 1488 autem
528 1443 807 1504 tamquam
826 1449 925 1504 per
944 1433 1238 1489 fenestram
1259 1434 1402 1489 vidit
1417 1435 1666 1507 quidem,
1689 1438 1790 1493 sed
1811 1455 1918 1494 non

324 1766 517 1839 liguris
548 1766 867 1832 constituto,
910 1768 1105 1821 merito
1133 1783 1422 1823 mensurae
1449 1768 1841 1823 universorum
1857 1771 1917 1824 in

322 1843 503 1913 ipsius
524 1842 779 1897 visibiles
807 1852 937 1898 sunt
963 1860 1063 1915 pro
1091 1841 1374 1897 imitaculo
1402 1860 1564 1899 verae
1591 1851 1755 1914 atque
1783 1862 1920 1917 syn-

322 1934 477 1973 cerae
500 1935 769 1990 supernae
790 1918 1073 1991 imaginis.
1149 1916 1490 1990 Quapropter
1509 1918 1730 1989 sapiens
1751 1918 1919 1975 finem

320 1992 624 2080 perfectum
656 1993 993 2050 aestimando
1024 1991 1330 2048 assimilare
1357 1993 1461 2048 deo
1490 2002 1624 2049 tunc
1649 1995 1800 2065 capit
1819 2012 1920 2049 na-

320 2068 574 2123 scibilem
596 2069 783 2123 innato
801 2070 1107 2123 coniectum
1123 2110 1135 2132 ‚
1162 2067 1384 2124 festinat
1403 2086 1510 2136 non
1532 2069 1725 2125 deesse
1747 2069 1918 2125 huius

323 2142 711 2198 similitudinis
738 2151 791 2196 et
811 2143 1198 2208 iucunditatiS‚
1233 2144 1396 2199 cuius
1416 2161 1582 2199 causa
1601 2144 1672 2198 de
1689 2161 1750 2199 re
1771 2144 1919 2201 dici-

318 2226 435 2283 tur,
468 2233 594 2273 cum
616 2217 769 2271 firma
792 2226 843 2270 et
860 2217 1244 2273 indeclinabili
1264 2219 1660 2283 similitudine,
1701 2220 1793 2275 cui
1815 2237 1919 2275 no·-

318 2310 445 2349 men
464 2293 709 2348 Rebecca
732 2298 838 2355 est,
863 2295 1270 2362 perseverantia
1291 2296 1670 2366 interpretata,
1701 2303 1796 2350 aut
1816 2312 1916 2366 pro

320 2372 654 2441 sempiterna
684 2332 957 2421 hilaritate
988 2368 1172 2423 anima
1199 2368 1520 2425 delectatur.
1565 2371 1748 2425 ·Hanc
1786 2386 1917 2441 por-

316 2445 525 2501 tionem
542 2442 731 2499 nullus
750 2440 975 2496 habebit
994 2442 1290 2507 malorum,
1313 2462 1422 2499 non
1442 2453 1602 2517 aptus
1623 2444 1684 2499 fit
1701 2442 1914 2516 nuptiis

318 2518 611 2591 religiosae
630 2534 693 2571 ac
713 2517 838 2588 piae
858 2517 1173 2579 suavitatiS‚
1218 2536 1422 2574 munus
1448 2527 1631 2574 tamen
1651 2528 1914 2591 tanquam

319 2592 390 2645 de
410 2592 645 2647 fenestra
664 2592 931 2663 prospicit
948 2591 1206 2661 quidem,
1231 2611 1338 2649 non
1359 2604 1540 2649 tamen
1561 2612 1764 2667 purum
1783 2612 1916 2651 sen-

319 2666 385 2719 tit
421 2676 777 2753 utrorumque
814 2668 1009 2738 iugum
1048 2665 1235 2738 (mm-9.
1276 2669 1505 2741 iocum),
1555 2670 1714 2724 cuius
1754 2687 1916 2725 mens

319 2740 537 2793 dubitat
554 2742 721 2794 citius
742 2741 929 2813 (mary.
954 2743 1188 2816 acutius)
1219 2760 1440 2798 cernere
1468 2745 1720 2812 meliora3
1773 2746 1918 2801 solet
