2125 3084
371 178 471 234 286
583 179 781 226 PnlL.
824 179 977 226 mn.
1020 177 1350 237 QUAEST.
1387 177 1488 223 ΕΤ
1527 177 1690 223 801..
1743 173 1832 239 [11,
1865 178 2010 244 ΒΕ]

370 301 479 338 non
509 288 640 337 sunt
664 265 1005 335 constantius
1042 277 1271 345 firmati3
1341 277 1751 334 mediocritates
1791 289 2004 336 autem

371 374 503 430 prae
528 373 589 412 se
618 355 801 410 ferunt
830 354 1152 409 abscessum
1178 353 1643 424 praeseriiationis
1657 394 1671 417 ,
1713 369 1784 408 ne
1811 357 2007 426 quic-

370 449 540 504 quam
560 448 632 486 ex
648 429 953 501 improviso
972 427 1386 484 irremediabile
1405 429 1708 499 patiantur.

378 586 509 644 &a
538 597 609 637 est
642 621 677 650 „
691 583 894 635 Mittens
925 586 1160 634 revocabo
1195 593 1239 634 tc
1272 583 1406 646 inde,
1457 600 1518 633 ne
1537 585 1676 649 forte
1709 586 1832 634 orba
1851 586 2001 648 filiis
2084 631 2085 634 ,

535 654 665 717 fian
698 669 759 703 σε
791 653 1015 702 ainbobus
1046 651 1180 701 vohis
1211 651 1291 701 dic
1323 653 1504 700 una“3
1543 655 1653 716 (27,
1686 653 1797 712 45.)

482 757 604 813 240.
645 753 829 822 Quum
848 754 1028 809 littera
1046 761 1230 824 pateat
1243 793 1256 816 ,
1301 751 1564 825 allegoria
1583 761 1800 808 utentes
1820 753 1995 810 dica-

372 846 497 885 mus
513 871 525 894 ,
564 828 714 900 quod
744 829 1281 902 transmigrationem
1307 837 1633 898 perpetuam
1666 828 1767 885 vix
1805 846 1992 900 expe-
2084 879 2085 884 ,

372 904 493 960 dire
522 905 783 977 religioso
811 912 995 978 putat,
1036 901 1136 959 sed
1166 902 1234 957 ad
1255 919 1517 974 praesens
1537 911 1758 976 tempus
1779 904 1986 959 utilem

372 979 508 1034 fore.
586 979 719 1036 Vult
746 980 896 1034 enim
922 996 1050 1035 eum
1080 976 1376 1034 abscedere
1397 995 1428 1032 a
1448 986 1678 1033 connata
1708 978 1986 1051 gemella-
2084 1031 2085 1040 ,

371 1071 481 1126 que
521 1053 761 1119 malitia,
804 1071 914 1110 non
944 1055 1003 1109 in
1043 1052 1227 1108 locum
1256 1052 1655 1124 simpliciorem
1694 1061 1748 1109 et
1786 1053 1984 1108 illuci-
2084 1105 2085 1120 ἶ

373 1129 507 1184 dum
522 1170 535 1193 ,
569 1129 748 1184 sedin
767 1130 937 1185 situm
957 1145 1224 1183 sensuum
1243 1127 1618 1183 illuminatum
1634 1169 1646 1192 ,
1677 1135 1865 1199 utpote
1885 1129 1982 1182 in-
2084 1125 2085 1152 ³

372 1211 547 1259 struat
584 1221 643 1258 se
683 1204 741 1257 in
772 1203 987 1260 cunctis
1017 1201 1531 1270 exercitationibus;
1596 1211 1649 1258 et
1683 1210 1978 1274 postquam

374 1277 539 1332 fuerit
557 1278 716 1350 pugil
741 1277 896 1332 fortis
926 1277 1343 1349 perfectusque,
1385 1293 1449 1332 eo
1480 1276 1695 1340 redeat,
1736 1277 1836 1332 ubi
1866 1296 1978 1332 nou

315 1570 321 1575 ,
374 1513 618 1569 cundum
662 1514 887 1588 sydera,
947 1516 1078 1572 licet
1111 1517 1298 1572 Laban
1336 1517 1540 1574 candor
1575 1535 1675 1589 pro
1714 1519 1978 1576 luminari

374 1589 582 1645 indicio
600 1589 827 1655 Harran,
852 1590 1120 1647 foramina
1139 1610 1238 1664 pro
1257 1593 1644 1666 magnitudine
1663 1595 1952 1650 stellarum
1965 1639 1977 1650 .

373 1665 463 1720 Ait
492 1674 672 1720 tamen
701 1663 978 1721 Abraham
1012 1669 1296 1732 transitor,
1347 1685 1515 1740 quem
1551 1685 1744 1724 omnes
1784 1670 1979 1726 fideles

375 1742 589 1796 imitare
625 1750 883 1812 possunt,
937 1749 989 1797 et
1026 1742 1078 1797 si
1106 1760 1217 1797 nox
1249 1744 1632 1814 occupaverit,
1684 1761 1794 1800 non
1823 1745 1980 1800 deci-

368 1817 603 1886 piuntur
624 1815 694 1871 ad
714 1826 990 1874 maternae
1011 1818 1280 1873 ecclesiae
1299 1819 1514 1874 viscera
1537 1821 1779 1876 revocati
1788 1818 1824 1895 .]
1839 1819 1894 1892 ³¹⁵)

515 1954 644 2013 Quid
676 1959 968 2009 aestimando
1003 1959 1240 2024 accipiam
1274 1969 1318 2008 te
1350 1960 1484 2024 inde,
1555 1977 1614 2009 ne
1647 1961 1841 2024 quando

1038 2028 1314 2076 orbitabor3

486 2127 605 2182 240.
649 2125 718 2182 At
745 2127 906 2182 nobis
934 2127 1168 2184 lectione
1198 2129 1344 2184 certa
1374 2130 1643 2186 existente
1658 2117 1692 2193 ,'
1714 2146 1815 2200 per
1842 2131 1978 2185 alle·

374 2201 582 2271 goriam
607 2199 943 2257 disseramus
962 2202 1204 2259 mediam
1226 2204 1368 2258 hanc
1387 2204 1557 2258 larem
1570 2204 1794 2259 assidue
1817 2205 1978 2260 habi-

374 2282 487 2327 tare
526 2283 870 2338 certatorem,
930 2284 1105 2332 mater
1140 2278 1341 2350 inutile
1379 2278 1700 2343 arbitratur,
1761 2279 1864 2334 sed
1911 2279 1975 2334 ad
2083 2315 2085 2334 .

374 2357 591 2418 tempus
614 2349 665 2404 ei
685 2348 973 2419 prodesse,
1004 2367 1172 2422 quem
1199 2352 1319 2407 vult
1339 2361 1607 2408 semotum
1631 2370 1754 2408 esse
1775 2371 1980 2426 cogna-
2083 2353 2085 2422 ξ

374 2427 460 2473 tae
489 2421 577 2475 vel
607 2423 861 2494 geminae
890 2422 1078 2495 (marq.
1111 2427 1405 2499 genuinae)
1435 2428 1678 2483 malitiae
1707 2436 1900 2498 utpote
1921 2430 1978 2483 in
2083 2423 2085 2460 ἦ

376 2492 633 2549 lucidiori
678 2495 917 2567 quadam
962 2500 1164 2552 mentis
1217 2501 1441 2571 regione
1495 2501 1976 2566 exhibernantem,

374 2565 506 2618 inde
536 2569 865 2636 palestricon
898 2571 1208 2646 perfectum
1244 2573 1567 2652 redeuntem
1604 2576 1716 2630 iam
1746 2578 1982 2632 minime

476 2699 518 2746 ¹¹)
562 2701 693 2744 Unci:
726 2705 891 2749 inclusa
918 2715 1019 2750 sunt
1043 2709 1382 2754 addimentum
1406 2715 1648 2763 interpretis
1671 2715 1771 2756 Lat.
