2125 3084
220 175 308 240 [n,
334 170 467 235 aaa]
576 176 657 221 IN
696 176 1054 221 GENEsm.
1095 176 1348 221 sEnuo
1384 178 1470 224 lv.
1741 173 1837 223 447

224 327 323 377 Cur
360 323 555 374 Sarrae
598 322 721 373 dixit
753 322 1053 373 Abimelech:
1124 322 1306 384 „Ecce
1350 322 1462 372 dedi
1502 325 1624 373 milk
1667 342 1838 391 arqen-

360 403 465 443 teos
484 390 648 456 fiatri
680 400 787 440 tuo.-
843 390 930 439 Ῐιοο
965 390 1054 439 erit
1091 389 1178 439 tibi
1210 390 1261 439 in
1297 388 1513 439 honorem
1535 393 1697 457 faciei
1727 403 1836 443 tuae

358 469 408 509 et
462 458 664 507 omnium
703 457 965 520 mulierum,
1028 473 1154 521 quae
1199 465 1348 505 tecum
1391 466 1524 517 sum,-
1595 470 1638 509 et
1679 461 1838 509 omnia

356 542 472 575 vere
510 525 782 589 loquere“?
819 526 924 589 (20,
957 526 1063 589 16.)

332 632 424 683 69.
466 628 679 700 Dignus
699 634 782 681 est
809 628 1207 697 acceptatione,
1251 626 1352 697 qui
1379 642 1616 697 poenam
1645 630 1836 698 poeni-

218 704 430 760 tentiae
458 702 571 756 sibi
590 717 811 772 quoque
832 702 1118 756 constituit
1137 701 1208 755 ob
1229 700 1500 755 delictum
1521 702 1837 758 involunta—

218 782 400 841 rium,
442 793 545 849 pro
582 776 953 832 consolatione
992 774 1227 847 (Sarrae)
1266 774 1584 847 honoreque
1623 776 1832 832 vultus.

223 853 301 929 [Ἴ
326 852 478 908 Illud
497 861 681 907 tamen
710 856 884 905 mnia
909 868 1027 905 vere
1054 854 1261 919 loquere
1290 850 1635 906 abhorrentis
1655 870 1686 906 a
1707 853 1838 924 phi-

223 928 483 999 losophia
501 936 555 981 et
573 927 878 999 ignorantis
900 925 1222 981 mandatum
1243 933 1344 981 est.
1423 928 1560 981 Nam
1583 928 1632 981 si
1655 926 1836 982 homi—

223 1021 364 1058 num
400 1004 517 1058 vita
557 1001 763 1073 optime
792 1017 853 1055 se
879 999 1109 1057 haberet
1138 999 1290 1055 nulla
1322 1011 1542 1073 accepta
1573 1002 1830 1066 falsitate,

224 1095 535 1151 congruum
575 1075 711 1131 foret
745 1075 816 1130 de
843 1075 1104 1130 omnibus
1134 1074 1283 1145 apud
1310 1092 1500 1131 omnes
1529 1094 1724 1131 verum
1754 1078 1836 1132 lo-

225 1154 358 1225 qui:
410 1152 511 1207 sed
540 1152 673 1223 quia
702 1150 849 1206 fictio
876 1150 1240 1225 malignitatis
1259 1150 1490 1206 velutin
1513 1151 1723 1205 theatro
1745 1169 1836 1206 ac-

226 1229 495 1300 quisitam
523 1226 691 1281 habet
716 1233 773 1280 et
801 1226 1120 1297 superbiam
1149 1226 1386 1280 velatam
1413 1243 1525 1281 una
1553 1244 1681 1281 cum
1703 1229 1836 1283 arti-

228 1304 374 1366 ficio,
401 1303 532 1358 artis
554 1310 637 1357 est
654 1318 795 1374 opus
816 1302 1053 1373 sapienti
1074 1300 1421 1372 multipliciS,
1446 1309 1509 1356 ut
1526 1304 1721 1375 prosit,
1753 1306 1833 1357 si-

226 1376 607 1434 militudinem
643 1376 959 1449 praeferens
997 1377 1176 1431 ironia
1204 1378 1505 1443 utentium,
1549 1379 1649 1449 qui
1679 1378 1831 1433 aliud

228 1454 425 1509 dicunt
446 1463 499 1507 et
519 1451 673 1507 aliud
694 1460 882 1525 agunt,
903 1461 965 1507 ut
984 1452 1200 1508 salvent
1217 1468 1355 1525 quos
1371 1464 1622 1524 possunt.
1666 1455 1833 1509 Porro

228 1547 339 1585 non
377 1530 511 1583 licet
536 1529 597 1581 in
626 1528 885 1583 omnibus
914 1529 989 1582 ita
1018 1528 1166 1591 fieri,
1210 1531 1472 1599 quoniam
1499 1530 1832 1583 consultoris

227 1604 477 1659 malitiae
506 1611 589 1657 est
614 1604 801 1657 omnia
830 1602 967 1657 falso
996 1602 1184 1657 dicere
1202 1602 1274 1658 ad
1294 1603 1648 1675 aucupandos
1669 1604 1834 1658 audi-

228 1689 401 1734 tores:
454 1679 647 1733 virtuti
667 1694 798 1733 vero
816 1679 1103 1749 proprium
1124 1686 1206 1733 est
1227 1676 1482 1733 salutaris
1503 1687 1716 1732 natura.

238 1835 396 1893 Quare
434 1871 469 1898 ,‚
485 1844 651 1884 orante
684 1834 931 1884 Abraham
965 1833 1160 1883 sanavit
1193 1832 1308 1881 deus
1332 1832 1603 1881 Abimeleclt
1639 1841 1685 1880 et
1721 1848 1834 1880 uxo-

362 1919 461 1952 rem
500 1903 599 1952 eius
634 1910 681 1951 et
714 1902 917 1953 anacim„
952 1902 1074 1963 eim,
1111 1908 1162 1948 et
1183 1909 1484 1963 pepererunt.
1563 1896 1691 1955 Quia
1726 1915 1835 1948 con·

360 1969 556 2020 eludens
582 1970 877 2019 concaua-at
902 1970 1019 2019 deus
1044 1982 1220 2017 omnem
1247 1966 1434 2016 vulvam
1469 1966 1519 2015 in
1555 1966 1690 2015 domo
1717 1966 1835 2015 Abi-

362 2037 540 2088 melech
559 2046 763 2101 propter
780 2035 987 2089 Sarrum
1012 2051 1205 2087 uxorem
1227 2032 1530 2085 Abraham?
1557 2035 1663 2100 (20,
1693 2036 1832 2098 1⁷⁸.)

340 2138 429 2193 Ἦ).
479 2139 641 2193 Pater
669 2138 1096 2211 (universorum)
1126 2154 1300 2208 quum
1329 2136 1546 2209 aliquid
1575 2137 1706 2194 boni
1730 2136 1835 2191 ali-

235 2215 323 2267 cui
350 2212 533 2268 facere
562 2211 729 2277 velit,
786 2213 848 2267 id
885 2212 1222 2283 peculiarem
1233 2212 1286 2286 *)
1325 2214 1559 2286 gratiam
1593 2214 1832 2284 sapienti

235 2286 430 2342 factam
458 2289 770 2355 existimat3
848 2288 993 2342 sicut
1024 2295 1080 2342 et
1115 2304 1263 2342 nunc
1297 2289 1550 2358 contigit.
1647 2288 1837 2352 Quon-

234 2363 341 2416 iam
370 2362 598 2419 videtur
624 2369 848 2435 propter
874 2364 1174 2417 orationem
1203 2361 1472 2433 sapientis
1495 2361 1836 2430 praestitisse

234 2436 573 2493 oblivionem
592 2444 820 2509 peccato
840 2437 1209 2493 involuntario
1230 2437 1428 2492 domus
1444 2433 1620 2496 illius,
1641 2449 1838 2503 quam-

233 2512 319 2567 vis
357 2529 522 2568 nemo
559 2510 928 2585 oraverat**).
1008 2512 1296 2567 Caeterum
1337 2507 1642 2591 doctrinam
1672 2506 1839 2563 tradit

331 2652 377 2699 ¹)
410 2663 447 2694 s.
473 2654 575 2692 velit
593 2654 892 2702 pecualem,
920 2652 967 2691 ia
992 2653 1177 2700 arntiam
1203 2653 1278 2689 ete.
1330 2638 1556 2687 Andfflss·

334 2719 407 2767 ”)
434 2731 471 2760 ε.
502 2722 618 2770 quod
636 2721 835 2769 sactum
862 2722 975 2767 erat,
1002 2719 1043 2757 οἱ
1069 2720 1194 2757 etiam
1219 2724 1338 2756 nemo
1365 2718 1538 2754 orasset.
1591 2715 1754 2754 Auen.
