<?xml version="1.0" encoding="UTF-8"?>
<!DOCTYPE html PUBLIC "-//W3C//DTD XHTML 1.0 Transitional//EN"
    "http://www.w3.org/TR/xhtml1/DTD/xhtml1-transitional.dtd">
<html xmlns="http://www.w3.org/1999/xhtml" xml:lang="en" lang="en">
 <head>
  <title>
</title>
<meta http-equiv="Content-Type" content="text/html;charset=utf-8" />
  <meta name='ocr-system' content='tesseract 3.04.00' />
  <meta name='ocr-capabilities' content='ocr_page ocr_carea ocr_par ocr_line ocrx_word'/>
</head>
<body>
  <div class='ocr_page' id='page_1' title='image "./philonisiudaeio00alejgoog_0410.png"; bbox 0 0 2125 3084; ppageno 0'>
   <div class='ocr_carea' id='block_1_1' title="bbox 210 168 1811 237">
    <p class='ocr_par' dir='ltr' id='par_1_1' title="bbox 210 168 1811 237">
     <span class='ocr_line' id='line_1_1' title="bbox 210 168 1811 237; baseline 0.003 -17"><span class='ocrx_word' id='word_1_1' title='bbox 210 168 291 237; x_wconf 91' lang='lat'><strong>[11,</strong></span> <span class='ocrx_word' id='word_1_2' title='bbox 316 168 437 235; x_wconf 68' lang='lat' dir='ltr'><strong>ssa]</strong></span> <span class='ocrx_word' id='word_1_3' title='bbox 578 172 833 220; x_wconf 70' lang='lat' dir='ltr'><strong>annno</strong></span> <span class='ocrx_word' id='word_1_4' title='bbox 870 174 971 219; x_wconf 79' lang='lat' dir='ltr'><strong>DE</strong></span> <span class='ocrx_word' id='word_1_5' title='bbox 1018 174 1438 221; x_wconf 56' lang='lat' dir='ltr'><strong>sampsone.</strong></span> <span class='ocrx_word' id='word_1_6' title='bbox 1709 168 1811 225; x_wconf 71' lang='lat'><strong>395</strong></span> 
     </span>
    </p>
   </div>
   <div class='ocr_carea' id='block_1_2' title="bbox 206 274 1810 407">
    <p class='ocr_par' dir='ltr' id='par_1_2' title="bbox 206 274 1810 407">
     <span class='ocr_line' id='line_1_2' title="bbox 206 274 1810 349; baseline 0.001 -18"><span class='ocrx_word' id='word_1_7' title='bbox 206 274 633 349; x_wconf 77' lang='lat' dir='ltr'>promissionem</span> <span class='ocrx_word' id='word_1_8' title='bbox 674 274 947 329; x_wconf 85' lang='lat' dir='ltr'><strong>sermonis</strong></span> <span class='ocrx_word' id='word_1_9' title='bbox 988 274 1161 329; x_wconf 89' lang='lat' dir='ltr'><strong>nostri</strong></span> <span class='ocrx_word' id='word_1_10' title='bbox 1205 275 1588 347; x_wconf 80' lang='lat' dir='ltr'><strong>originemque</strong></span> <span class='ocrx_word' id='word_1_11' title='bbox 1623 292 1810 333; x_wconf 86' lang='lat' dir='ltr'><strong>rerum</strong></span> 
     </span>
     <span class='ocr_line' id='line_1_3' title="bbox 207 366 575 407; baseline -0.008 0"><span class='ocrx_word' id='word_1_12' title='bbox 207 366 575 407; x_wconf 81' lang='lat' dir='ltr'><strong>recurramus.</strong></span> 
     </span>
    </p>
   </div>
   <div class='ocr_carea' id='block_1_3' title="bbox 195 465 1812 1151">
    <p class='ocr_par' dir='ltr' id='par_1_3' title="bbox 195 465 1812 1151">
     <span class='ocr_line' id='line_1_4' title="bbox 314 465 1810 547; baseline 0.001 -17"><span class='ocrx_word' id='word_1_13' title='bbox 314 478 369 530; x_wconf 79' lang='lat'><strong>5.</strong></span> <span class='ocrx_word' id='word_1_14' title='bbox 410 465 734 547; x_wconf 81' lang='lat' dir='ltr'><strong>Sampsonis</strong></span> <span class='ocrx_word' id='word_1_15' title='bbox 753 482 1007 547; x_wconf 88' lang='lat' dir='ltr'><strong>parentes</strong></span> <span class='ocrx_word' id='word_1_16' title='bbox 1022 514 1035 536; x_wconf 91' lang='lat'><strong>,</strong></span> <span class='ocrx_word' id='word_1_17' title='bbox 1069 472 1304 529; x_wconf 87' lang='lat' dir='ltr'><strong>multum</strong></span> <span class='ocrx_word' id='word_1_18' title='bbox 1325 476 1590 547; x_wconf 89' lang='lat' dir='ltr'><strong>temporis</strong></span> <span class='ocrx_word' id='word_1_19' title='bbox 1620 492 1810 534; x_wconf 90' lang='lat' dir='ltr'><strong>secum</strong></span> 
     </span>
     <span class='ocr_line' id='line_1_5' title="bbox 203 549 1810 607; baseline 0 -1"><span class='ocrx_word' id='word_1_20' title='bbox 203 552 448 606; x_wconf 90' lang='lat' dir='ltr'><strong>invicem</strong></span> <span class='ocrx_word' id='word_1_21' title='bbox 486 553 741 607; x_wconf 88' lang='lat' dir='ltr'><strong>viventes</strong></span> <span class='ocrx_word' id='word_1_22' title='bbox 778 559 834 605; x_wconf 89' lang='lat' dir='ltr'><strong>et</strong></span> <span class='ocrx_word' id='word_1_23' title='bbox 870 549 1112 603; x_wconf 85' lang='lat' dir='ltr'><strong>fructum</strong></span> <span class='ocrx_word' id='word_1_24' title='bbox 1156 550 1438 604; x_wconf 80' lang='lat' dir='ltr'><strong>unanimis</strong></span> <span class='ocrx_word' id='word_1_25' title='bbox 1486 550 1810 607; x_wconf 75' lang='lat' dir='ltr'><strong>concordiae</strong></span> 
     </span>
     <span class='ocr_line' id='line_1_6' title="bbox 200 624 1812 697; baseline 0 -16"><span class='ocrx_word' id='word_1_26' title='bbox 200 634 559 697; x_wconf 73' lang='lat' dir='ltr'><strong>quaerenteS,</strong></span> <span class='ocrx_word' id='word_1_27' title='bbox 603 642 712 681; x_wconf 91' lang='lat' dir='ltr'><strong>non</strong></span> <span class='ocrx_word' id='word_1_28' title='bbox 738 624 1126 691; x_wconf 80' lang='lat' dir='ltr'><strong>inveniebant3</strong></span> <span class='ocrx_word' id='word_1_29' title='bbox 1179 625 1441 695; x_wconf 89' lang='lat' dir='ltr'><strong>quoniam</strong></span> <span class='ocrx_word' id='word_1_30' title='bbox 1465 625 1646 696; x_wconf 83' lang='lat' dir='ltr'><strong>impos</strong></span> <span class='ocrx_word' id='word_1_31' title='bbox 1678 625 1812 682; x_wconf 88' lang='lat' dir='ltr'><strong>hae-</strong></span> 
     </span>
     <span class='ocr_line' id='line_1_7' title="bbox 200 699 1811 773; baseline 0 -18"><span class='ocrx_word' id='word_1_32' title='bbox 200 700 407 756; x_wconf 88' lang='lat' dir='ltr'><strong>sitabat</strong></span> <span class='ocrx_word' id='word_1_33' title='bbox 426 700 717 755; x_wconf 88' lang='lat' dir='ltr'><strong>muliebris</strong></span> <span class='ocrx_word' id='word_1_34' title='bbox 740 700 858 773; x_wconf 84' lang='lat' dir='ltr'><strong>agri</strong></span> <span class='ocrx_word' id='word_1_35' title='bbox 878 708 1022 773; x_wconf 76' lang='lat' dir='ltr'><strong>terra</strong></span> <span class='ocrx_word' id='word_1_36' title='bbox 1042 706 1208 769; x_wconf 89' lang='lat' dir='ltr'><strong>atque</strong></span> <span class='ocrx_word' id='word_1_37' title='bbox 1228 707 1444 770; x_wconf 87' lang='lat' dir='ltr'><strong>recepto</strong></span> <span class='ocrx_word' id='word_1_38' title='bbox 1463 700 1676 754; x_wconf 90' lang='lat' dir='ltr'><strong>semine</strong></span> <span class='ocrx_word' id='word_1_39' title='bbox 1691 699 1811 755; x_wconf 86' lang='lat' dir='ltr'><strong>fru-</strong></span> 
     </span>
     <span class='ocr_line' id='line_1_8' title="bbox 199 773 1810 847; baseline 0.001 -17"><span class='ocrx_word' id='word_1_40' title='bbox 199 784 356 831; x_wconf 88' lang='lat' dir='ltr'><strong>ctum</strong></span> <span class='ocrx_word' id='word_1_41' title='bbox 382 777 611 831; x_wconf 89' lang='lat' dir='ltr'><strong>minime</strong></span> <span class='ocrx_word' id='word_1_42' title='bbox 639 774 1000 847; x_wconf 79' lang='lat' dir='ltr'><strong>producebat.</strong></span> <span class='ocrx_word' id='word_1_43' title='bbox 1081 773 1238 828; x_wconf 88' lang='lat' dir='ltr'><strong>Sicut</strong></span> <span class='ocrx_word' id='word_1_44' title='bbox 1267 775 1416 829; x_wconf 90' lang='lat' dir='ltr'><strong>enim</strong></span> <span class='ocrx_word' id='word_1_45' title='bbox 1443 775 1607 829; x_wconf 84' lang='lat' dir='ltr'><strong>istius</strong></span> <span class='ocrx_word' id='word_1_46' title='bbox 1634 782 1810 832; x_wconf 88' lang='lat' dir='ltr'><strong>terrae</strong></span> 
     </span>
     <span class='ocr_line' id='line_1_9' title="bbox 200 849 1808 922; baseline -0.001 -16"><span class='ocrx_word' id='word_1_47' title='bbox 200 850 433 906; x_wconf 84' lang='lat' dir='ltr'><strong>ariditas</strong></span> <span class='ocrx_word' id='word_1_48' title='bbox 453 850 573 905; x_wconf 86' lang='lat' dir='ltr'><strong>sive</strong></span> <span class='ocrx_word' id='word_1_49' title='bbox 594 849 1001 906; x_wconf 77' lang='lat' dir='ltr'><strong>infoecunditas</strong></span> <span class='ocrx_word' id='word_1_50' title='bbox 1022 849 1358 904; x_wconf 80' lang='lat' dir='ltr'><strong>visitationis</strong></span> <span class='ocrx_word' id='word_1_51' title='bbox 1370 849 1461 921; x_wconf 85' lang='lat' dir='ltr'><strong>dei</strong></span> <span class='ocrx_word' id='word_1_52' title='bbox 1473 858 1527 905; x_wconf 89' lang='lat' dir='ltr'><strong>et</strong></span> <span class='ocrx_word' id='word_1_53' title='bbox 1537 866 1808 922; x_wconf 90' lang='lat' dir='ltr'><strong>aquarum</strong></span> 
     </span>
     <span class='ocr_line' id='line_1_10' title="bbox 196 923 1809 999; baseline -0.001 -16"><span class='ocrx_word' id='word_1_54' title='bbox 196 924 489 983; x_wconf 83' lang='lat' dir='ltr'><strong>effusionis</strong></span> <span class='ocrx_word' id='word_1_55' title='bbox 510 933 663 999; x_wconf 82' lang='lat' dir='ltr'><strong>eget,</strong></span> <span class='ocrx_word' id='word_1_56' title='bbox 693 928 776 981; x_wconf 91' lang='lat' dir='ltr'><strong>sic</strong></span> <span class='ocrx_word' id='word_1_57' title='bbox 796 932 851 981; x_wconf 89' lang='lat' dir='ltr'><strong>et</strong></span> <span class='ocrx_word' id='word_1_58' title='bbox 868 924 1123 979; x_wconf 87' lang='lat' dir='ltr'><strong>mulieris</strong></span> <span class='ocrx_word' id='word_1_59' title='bbox 1142 930 1282 978; x_wconf 88' lang='lat' dir='ltr'><strong>terra</strong></span> <span class='ocrx_word' id='word_1_60' title='bbox 1301 940 1474 995; x_wconf 90' lang='lat' dir='ltr'><strong>quum</strong></span> <span class='ocrx_word' id='word_1_61' title='bbox 1495 923 1564 979; x_wconf 93' lang='lat' dir='ltr'><strong>de</strong></span> <span class='ocrx_word' id='word_1_62' title='bbox 1584 927 1809 997; x_wconf 79' lang='lat' dir='ltr'><strong>proprio</strong></span> 
     </span>
     <span class='ocr_line' id='line_1_11' title="bbox 196 997 1808 1073; baseline -0.001 -16"><span class='ocrx_word' id='word_1_63' title='bbox 196 1000 391 1058; x_wconf 78' lang='lat' dir='ltr'><strong>fructu</strong></span> <span class='ocrx_word' id='word_1_64' title='bbox 428 1000 723 1066; x_wconf 81' lang='lat' dir='ltr'><strong>desciscat,</strong></span> <span class='ocrx_word' id='word_1_65' title='bbox 767 1000 948 1055; x_wconf 86' lang='lat' dir='ltr'><strong>divini</strong></span> <span class='ocrx_word' id='word_1_66' title='bbox 987 998 1136 1055; x_wconf 91' lang='lat' dir='ltr'><strong>oculi</strong></span> <span class='ocrx_word' id='word_1_67' title='bbox 1173 997 1239 1070; x_wconf 88' lang='lat' dir='ltr'><strong>(s.</strong></span> <span class='ocrx_word' id='word_1_68' title='bbox 1272 998 1460 1073; x_wconf 86' lang='lat' dir='ltr'><strong>fontis)</strong></span> <span class='ocrx_word' id='word_1_69' title='bbox 1498 1000 1716 1073; x_wconf 76' lang='lat' dir='ltr'><strong>indiget</strong></span> <span class='ocrx_word' id='word_1_70' title='bbox 1752 1008 1808 1057; x_wconf 91' lang='lat' dir='ltr'><strong>et</strong></span> 
     </span>
     <span class='ocr_line' id='line_1_12' title="bbox 195 1072 1810 1151; baseline 0 -21"><span class='ocrx_word' id='word_1_71' title='bbox 195 1074 439 1151; x_wconf 78' lang='lat' dir='ltr'><strong>gratiae3</strong></span> <span class='ocrx_word' id='word_1_72' title='bbox 499 1075 758 1147; x_wconf 86' lang='lat' dir='ltr'><strong>quoniam</strong></span> <span class='ocrx_word' id='word_1_73' title='bbox 787 1074 887 1148; x_wconf 89' lang='lat' dir='ltr'><strong>qui</strong></span> <span class='ocrx_word' id='word_1_74' title='bbox 915 1074 1123 1146; x_wconf 90' lang='lat' dir='ltr'><strong>optime</strong></span> <span class='ocrx_word' id='word_1_75' title='bbox 1152 1072 1430 1147; x_wconf 77' lang='lat' dir='ltr'><strong>praeest*)</strong></span> <span class='ocrx_word' id='word_1_76' title='bbox 1459 1076 1604 1139; x_wconf 86' lang='lat' dir='ltr'><strong>sicut</strong></span> <span class='ocrx_word' id='word_1_77' title='bbox 1633 1075 1810 1130; x_wconf 80' lang='lat' dir='ltr'><strong>artifi-</strong></span> 
     </span>
    </p>
   </div>
   <div class='ocr_carea' id='block_1_4' title="bbox 194 1149 1915 1230">
    <p class='ocr_par' dir='ltr' id='par_1_4' title="bbox 194 1149 1915 1230">
     <span class='ocr_line' id='line_1_13' title="bbox 194 1149 1915 1230; baseline 0.001 -24"><span class='ocrx_word' id='word_1_78' title='bbox 194 1151 391 1207; x_wconf 87' lang='lat' dir='ltr'><strong>ciosus</strong></span> <span class='ocrx_word' id='word_1_79' title='bbox 429 1151 747 1223; x_wconf 71' lang='lat' dir='ltr'><strong>agricultor,</strong></span> <span class='ocrx_word' id='word_1_80' title='bbox 799 1149 1086 1206; x_wconf 81' lang='lat' dir='ltr'><strong>eradicans</strong></span> <span class='ocrx_word' id='word_1_81' title='bbox 1128 1164 1192 1203; x_wconf 89' lang='lat' dir='ltr'><strong>ea</strong></span> <span class='ocrx_word' id='word_1_82' title='bbox 1230 1164 1374 1220; x_wconf 89' lang='lat' dir='ltr'><strong>quae</strong></span> <span class='ocrx_word' id='word_1_83' title='bbox 1407 1150 1808 1222; x_wconf 86' lang='lat' dir='ltr'><strong>impedimento</strong></span> <span class='ocrx_word' id='word_1_84' title='bbox 1906 1223 1915 1230; x_wconf 84' lang='lat'><strong>.</strong></span> 
     </span>
    </p>
   </div>
   <div class='ocr_carea' id='block_1_5' title="bbox 194 1224 1804 1432">
    <p class='ocr_par' dir='ltr' id='par_1_5' title="bbox 194 1224 1804 1432">
     <span class='ocr_line' id='line_1_14' title="bbox 198 1224 1801 1299; baseline 0 -18"><span class='ocrx_word' id='word_1_85' title='bbox 198 1232 339 1281; x_wconf 88' lang='lat' dir='ltr'><strong>sunt</strong></span> <span class='ocrx_word' id='word_1_86' title='bbox 356 1224 556 1299; x_wconf 82' lang='lat' dir='ltr'><strong>vigori,</strong></span> <span class='ocrx_word' id='word_1_87' title='bbox 581 1224 859 1281; x_wconf 83' lang='lat' dir='ltr'><strong>efficacem</strong></span> <span class='ocrx_word' id='word_1_88' title='bbox 880 1224 1230 1294; x_wconf 85' lang='lat' dir='ltr'><strong>fertilemque</strong></span> <span class='ocrx_word' id='word_1_89' title='bbox 1249 1224 1567 1281; x_wconf 79' lang='lat' dir='ltr'><strong>seminatori</strong></span> <span class='ocrx_word' id='word_1_90' title='bbox 1589 1225 1801 1292; x_wconf 89' lang='lat' dir='ltr'><strong>reddat,</strong></span> 
     </span>
     <span class='ocr_line' id='line_1_15' title="bbox 196 1290 1804 1375; baseline 0.001 -19"><span class='ocrx_word' id='word_1_91' title='bbox 196 1300 397 1356; x_wconf 90' lang='lat' dir='ltr'><strong>divina</strong></span> <span class='ocrx_word' id='word_1_92' title='bbox 432 1317 565 1355; x_wconf 64' lang='lat' dir='ltr'><strong>xero</strong></span> <span class='ocrx_word' id='word_1_93' title='bbox 602 1302 777 1375; x_wconf 85' lang='lat' dir='ltr'><strong>gratia</strong></span> <span class='ocrx_word' id='word_1_94' title='bbox 818 1299 1212 1375; x_wconf 82' lang='lat' dir='ltr'><strong>perfectionem</strong></span> <span class='ocrx_word' id='word_1_95' title='bbox 1248 1300 1481 1356; x_wconf 86' lang='lat' dir='ltr'><strong>seminis</strong></span> <span class='ocrx_word' id='word_1_96' title='bbox 1501 1290 1804 1374; x_wconf 76' lang='lat' dir='ltr'><strong>&#39;propriam</strong></span> 
     </span>
     <span class='ocr_line' id='line_1_16' title="bbox 194 1374 738 1432; baseline -0.004 0"><span class='ocrx_word' id='word_1_97' title='bbox 194 1374 465 1432; x_wconf 90' lang='lat' dir='ltr'><strong>concedat</strong></span> <span class='ocrx_word' id='word_1_98' title='bbox 492 1385 738 1432; x_wconf 88' lang='lat' dir='ltr'><strong>naturae.</strong></span> 
     </span>
    </p>
   </div>
   <div class='ocr_carea' id='block_1_6' title="bbox 192 1512 1818 2571">
    <p class='ocr_par' dir='ltr' id='par_1_6' title="bbox 192 1512 1818 2571">
     <span class='ocr_line' id='line_1_17' title="bbox 311 1512 1803 1593; baseline 0.002 -18"><span class='ocrx_word' id='word_1_99' title='bbox 311 1522 364 1576; x_wconf 88' lang='grc'><strong>6.</strong></span> <span class='ocrx_word' id='word_1_100' title='bbox 404 1512 853 1593; x_wconf 81' lang='lat' dir='ltr'><strong>Benignissimus</strong></span> <span class='ocrx_word' id='word_1_101' title='bbox 878 1519 1066 1591; x_wconf 87' lang='lat' dir='ltr'><strong>itaque</strong></span> <span class='ocrx_word' id='word_1_102' title='bbox 1095 1516 1234 1576; x_wconf 89' lang='lat' dir='ltr'><strong>deus</strong></span> <span class='ocrx_word' id='word_1_103' title='bbox 1262 1521 1523 1593; x_wconf 87' lang='lat' dir='ltr'><strong>quoniam</strong></span> <span class='ocrx_word' id='word_1_104' title='bbox 1552 1530 1803 1579; x_wconf 87' lang='lat' dir='ltr'><strong>naturam</strong></span> 
     </span>
     <span class='ocr_line' id='line_1_18' title="bbox 192 1594 1805 1670; baseline 0.002 -19"><span class='ocrx_word' id='word_1_105' title='bbox 192 1596 559 1667; x_wconf 85' lang='lat' dir='ltr'><strong>impotentem</strong></span> <span class='ocrx_word' id='word_1_106' title='bbox 597 1594 827 1651; x_wconf 87' lang='lat' dir='ltr'><strong>videbat</strong></span> <span class='ocrx_word' id='word_1_107' title='bbox 863 1594 1191 1661; x_wconf 82' lang='lat' dir='ltr'><strong>humanam,</strong></span> <span class='ocrx_word' id='word_1_108' title='bbox 1217 1597 1387 1659; x_wconf 34' lang='lat' dir='ltr'><strong>,misit</strong></span> <span class='ocrx_word' id='word_1_109' title='bbox 1413 1597 1702 1670; x_wconf 83' lang='lat' dir='ltr'><strong>angelum,</strong></span> <span class='ocrx_word' id='word_1_110' title='bbox 1741 1607 1805 1654; x_wconf 90' lang='lat' dir='ltr'><strong>ut</strong></span> 
     </span>
     <span class='ocr_line' id='line_1_19' title="bbox 192 1670 1804 1742; baseline 0.001 -15"><span class='ocrx_word' id='word_1_111' title='bbox 192 1670 483 1727; x_wconf 81' lang='lat' dir='ltr'><strong>videretur</strong></span> <span class='ocrx_word' id='word_1_112' title='bbox 497 1710 511 1734; x_wconf 94' lang='lat'><strong>,</strong></span> <span class='ocrx_word' id='word_1_113' title='bbox 538 1671 703 1741; x_wconf 86' lang='lat' dir='ltr'><strong>quasi</strong></span> <span class='ocrx_word' id='word_1_114' title='bbox 722 1670 855 1725; x_wconf 88' lang='lat' dir='ltr'><strong>boni</strong></span> <span class='ocrx_word' id='word_1_115' title='bbox 873 1672 1111 1742; x_wconf 88' lang='lat' dir='ltr'><strong>auspicii</strong></span> <span class='ocrx_word' id='word_1_116' title='bbox 1131 1674 1601 1736; x_wconf 70' lang='lat' dir='ltr'><strong>nunciatoresset,</strong></span> <span class='ocrx_word' id='word_1_117' title='bbox 1623 1672 1804 1729; x_wconf 88' lang='lat' dir='ltr'><strong>sterili</strong></span> 
     </span>
     <span class='ocr_line' id='line_1_20' title="bbox 194 1740 1802 1816; baseline 0.001 -16"><span class='ocrx_word' id='word_1_118' title='bbox 194 1745 545 1800; x_wconf 85' lang='lat' dir='ltr'><strong>annuncians</strong></span> <span class='ocrx_word' id='word_1_119' title='bbox 574 1744 645 1799; x_wconf 90' lang='lat' dir='ltr'><strong>de</strong></span> <span class='ocrx_word' id='word_1_120' title='bbox 669 1740 850 1816; x_wconf 87' lang='lat' dir='ltr'><strong>prole,</strong></span> <span class='ocrx_word' id='word_1_121' title='bbox 890 1762 950 1801; x_wconf 86' lang='lat' dir='ltr'><strong>re</strong></span> <span class='ocrx_word' id='word_1_122' title='bbox 978 1755 1162 1801; x_wconf 89' lang='lat' dir='ltr'><strong>tamen</strong></span> <span class='ocrx_word' id='word_1_123' title='bbox 1192 1762 1321 1801; x_wconf 84' lang='lat' dir='ltr'><strong>vera</strong></span> <span class='ocrx_word' id='word_1_124' title='bbox 1339 1763 1438 1816; x_wconf 88' lang='lat' dir='ltr'><strong>per</strong></span> <span class='ocrx_word' id='word_1_125' title='bbox 1454 1746 1802 1801; x_wconf 86' lang='lat' dir='ltr'><strong>invisibilem</strong></span> 
     </span>
     <span class='ocr_line' id='line_1_21' title="bbox 192 1819 1798 1891; baseline 0.001 -16"><span class='ocrx_word' id='word_1_126' title='bbox 192 1820 465 1875; x_wconf 83' lang='lat' dir='ltr'><strong>virtutem</strong></span> <span class='ocrx_word' id='word_1_127' title='bbox 480 1819 699 1875; x_wconf 81' lang='lat' dir='ltr'><strong>iussum</strong></span> <span class='ocrx_word' id='word_1_128' title='bbox 716 1819 853 1874; x_wconf 90' lang='lat' dir='ltr'><strong>dans</strong></span> <span class='ocrx_word' id='word_1_129' title='bbox 874 1828 1101 1876; x_wconf 90' lang='lat' dir='ltr'><strong>naturae</strong></span> <span class='ocrx_word' id='word_1_130' title='bbox 1114 1861 1128 1885; x_wconf 89' lang='lat'><strong>,</strong></span> <span class='ocrx_word' id='word_1_131' title='bbox 1153 1820 1302 1891; x_wconf 91' lang='lat' dir='ltr'><strong>quod</strong></span> <span class='ocrx_word' id='word_1_132' title='bbox 1322 1820 1421 1874; x_wconf 86' lang='lat' dir='ltr'><strong>vix</strong></span> <span class='ocrx_word' id='word_1_133' title='bbox 1441 1819 1646 1875; x_wconf 87' lang='lat' dir='ltr'><strong>factum</strong></span> <span class='ocrx_word' id='word_1_134' title='bbox 1665 1830 1798 1884; x_wconf 90' lang='lat' dir='ltr'><strong>erat,</strong></span> 
     </span>
     <span class='ocr_line' id='line_1_22' title="bbox 193 1892 1804 1967; baseline -0.001 -16"><span class='ocrx_word' id='word_1_135' title='bbox 193 1894 448 1966; x_wconf 80' lang='lat' dir='ltr'><strong>recipere</strong></span> <span class='ocrx_word' id='word_1_136' title='bbox 474 1903 675 1949; x_wconf 88' lang='lat' dir='ltr'><strong>satum.</strong></span> <span class='ocrx_word' id='word_1_137' title='bbox 753 1894 1044 1967; x_wconf 88' lang='lat' dir='ltr'><strong>Siquidem</strong></span> <span class='ocrx_word' id='word_1_138' title='bbox 1066 1895 1298 1949; x_wconf 89' lang='lat' dir='ltr'><strong>iussisse</strong></span> <span class='ocrx_word' id='word_1_139' title='bbox 1316 1892 1459 1949; x_wconf 87' lang='lat' dir='ltr'><strong>mihi</strong></span> <span class='ocrx_word' id='word_1_140' title='bbox 1479 1892 1700 1949; x_wconf 88' lang='lat' dir='ltr'><strong>videtur</strong></span> <span class='ocrx_word' id='word_1_141' title='bbox 1719 1896 1804 1951; x_wconf 87' lang='lat' dir='ltr'><strong>sic</strong></span> 
     </span>
     <span class='ocr_line' id='line_1_23' title="bbox 193 1969 1804 2044; baseline 0.001 -19"><span class='ocrx_word' id='word_1_142' title='bbox 193 1970 453 2044; x_wconf 84' lang='lat' dir='ltr'><strong>generari</strong></span> <span class='ocrx_word' id='word_1_143' title='bbox 482 1969 760 2026; x_wconf 88' lang='lat' dir='ltr'><strong>hominem</strong></span> <span class='ocrx_word' id='word_1_144' title='bbox 776 2011 789 2036; x_wconf 97' lang='lat'><strong>,</strong></span> <span class='ocrx_word' id='word_1_145' title='bbox 833 1979 886 2026; x_wconf 90' lang='lat' dir='ltr'><strong>et</strong></span> <span class='ocrx_word' id='word_1_146' title='bbox 913 1972 1066 2026; x_wconf 85' lang='lat' dir='ltr'><strong>vocis</strong></span> <span class='ocrx_word' id='word_1_147' title='bbox 1096 1970 1188 2026; x_wconf 90' lang='lat' dir='ltr'><strong>dei</strong></span> <span class='ocrx_word' id='word_1_148' title='bbox 1207 1969 1613 2040; x_wconf 86' lang='lat' dir='ltr'><strong>ministeriique</strong></span> <span class='ocrx_word' id='word_1_149' title='bbox 1633 1986 1804 2043; x_wconf 87' lang='lat' dir='ltr'><strong>ange-</strong></span> 
     </span>
     <span class='ocr_line' id='line_1_24' title="bbox 196 2042 1818 2118; baseline -0.001 -17"><span class='ocrx_word' id='word_1_150' title='bbox 196 2047 379 2101; x_wconf 83' lang='lat' dir='ltr'><strong>lorum</strong></span> <span class='ocrx_word' id='word_1_151' title='bbox 407 2044 527 2101; x_wconf 86' lang='lat' dir='ltr'><strong>fieri</strong></span> <span class='ocrx_word' id='word_1_152' title='bbox 556 2044 763 2101; x_wconf 91' lang='lat' dir='ltr'><strong>donum</strong></span> <span class='ocrx_word' id='word_1_153' title='bbox 790 2063 949 2110; x_wconf 90' lang='lat' dir='ltr'><strong>eum,</strong></span> <span class='ocrx_word' id='word_1_154' title='bbox 989 2046 1089 2118; x_wconf 92' lang='lat' dir='ltr'><strong>qui</strong></span> <span class='ocrx_word' id='word_1_155' title='bbox 1117 2044 1327 2100; x_wconf 85' lang='lat' dir='ltr'><strong>divinis</strong></span> <span class='ocrx_word' id='word_1_156' title='bbox 1348 2042 1621 2099; x_wconf 84' lang='lat' dir='ltr'><strong>mandatis</strong></span> <span class='ocrx_word' id='word_1_157' title='bbox 1638 2044 1818 2117; x_wconf 43' lang='lat' dir='ltr'><strong>obser·</strong></span> 
     </span>
     <span class='ocr_line' id='line_1_25' title="bbox 192 2120 1804 2194; baseline -0.001 -17"><span class='ocrx_word' id='word_1_158' title='bbox 192 2122 397 2193; x_wconf 87' lang='lat' dir='ltr'><strong>quium</strong></span> <span class='ocrx_word' id='word_1_159' title='bbox 434 2130 813 2194; x_wconf 84' lang='lat' dir='ltr'><strong>praestaturus</strong></span> <span class='ocrx_word' id='word_1_160' title='bbox 850 2130 984 2177; x_wconf 89' lang='lat' dir='ltr'><strong>erat.</strong></span> <span class='ocrx_word' id='word_1_161' title='bbox 1071 2122 1154 2177; x_wconf 92' lang='lat' dir='ltr'><strong>Ne</strong></span> <span class='ocrx_word' id='word_1_162' title='bbox 1190 2120 1378 2191; x_wconf 85' lang='lat' dir='ltr'><strong>itaque</strong></span> <span class='ocrx_word' id='word_1_163' title='bbox 1415 2120 1804 2175; x_wconf 89' lang='lat' dir='ltr'><strong>universorum</strong></span> 
     </span>
     <span class='ocr_line' id='line_1_26' title="bbox 196 2190 1802 2270; baseline 0 -19"><span class='ocrx_word' id='word_1_164' title='bbox 196 2196 338 2252; x_wconf 89' lang='lat' dir='ltr'><strong>deus</strong></span> <span class='ocrx_word' id='word_1_165' title='bbox 367 2196 613 2253; x_wconf 89' lang='lat' dir='ltr'><strong>alienum</strong></span> <span class='ocrx_word' id='word_1_166' title='bbox 640 2197 935 2270; x_wconf 87' lang='lat' dir='ltr'><strong>quidpiam</strong></span> <span class='ocrx_word' id='word_1_167' title='bbox 964 2195 1032 2269; x_wconf 81' lang='lat' dir='ltr'><strong>(s.</strong></span> <span class='ocrx_word' id='word_1_168' title='bbox 1062 2192 1380 2268; x_wconf 88' lang='lat' dir='ltr'><strong>quemdam)</strong></span> <span class='ocrx_word' id='word_1_169' title='bbox 1414 2190 1487 2269; x_wconf 86' lang='lat'><strong>[*]</strong></span> <span class='ocrx_word' id='word_1_170' title='bbox 1523 2193 1802 2268; x_wconf 88' lang='lat' dir='ltr'><strong>direptum</strong></span> 
     </span>
     <span class='ocr_line' id='line_1_27' title="bbox 193 2270 1801 2347; baseline -0.001 -19"><span class='ocrx_word' id='word_1_171' title='bbox 193 2273 256 2328; x_wconf 88' lang='lat' dir='ltr'><strong>in</strong></span> <span class='ocrx_word' id='word_1_172' title='bbox 288 2272 575 2347; x_wconf 83' lang='lat' dir='ltr'><strong>proprium</strong></span> <span class='ocrx_word' id='word_1_173' title='bbox 602 2290 767 2328; x_wconf 88' lang='lat' dir='ltr'><strong>usum</strong></span> <span class='ocrx_word' id='word_1_174' title='bbox 795 2280 1057 2337; x_wconf 83' lang='lat' dir='ltr'><strong>verteret,</strong></span> <span class='ocrx_word' id='word_1_175' title='bbox 1101 2271 1340 2343; x_wconf 90' lang='lat' dir='ltr'><strong>desuper</strong></span> <span class='ocrx_word' id='word_1_176' title='bbox 1366 2270 1553 2341; x_wconf 89' lang='lat' dir='ltr'><strong>ipsum</strong></span> <span class='ocrx_word' id='word_1_177' title='bbox 1582 2272 1663 2325; x_wconf 89' lang='lat' dir='ltr'><strong>eis</strong></span> <span class='ocrx_word' id='word_1_178' title='bbox 1700 2271 1801 2342; x_wconf 86' lang='lat' dir='ltr'><strong>qui</strong></span> 
     </span>
     <span class='ocr_line' id='line_1_28' title="bbox 195 2345 1803 2421; baseline 0 -20"><span class='ocrx_word' id='word_1_179' title='bbox 195 2364 308 2402; x_wconf 88' lang='lat' dir='ltr'><strong>non</strong></span> <span class='ocrx_word' id='word_1_180' title='bbox 336 2348 657 2413; x_wconf 84' lang='lat' dir='ltr'><strong>inveniunt,</strong></span> <span class='ocrx_word' id='word_1_181' title='bbox 697 2348 869 2421; x_wconf 84' lang='lat' dir='ltr'><strong>gratis</strong></span> <span class='ocrx_word' id='word_1_182' title='bbox 898 2347 1212 2419; x_wconf 85' lang='lat' dir='ltr'><strong>impertitur</strong></span> <span class='ocrx_word' id='word_1_183' title='bbox 1247 2345 1660 2417; x_wconf 82' lang='lat' dir='ltr'><strong>acceptantibus</strong></span> <span class='ocrx_word' id='word_1_184' title='bbox 1699 2362 1803 2417; x_wconf 90' lang='lat' dir='ltr'><strong>pa-</strong></span> 
     </span>
     <span class='ocr_line' id='line_1_29' title="bbox 192 2421 1803 2495; baseline 0 -18"><span class='ocrx_word' id='word_1_185' title='bbox 192 2421 448 2478; x_wconf 88' lang='lat' dir='ltr'><strong>rentibus</strong></span> <span class='ocrx_word' id='word_1_186' title='bbox 468 2422 538 2477; x_wconf 91' lang='lat' dir='ltr'><strong>de</strong></span> <span class='ocrx_word' id='word_1_187' title='bbox 557 2432 720 2495; x_wconf 89' lang='lat' dir='ltr'><strong>partu</strong></span> <span class='ocrx_word' id='word_1_188' title='bbox 741 2422 1188 2491; x_wconf 82' lang='lat' dir='ltr'><strong>collocutionem3</strong></span> <span class='ocrx_word' id='word_1_189' title='bbox 1232 2438 1382 2476; x_wconf 92' lang='lat' dir='ltr'><strong>nunc</strong></span> <span class='ocrx_word' id='word_1_190' title='bbox 1398 2428 1582 2476; x_wconf 86' lang='lat' dir='ltr'><strong>autem</strong></span> <span class='ocrx_word' id='word_1_191' title='bbox 1600 2437 1803 2492; x_wconf 87' lang='lat' dir='ltr'><strong>paren-</strong></span> 
     </span>
     <span class='ocr_line' id='line_1_30' title="bbox 192 2496 1798 2571; baseline -0.001 -18"><span class='ocrx_word' id='word_1_192' title='bbox 192 2496 349 2553; x_wconf 89' lang='lat' dir='ltr'><strong>tibus</strong></span> <span class='ocrx_word' id='word_1_193' title='bbox 378 2505 659 2569; x_wconf 84' lang='lat' dir='ltr'><strong>tamquam</strong></span> <span class='ocrx_word' id='word_1_194' title='bbox 687 2497 861 2570; x_wconf 84' lang='lat' dir='ltr'><strong>prolis</strong></span> <span class='ocrx_word' id='word_1_195' title='bbox 882 2497 1147 2554; x_wconf 89' lang='lat' dir='ltr'><strong>nascendi</strong></span> <span class='ocrx_word' id='word_1_196' title='bbox 1166 2496 1547 2553; x_wconf 88' lang='lat' dir='ltr'><strong>instrumentis</strong></span> <span class='ocrx_word' id='word_1_197' title='bbox 1566 2496 1798 2571; x_wconf 83' lang='lat' dir='ltr'><strong>gloriam</strong></span> 
     </span>
    </p>
   </div>
   <div class='ocr_carea' id='block_1_7' title="bbox 179 2638 1802 2741">
    <p class='ocr_par' dir='ltr' id='par_1_7' title="bbox 179 2638 1802 2741">
     <span class='ocr_line' id='line_1_31' title="bbox 298 2638 1800 2689; baseline 0.001 -10"><span class='ocrx_word' id='word_1_198' title='bbox 298 2638 343 2686; x_wconf 65' lang='lat'><strong>⁸)</strong></span> <span class='ocrx_word' id='word_1_199' title='bbox 369 2650 405 2679; x_wconf 79' lang='lat' dir='ltr'><strong>s.</strong></span> <span class='ocrx_word' id='word_1_200' title='bbox 433 2640 519 2679; x_wconf 74' lang='lat' dir='ltr'><strong>ita:</strong></span> <span class='ocrx_word' id='word_1_201' title='bbox 562 2642 609 2679; x_wconf 79' lang='grc' dir='ltr'><strong>ιιι</strong></span> <span class='ocrx_word' id='word_1_202' title='bbox 634 2641 707 2689; x_wconf 70' lang='lat' dir='ltr'><strong>qui</strong></span> <span class='ocrx_word' id='word_1_203' title='bbox 731 2640 909 2688; x_wconf 71' lang='lat' dir='ltr'><strong>opum</strong></span> <span class='ocrx_word' id='word_1_204' title='bbox 936 2648 987 2679; x_wconf 74' lang='lat' dir='ltr'><strong>ne</strong></span> <span class='ocrx_word' id='word_1_205' title='bbox 1010 2648 1228 2689; x_wconf 69' lang='lat' dir='ltr'><strong>cupreum</strong></span> <span class='ocrx_word' id='word_1_206' title='bbox 1253 2642 1334 2685; x_wconf 70' lang='lat' dir='ltr'><strong>eat,</strong></span> <span class='ocrx_word' id='word_1_207' title='bbox 1368 2639 1474 2679; x_wconf 68' lang='lat' dir='ltr'><strong>siem</strong></span> <span class='ocrx_word' id='word_1_208' title='bbox 1497 2638 1800 2688; x_wconf 63' lang='lat' dir='ltr'><strong>effector-,arti-</strong></span> 
     </span>
     <span class='ocr_line' id='line_1_32' title="bbox 179 2691 1802 2741; baseline 0.002 -11"><span class='ocrx_word' id='word_1_209' title='bbox 179 2691 502 2740; x_wconf 69' lang='lat' dir='ltr'><strong>ficiosissimun,</strong></span> <span class='ocrx_word' id='word_1_210' title='bbox 530 2692 577 2730; x_wconf 73' lang='lat' dir='ltr'><strong>id</strong></span> <span class='ocrx_word' id='word_1_211' title='bbox 603 2692 715 2741; x_wconf 71' lang='lat' dir='ltr'><strong>quoa</strong></span> <span class='ocrx_word' id='word_1_212' title='bbox 738 2692 1074 2741; x_wconf 72' lang='lat' dir='ltr'><strong>impedimentum</strong></span> <span class='ocrx_word' id='word_1_213' title='bbox 1098 2694 1159 2733; x_wconf 72' lang='lat' dir='ltr'><strong>m</strong></span> <span class='ocrx_word' id='word_1_214' title='bbox 1183 2691 1242 2733; x_wconf 74' lang='lat' dir='ltr'><strong>aa</strong></span> <span class='ocrx_word' id='word_1_215' title='bbox 1259 2693 1624 2741; x_wconf 68' lang='lat' dir='ltr'><strong>perseverandum,</strong></span> <span class='ocrx_word' id='word_1_216' title='bbox 1653 2693 1802 2741; x_wconf 64' lang='lat' dir='ltr'><strong>evolat,</strong></span> 
     </span>
    </p>
   </div>
   <div class='ocr_carea' id='block_1_8' title="bbox 102 2740 721 2809">
    <p class='ocr_par' dir='ltr' id='par_1_8' title="bbox 102 2740 721 2809">
     <span class='ocr_line' id='line_1_33' title="bbox 102 2740 721 2809; baseline 0 -28"><span class='ocrx_word' id='word_1_217' title='bbox 102 2803 115 2809; x_wconf 36' lang='lat'><em>—</em></span> <span class='ocrx_word' id='word_1_218' title='bbox 188 2742 405 2794; x_wconf 61' lang='lat' dir='ltr'><strong>,efficacem</strong></span> <span class='ocrx_word' id='word_1_219' title='bbox 433 2745 506 2781; x_wconf 78' lang='lat' dir='ltr'><strong>etc.</strong></span> <span class='ocrx_word' id='word_1_220' title='bbox 558 2740 721 2781; x_wconf 82' lang='lat' dir='ltr'><strong>Auch.</strong></span> 
     </span>
    </p>
   </div>
  </div>
 </body>
</html>
