2125 3084
199 607 937 732 QUAESTIONES
972 601 1098 685 ET
1133 607 1806 724 SOLUTIONES

640 777 1366 886 iNExonuu

804 961 841 1014 s
859 941 969 1014 E'R
986 963 1042 1014 M
1063 961 1108 1014 o
1161 964 1205 1012 1.

1566 1039 1652 1106 [ιι
1676 1039 1802 1106 444.]

241 1121 477 1188 „Mensis
510 1119 585 1172 hic
616 1121 750 1172 vobis
775 1121 1066 1187 principium
1099 1123 1346 1176 mensium.-
1389 1125 1678 1196 primus-est
1710 1127 1760 1178 in

652 1189 882 1240 mensibus
917 1190 1094 1240 anni‘fi
1133 1195 1240 1254 (12,
1272 1192 1350 1257 2.)

283 1295 294 1303 “
324 1307 371 1357 4.
411 1285 479 1360 Α
497 1306 705 1362 vernali
728 1307 1078 1378 aequinoctio
1098 1307 1514 1366 circulationem
1525 1312 1802 1366 mensium

194 1389 355 1435 ratur
376 1381 763 1437 convenienter
782 1382 1165 1446 calculandam
1185 1382 1322 1438 fore.
1387 1385 1594 1442 Primus
1619 1396 1799 1454 autem

196 1465 255 1512 et
286 1462 605 1527 prinmpium
638 1457 949 1514 seeundum
984 1458 1396 1532 homonymiam
1435 1460 1646 1520 dietum
1695 1473 1796 1527 est,

196 1549 389 1602 eorum
410 1549 441 1587 a
456 1549 520 1587 se
538 1533 794 1588 invicem·
805 1533 1238 1606 designatorum.
1285 1534 1554 1602 Quoniam
1571 1545 1802 1606 primum

196 1606 405 1662 dicitur
444 1617 563 1663 tum
602 1609 664 1672 in
703 1609 923 1673 ordine,
974 1618 1092 1665 tum
1131 1609 1190 1664 in
1229 1611 1460 1680 virtut03
1541 1615 1802 1670 similiter

192 1691 251 1738 et
284 1687 606 1751 principium
642 1683 864 1740 videtur
905 1684 1077 1750 illud,
1136 1684 1288 1756 quod
1336 1686 1394 1740 in
1443 1689 1658 1742 vernali
1709 1705 1802 1743 ae-

191 1758 481 1828 quinoctio
508 1765 727 1829 tempus
754 1767 867 1815 tam
892 1760 1089 1816 ordine
1103 1800 1117 1824 ‚
1162 1777 1330 1830 quam
1349 1761 1553 1816 virtute
1573 1779 1802 1833 progre-

193 1832 388 1894 diens,
430 1832 893 1904 quemadmodum
919 1836 979 1890 in
1008 1833 1236 1890 animali
1255 1841 1440 1904 caput.
1519 1835 1632 1890 Hoc
1651 1837 1799 1890 enim

190 1921 398 1962 nomen
440 1907 607 1962 etiam
638 1911 961 1980 peritissimi
1000 1909 1364 1966 astronomiae
1401 1905 1603 1963 indunt
1639 1926 1802 1980 prae-

193 1981 422 2038 laudato
461 1985 716 2054 tempori.
791 1987 931 2041 Nam
970 1991 1136 2056 caput
1165 1982 1386 2038 Zodiaci
1415 1991 1614 2038 vocant
1639 1983 1800 2039 Arie-

192 2067 305 2112 tem
321 2099 334 2122 ,
359 2057 421 2112 in
446 2067 559 2129 quo
578 2059 735 2114 visus
757 2060 850 2116 Sol
872 2068 1099 2134 generat
1118 2057 1341 2114 vernale
1364 2058 1795 2129 aequinoctium.

188 2134 427 2204 Insuper
472 2141 529 2189 et
576 2135 707 2193 anni
758 2133 833 2209 [*]
882 2145 1194 2208 temporum
1241 2134 1590 2194 nascentium
1639 2151 1800 2190 exor-

192 2208 351 2264 dium
392 2225 513 2264 esse
552 2209 690 2266 huic⁴
725 2211 977 2282 contigit.
1054 2207 1352 2282 Quando*)
1389 2225 1520 2282 ergo
1556 2215 1800 2267 satorum

190 2283 407 2339 fructus
441 2283 801 2356 perficiantur
831 2287 902 2342 ab
936 2283 1227 2342 arboribus
1242 2325 1256 2350 ‚
1297 2291 1431 2342 tunc
1457 2284 1799 2356 principium

190 2360 565 2433 generationis
596 2361 881 2432 accipiunt
894 2401 915 2426 ,.
948 2369 1011 2416 ut
1037 2361 1434 2433 prolongentur
1463 2359 1556 2416 dei
1589 2360 1798 2433 gratiae

187 2443 457 2506 perpetuo
492 2435 621 2491 aliis
650 2445 775 2507 post
804 2436 913 2493 alia
940 2453 1001 2490 se
1028 2437 1274 2492 invicem
1303 2435 1715 2507 excipientibus
1746 2445 1800 2491 et

186 2509 523 2565 adhaerente
552 2509 661 2566 fine
692 2511 871 2566 initiis
900 2511 1172 2584 initioque
1200 2509 1428 2566 finibus·
1505 2511 1711 2568 Verum
1739 2512 1797 2566 in

185 2587 369 2657 prima
417 2585 781 2656 productione
824 2587 1101 2652 omnium,
1162 2589 1220 2641 in
1268 2603 1379 2656 qua
1423 2595 1478 2641 et
1525 2586 1798 2654 mundum

295 2762 341 2810 ⁸²)
379 2761 448 2804 Cf.
477 2771 609 2812 supra
631 2761 731 2800 Vol.
758 2760 834 2800 VI.
860 2771 903 2809 p.
929 2761 1005 2800 245
1016 2769 1055 2800 s.
