2125 3084
606 528 705 593 AD
738 528 1338 596 PRAEFATIONEM

411 661 665 713 remo
704 661 931 756 ‘rouo
974 663 1518 717 PRAnmssAu.

275 905 435 967 Fieri
470 930 581 967 non
609 919 818 983 poterat
832 953 844 975 ‚
885 912 1049 986 quin,
1092 930 1266 985 quum
1291 916 1556 987 praefatio
1582 920 1763 993 primo

158 1008 337 1061 Tomo
374 1004 677 1075 praemissa
707 1004 817 1057 iam
847 1020 973 1057 cum
1002 1005 1168 1058 trium
1197 1007 1444 1077 priorum
1471 1010 1763 1066 Tomorum

160 1097 469 1150 emissione
496 1094 697 1165 scripta
716 1094 791 1148 sit
805 1136 817 1157 ‚
859 1092 949 1148 his
970 1094 1059 1148 vel
1081 1095 1196 1149 illis
1216 1096 1604 1155 additamentis
1620 1119 1759 1173 opus

164 1193 335 1240 esset.
413 1182 499 1237 Ad
525 1184 773 1239 Philonis
792 1184 1023 1255 quidem
1042 1186 1246 1257 scripta
1270 1204 1300 1240 a
1319 1188 1584 1264 Mangeyo
1604 1200 1763 1265 grae·-

160 1295 225 1331 ce
254 1284 445 1348 utpote
474 1276 535 1330 in
573 1274 767 1348 lingua
804 1276 1041 1330 auctoris
1078 1278 1301 1349 propria
1339 1278 1485 1334 edita
1525 1282 1620 1336 vix
1652 1281 1762 1337 ali-

161 1368 329 1440 quid,
368 1366 523 1439 quod
550 1366 853 1440 singularis
879 1370 1140 1423 momenti
1160 1372 1258 1433 sit,
1298 1369 1614 1426 addendum
1635 1373 1757 1439 erit,

162 1477 337 1532 quum
359 1460 499 1514 ratio
526 1458 787 1513 editionis
806 1466 1021 1515 nostrae
1040 1461 1203 1515 etiam
1235 1461 1292 1515 in
1313 1463 1496 1517 Tomis
1518 1481 1548 1517 a
1568 1474 1761 1538 quarto

162 1552 396 1627 reliquis
433 1567 661 1623 prorsus
701 1549 893 1605 eadem
928 1552 1209 1607 manserit.
1303 1554 1426 1608 Nisi
1475 1553 1613 1609 forte
1657 1554 1761 1610 hoc

165 1641 579 1697 commemorari
608 1641 798 1707 liceat,
842 1642 912 1697 ad
938 1644 1333 1717 Fragmenta
1369 1662 1439 1700 ex
1467 1645 1760 1709 Eusebio

166 1745 219 1789 et
246 1736 490 1788 Ioanne
518 1734 923 1789 Damasceno
948 1744 1368 1814 sumta-praeter
1387 1738 1641 1811 Mangeyi
1664 1754 1762 1793 vo-

167 1825 375 1880 lumina
399 1826 565 1880 etiam
583 1826 837 1899 proprias
858 1824 1055 1881 horum
1076 1836 1294 1899 patrum
1315 1827 1583 1882 editiones
1598 1868 1612 1890 ,
1644 1828 1761 1881 illi—

165 1934 231 1971 us
252 1918 319 1971 ab
338 1916 635 1972 Heinichio
649 1958 663 1981 ,
703 1915 874 1971 huius
895 1934 927 1971 a
946 1918 1022 1971 Le
1041 1916 1219 1984 Quien
1237 1924 1451 1971 curatas
1465 1958 1478 1981 ,
1513 1933 1619 1971 non
1641 1918 1762 1973 sine

168 2008 347 2062 fructu
376 2026 408 2062 a
435 2008 601 2063 nobis
634 2007 913 2063 consultas
948 2025 1089 2065 esse.
1170 2007 1403 2081 Singula
1438 2017 1647 2073 contra,
1699 2017 1760 2064 ut

168 2099 553 2155 Pronominum
571 2099 765 2163 αὑτοῦ,
798 2098 965 2173 αὖτῷ,
1004 2099 1166 2157 αὑτόν
1184 2100 1385 2155 formas
1400 2140 1414 2165 ‚
1445 2100 1611 2155 hodie
1630 2100 1759 2172 plu-

169 2193 362 2247 rimum
410 2191 481 2246 ab
497 2196 503 2201 ’
519 2190 828 2246 editoribus
865 2190 1131 2246 librorum
1177 2209 1496 2265 graecorum
1536 2191 1760 2246 oblitte-

168 2294 303 2338 ratas
318 2325 333 2349 ,
355 2302 384 2337 a
404 2283 568 2339 nobis
588 2291 775 2337 autem
794 2290 1028 2338 retentas
1043 2325 1057 2348 ,
1088 2300 1250 2355 porro
1268 2284 1454 2339 hiatus
1473 2291 1526 2338 et
1545 2299 1758 2337 craseos

168 2390 324 2429 usum
350 2392 459 2430 non
486 2376 623 2429 satis
652 2382 1014 2438 constantem,
1058 2376 1334 2445 copiosius
1355 2382 1448 2428 aut
1465 2372 1759 2429 defendere

170 2474 258 2521 aut
284 2467 448 2521 etiam
475 2482 775 2531 excusare,
816 2482 990 2536 quum
1020 2484 1108 2521 res
1138 2467 1374 2520 leviores
1393 2466 1532 2528 sint,
1579 2478 1759 2532 neque

171 2565 318 2611 antea
355 2574 539 2629 neque
574 2568 727 2612 nunc
761 2558 820 2611 in
860 2558 1041 2611 animo
1080 2574 1200 2611 esse
1236 2561 1466 2626 poterat.
1544 2550 1654 2605 Sed
1691 2551 1760 2605 de

169 2648 407 2703 Philonis
427 2650 656 2722 scriptis
686 2650 907 2704 nonnisi
935 2650 994 2703 in
1024 2647 1216 2719 lingua
1243 2642 1500 2698 Armenia
1531 2641 1762 2696 servatis

172 2748 220 2795 et
235 2756 302 2797 ex
321 2758 386 2797 ea
408 2740 477 2796 ab
498 2741 809 2798 Auchero
830 2741 890 2795 in
911 2740 1164 2795 Latinam
1183 2732 1488 2795 translatiS,
1529 2731 1598 2785 de
1626 2730 1772 2785 scri-
