2125 3084
198 206 277 272 sn,
301 204 426 270 232]
550 209 632 255 IN
670 209 1025 256 GENESIN.
1065 211 1320 257 SERMo
1357 212 1444 258 111.
1733 207 1803 261 57

199 312 383 367 Tertio
418 316 607 381 partes
652 310 953 365 centenarii
998 308 1294 365 universae
1339 321 1468 368 aunt
1515 313 1797 371 honestae.

195 386 403 453 Quarto
432 391 649 440 constat
674 401 746 440 ex
773 385 999 457 triginta
1026 400 1130 439 sex
1155 391 1212 438 et
1238 388 1522 459 sexaginta
1541 397 1794 461 quatuor,

195 461 347 533 quod
368 467 457 515 est
474 459 655 515 cubus
675 467 729 514 et
752 458 921 515 simul
949 458 1312 531 triangulum.
1389 460 1590 527 Quinto
1617 464 1800 521 ooale-

194 537 302 591 soit
318 552 397 591 ex
412 534 657 607 singulis
676 534 801 589 istis
820 533 1135 607 imparibus
1159 534 1202 587 1.
1233 535 1306 588 111
1314 574 1326 587 .
1354 534 1421 591 V.
1441 535 1555 591 VII.
1575 538 1673 593 IX.
1696 540 1794 595 XI.

194 612 341 667 xm.
374 610 499 666 XV.
530 609 699 665 xvn.
730 610 891 673 XIX,
926 625 1073 680 quae
1092 607 1303 664 faciunt
1323 608 1385 665 C.
1464 609 1632 665 Sexto
1649 629 1799 667 oom-

192 686 424 758 ponitur
444 700 517 739 ex
538 692 773 755 quatuor
800 684 925 739 istis
939 724 951 747 ,
996 699 1112 739 uno
1138 691 1194 737 et
1223 681 1506 755 duplicato
1519 724 1532 748 ‚
1579 692 1634 740 et
1659 702 1800 757 qua-

193 768 319 815 tuor
340 767 398 815 et
417 758 727 830 duplicato,
758 766 822 813 ut
836 759 881 812 1.
901 758 971 812 11.
991 758 1086 814 IV.
1108 756 1226 813 VIII
1239 798 1254 821 ,
1281 775 1426 829 quae
1446 758 1658 815 faciunt
1675 760 1796 825 XV,

194 842 249 890 et
278 851 353 889 ex
380 840 617 904 quatuor
646 833 769 887 istis
794 832 1182 905 multiplicatis
1217 833 1262 887 1.
1300 834 1392 890 IV.
1428 834 1573 891 XVI.
1605 836 1794 899 LXIV,

194 925 343 981 quae
382 907 597 964 faciunt
630 907 911 964 LXXXV:
1007 907 1162 980 atqui
1199 905 1478 980 duplicata
1513 910 1654 967 ratio
1696 926 1798 982 per

194 983 387 1039 omnia
414 989 524 1046 est,
566 983 851 1037 continens
880 982 1035 1037 illam
1048 1024 1063 1047 ‚
1105 998 1246 1054 quae
1271 991 1354 1039 est
1371 1000 1470 1055 per
1487 992 1722 1057 quatuor
1742 993 1797 1042 et

194 1074 300 1129 per
318 1057 567 1127 quinque
580 1098 593 1115 ,
626 1065 821 1127 quater
840 1064 1021 1113 autem
1038 1057 1128 1112 bis
1148 1074 1248 1127 per
1265 1060 1469 1114 omnia.
1549 1059 1796 1130 Septimo

196 1132 1798 1278 f⁰¹1¹1²p⁰11¹÷³32“zuqa‘aez’i'uffigss'ffiffa33225353322033

172 1281 298 1346 dis,
333 1281 377 1335 1.
408 1281 499 1335 ΠΙ.
532 1281 621 1337 VI.
653 1282 733 1346 X,
771 1298 915 1351 quae
944 1289 1214 1353 peragunt
1233 1281 1368 1345 XX,
1401 1289 1456 1337 et
1475 1299 1545 1340 ex
1561 1291 1798 1355 quatuor

195 1354 629 1429 quadrangulis,
670 1356 715 1410 1.
744 1356 836 1413 IV.
867 1357 965 1413 IX.
996 1356 1148 1419 XVI,
1191 1370 1333 1426 quae
1361 1355 1572 1412 faciunt
1608 1358 1790 1420 XXX,

196 1440 251 1486 et
268 1448 343 1486 ex
361 1439 599 1501 quatuor
616 1430 1086 1503 quinquanguliS‚
1115 1431 1161 1485 1.
1188 1431 1256 1486 V.
1286 1432 1407 1486 XII.
1439 1432 1620 1497 XXII,
1651 1450 1796 1503 quae

196 1506 335 1560 fiunt
365 1506 491 1560 XL:
555 1505 723 1560 simul
754 1506 937 1560 omnia
967 1504 1028 1560 C.
1104 1503 1308 1560 Octavo
1334 1523 1406 1561 ex
1423 1516 1656 1578 quatuor
1675 1508 1795 1563 sin-

195 1581 436 1654 gillatim
458 1579 530 1634 ab
546 1579 757 1634 unitate
778 1580 938 1634 cubis
962 1578 1246 1652 perficitur
1271 1584 1642 1648 centenarius;
1695 1581 1796 1637 da-

194 1657 267 1711 tis
306 1655 463 1710 enim
494 1655 539 1708 1.
579 1654 650 1709 11.
687 1654 777 1709 ΠΙ.
816 1655 909 1711 IV.
938 1655 1172 1709 istorum
1196 1654 1327 1709 cubi
1364 1657 1408 1709 Ι.
1446 1656 1585 1713 VIII.
1616 1656 1792 1711 XXII.

194 1730 393 1795 LXIV,
438 1727 805 1784 conficiuntur
839 1728 901 1784 C.
976 1730 1132 1783 Nono
1167 1727 1439 1784 dividitur
1466 1730 1526 1784 in
1556 1730 1796 1801 quadra-

194 1807 350 1879 ginta
367 1812 423 1861 et
441 1803 731 1876 sexaginta
744 1844 757 1867 ,
780 1818 1016 1875 quorum
1033 1810 1332 1872 utrumque
1351 1804 1532 1875 magis
1551 1804 1798 1858 naturale

196 1888 298 1935 est.
376 1878 448 1935 Et
474 1876 787 1935 secundum
803 1878 1048 1950 primum
1068 1875 1320 1932 ordinem
1342 1874 1682 1931 decimorum
1702 1894 1798 1931 us-

193 1970 306 2025 que
336 1952 406 2010 ad
435 1951 747 2027 myriadem
780 1953 839 2009 in
877 1949 1302 2024 quinquangula
1340 1948 1514 2021 figura
1552 1949 1795 2007 medium

194 2036 618 2093 tenementum,
650 2044 702 2083 e.
733 2044 790 2101 g.
819 2028 863 2083 1.
890 2028 965 2083 X.
998 2024 1061 2085 C.
1091 2026 1168 2083 M.
1200 2032 1254 2081 et
1283 2022 1501 2083 CCIOO:
1552 2024 1652 2083 uhi
1679 2043 1798 2083 me-

196 2102 327 2159 dius
348 2111 431 2159 est
450 2103 801 2158 centenarius
820 2103 963 2158 inter
981 2116 1160 2159 unum
1173 2140 1188 2165 ,
1221 2096 1294 2177 [³¹⁵]
1320 2099 1596 2159 decimum
1609 2142 1624 2169 ,
1667 2119 1796 2159 cen-

194 2178 458 2235 tesimum
473 2218 487 2243 ‚
518 2177 883 2234 millesimum
903 2184 956 2234 et
974 2174 1300 2251 myriadem.

309 2283 519 2343 Verum
564 2288 781 2353 oportet
814 2288 871 2337 et
906 2281 977 2337 de
1004 2282 1374 2354 nonagenario
1402 2296 1631 2337 numero
1656 2298 1798 2351 quo-

198 2356 269 2413 ad
288 2366 447 2413 notas
466 2356 729 2413 visibiles
749 2355 899 2412 haud
918 2357 1142 2413 silentio
1160 2354 1490 2429 transgredi.
1567 2356 1638 2411 Ut
1657 2354 1798 2411 mihi

198 2431 448 2509 videtur,
511 2432 920 2503 nonagenarius
960 2430 1238 2487 secundas
1283 2437 1433 2487 tenet
1477 2427 1795 2489 centenarii,

198 2515 473 2578 quatenus
492 2504 740 2563 aufertur
758 2524 888 2577 pars
906 2506 1029 2563 eius
1046 2504 1265 2562 decima
1278 2544 1292 2567 ,
1333 2502 1396 2559 id
1416 2509 1500 2556 est
1519 2501 1798 2563 denarius,

198 2583 465 2653 quoniam
482 2582 545 2637 in
566 2582 693 2653 Iege
708 2581 875 2637 video
892 2580 1031 2637 duas
1052 2580 1298 2635 decimas
1318 2575 1690 2647 primitiarum
1716 2572 1805 2627 di·-

198 2657 459 2713 stinctae:
530 2672 703 2711 unam
738 2657 935 2719 totius,
992 2654 1222 2709 alteram
1258 2647 1492 2705 residui.
1576 2645 1806 2712 Quando

202 2732 355 2787 enim
380 2730 600 2787 tollitur
628 2748 700 2787 ex
726 2730 987 2804 frugibus
1013 2725 1188 2784 tritici
1213 2723 1306 2779 vel
1330 2721 1450 2778 vini
1471 2721 1560 2777 vel
1579 2720 1690 2775 olei
1708 2719 1807 2773 de-
