2125 3084
330 173 437 228 282
574 176 771 222 run..
808 175 957 224 mn.
996 175 1322 234 QuAns‘r.
1361 177 1462 223 ET
1499 178 1665 227 sol..
1707 167 1972 244 [ustae]

388 357 919 424 autam‚,Eter÷t,
966 329 1886 428 mammatae-‘idam

768 425 893 476 iuius
926 426 986 476 de
1019 425 1140 476 collo
1173 431 1332 478 Μ”θ
1375 429 1498 494 (ib.)

442 545 564 602 237.
600 545 747 600 Haec
760 585 773 609 ‚
800 545 877 599 ait
889 586 902 609 ‚
925 545 1070 600 bona
1085 587 1098 610 ‚
1119 561 1287 616 quam
1305 553 1368 600 tu
1385 554 1547 616 putas
1566 546 1770 603 malam
1788 565 1948 613 esse,

330 620 571 675 servitus
586 660 599 684 ,
624 636 734 675 non
754 618 955 674 frustra
972 637 1073 692 per
1091 619 1348 674 accidens
1368 620 1660 695 obvenit*)
1681 622 1804 687 tibi,
1835 624 1952 678 sed

330 693 553 766 quando
576 694 877 749 elationem
917 695 1251 765 inanemque
1293 692 1498 748 fastum
1537 693 1769 750 abiicias
1784 738 1797 761 ‚
1839 715 1954 752 su-

329 769 523 841 perbia
552 775 758 823 mutata
787 777 841 823 et
867 769 1090 839 quando
1119 768 1375 823 desolvas
1401 769 1595 842 iugum
1615 771 1889 826 vitiorum
1911 791 1950 828 a

330 852 403 899 te.
483 843 755 910 Quoniam
774 843 1089 914 usquedum
1109 843 1200 898 his
1217 843 1440 916 iugatus
1458 861 1518 897 es
1533 885 1546 908 ,
1589 861 1655 899 eo
1672 845 1824 915 quod
1847 849 1948 901 ni-

328 920 441 974 mia
462 919 697 982 elatione
717 918 975 990 superbis
988 960 1001 983 ‚
1023 920 1125 973 vix
1144 917 1379 991 dignum
1389 917 1479 992 **)
1497 927 1552 974 te
1571 917 1740 975 faciat
1755 922 1968 982 servi--

328 1003 443 1049 tute
472 1011 572 1049 sua
598 994 847 1065 sapiens:
916 1011 1026 1049 non
1055 1002 1118 1049 ut
1145 992 1288 1048 liber
1315 991 1436 1048 fias.
1515 993 1622 1048 Ubi
1651 995 1803 1049 enim
1831 996 1942 1051 erit

327 1069 432 1124 tibi
448 1111 460 1135 ‚
484 1070 606 1124 sine
630 1085 695 1123 eo
713 1069 761 1122 si
783 1067 1034 1124 ambules
1049 1110 1062 1134 ,
1087 1077 1150 1123 ut
1169 1068 1407 1141 attingas
1428 1066 1776 1124 libertatem?
1823 1069 1938 1126 Sed

326 1146 512 1215 potius
540 1143 742 1198 multos
777 1140 851 1218 [³⁸]
881 1160 981 1215 pro
1009 1160 1121 1198 uno
1148 1143 1401 1198 dominos
1437 1142 1803 1217 dominasque
1843 1163 1942 1200 ao-

328 1221 518 1290 quiras
537 1221 595 1273 in
615 1227 669 1273 te
688 1219 999 1273 reconditos
1014 1260 1027 1283 ‚
1062 1220 1161 1292 qui
1184 1219 1424 1274 animam
1443 1226 1596 1274 tuam
1614 1219 1939 1276 immediate

328 1311 392 1347 ao
408 1295 531 1348 sine
550 1310 772 1348 recessu
792 1292 1117 1364 deperdant.

429 1465 473 1514 ⁸¹)
502 1464 638 1505 Codd.
664 1463 760 1504 130:
806 1466 1029 1513 advenmf
1077 1467 1230 1507 melius
1255 1467 1320 1507 D=
1363 1467 1544 1508 advenit.
1607 1466 1771 1509 Aueh.

430 1530 500 1580 ⁸¹¹)
534 1531 616 1572 Hs.
651 1531 711 1571 Bx
758 1531 999 1580 ἑηαὶσηωπς
1052 1532 1111 1574 C:
1147 1534 1284 1583 idem,
1317 1534 1395 1576 uod
1427 1534 1562 1576 verbo
1593 1535 1738 1576 minus
1773 1537 1937 1578 usitato

328 1593 455 1630 usnsz
502 1586 547 1623 at
571 1582 633 1622 D:
679 1592 762 1622 mm
790 1584 974 1632 dionunt.
1024 1583 1188 1624 Aueh.

350 1915 361 1920 “
442 1903 573 1962 Quid
604 1914 673 1956 est
709 1903 871 1970 „Erit
904 1921 1019 1970 erqo
1057 1921 1160 1954 cum
1193 1904 1488 1971 deposueris,
1545 1915 1589 1957 et
1625 1907 1818 1958 exolvat

736 1973 895 2037 iuqum
932 1983 1057 2022 tuum
1094 1971 1154 2022 de
1191 1973 1310 2024 collo
1349 1976 1514 2024 tuo“?

432 2102 552 2162 237.
593 2105 705 2159 Hoc
734 2104 919 2175 inquit
946 2104 1181 2170 bonum,
1225 2105 1376 2176 quod
1395 2113 1456 2160 tu
1475 2107 1782 2178 suspicaris
1807 2125 1928 2164 esse

323 2179 531 2234 malum
562 2179 881 2242 servitium,
924 2196 1033 2233 non
1063 2180 1316 2252 quolibet
1335 2197 1466 2236 casu
1489 2182 1782 2237 advocavit
1795 2183 1922 2247 tihi,

322 2253 421 2310 sed
442 2271 570 2309 cum
590 2252 951 2325 petulantiam
972 2261 1026 2307 et
1040 2262 1314 2309 tumorem
1333 2271 1509 2310 vanae
1525 2256 1736 2328 gloriae
1755 2257 1928 2330 depo-

322 2330 502 2384 sueris
524 2337 577 2384 et
598 2345 724 2382 cum
745 2325 1021 2381 dissolvas
1041 2329 1239 2400 iugum
1249 2331 1513 2385 vitiorum
1525 2331 1594 2384 de
1611 2333 1920 2404 temetipso.

320 2402 619 2474 Quousque
640 2403 790 2457 enim
808 2402 891 2455 sic
910 2405 1201 2472 occuparis
1222 2403 1386 2459 valde
1405 2405 1476 2459 de
1485 2405 1822 2471 extollendo,
1835 2409 1925 2461 in·-

322 2476 557 2548 dignum
585 2486 641 2532 te
669 2493 803 2531 suae
830 2475 1116 2530 servitutis
1144 2478 1400 2548 probabit
1418 2479 1690 2551 prudens:
1735 2498 1844 2536 non
1863 2491 1926 2536 ut

320 2549 627 2604 relaxatum
648 2553 707 2604 in
733 2551 1059 2614 libertatem,
1083 2551 1182 2604 sed
1203 2561 1266 2607 ut
1283 2553 1554 2623 plurimos
1572 2551 1672 2625 pro
1693 2572 1806 2611 uno
1825 2555 1926 2612 do-

321 2622 501 2675 minos
520 2623 725 2678 habeas
739 2664 752 2688 ‚
780 2623 926 2678 infra
944 2632 999 2678 te
1018 2634 1366 2696 penetrante,
1389 2630 1489 2700 qui
1510 2637 1662 2684 tuam
1677 2631 1926 2686 animam

319 2693 657 2750 incessanter
682 2705 1002 2769 exposcant.-
