2125 3084
329 169 394 222 42
568 172 769 217 1²1111..
807 167 956 214 mn.
998 168 1322 226 quaes-r.
1362 167 1461 212 ET
1509 169 1665 213 sor..
1696 161 1923 231 [11,214.]

327 289 484 328 suam
505 273 564 325 in
585 270 794 326 mundo
812 267 1229 341 pervigilanter‚
1254 276 1417 338 atque
1438 267 1649 324 lumine
1670 269 1925 325 umbram

327 347 606 402 nesciente
645 361 708 400 ac
744 345 886 399 lucis
926 343 1173 414 speciem
1210 341 1549 414 praeferente
1578 343 1925 400 circumduci

327 431 388 477 ut
417 420 650 475 fulmine
681 426 998 474 coruscante
1013 459 1026 482 ‚
1071 417 1337 489 magistro
1364 435 1429 472 ac
1454 417 1597 472 duce
1626 436 1791 472 usum
1820 419 1927 475 deo

329 496 396 551 ad
427 495 974 567 comprehensionem
1013 493 1279 547 scientiae
1308 495 1518 548 entium
1533 534 1546 557 ‚
1586 493 1657 548 ad
1687 493 1927 550 redden·-

326 571 536 642 dasque
562 570 819 626 rationes.
1449 586 1479 618 x

434 658 780 732 Disyllabum
800 657 974 730 igitur
993 673 1193 711 nomen
1213 653 1407 711 Abram
1422 656 1811 727 interpretatur
1823 673 1929 724 pa-

327 745 405 788 ter
444 737 726 797 excellens,
773 732 846 787 ob
884 730 1145 785 sublimis
1184 730 1412 785 rationis
1440 729 1841 803 (astronomiae)
1870 741 1929 786 et

325 809 743 863 mathematicae
782 805 1277 872 nomenclaturam3
1344 804 1698 877 trisyllabum
1740 814 1923 862 autem

325 887 588 937 Abraham
615 883 949 953 interpratur
977 890 1133 949 pater
1164 883 1355 934 electae
1386 883 1563 943 ochus,
1596 876 1669 955 [³¹⁶]
1694 880 1805 934 viri
1832 897 1929 934 sa-

225 1014 246 1022 «
325 957 532 1028 pientis
553 956 982 1011 nomenclatura.
1024 955 1165 1008 Nam
1185 953 1321 1009 echo
1342 954 1401 1008 in
1426 953 1589 1008 nobis
1609 952 1749 1025 quid
1768 954 1924 1010 aliud

326 1039 437 1094 est,
489 1032 600 1086 nisi
629 1032 844 1086 sonitus
871 1029 1032 1084 verbi
1059 1028 1287 1100 prolati,
1336 1043 1437 1099 pro
1472 1044 1584 1099 quo
1622 1037 1677 1084 et
1714 1028 1927 1084 instru—

325 1113 571 1160 mentum
612 1123 641 1160 a
683 1114 874 1160 natura
913 1110 1289 1158 constructum
1327 1118 1427 1173 per
1463 1103 1653 1158 tubam
1683 1105 1925 1175 gutturis

325 1198 565 1235 crassam
594 1180 826 1244 dictam,
869 1195 979 1234 una
1009 1193 1137 1232 cum
1168 1193 1263 1231 ore
1282 1185 1337 1230 et
1357 1177 1568 1250 lingua.
1644 1179 1803 1232 Pater
1822 1195 1925 1232 au-

323 1263 435 1310 tem
474 1256 602 1310 talis
639 1257 759 1310 soni
801 1263 885 1308 est
923 1251 1237 1306 intellectus
1266 1260 1475 1316 noster,
1526 1260 1581 1308 et
1607 1252 1923 1308 intellectus

325 1329 532 1383 electus
553 1329 757 1383 virtute
777 1326 1061 1399 praeditus
1084 1334 1185 1380 est.
1262 1324 1420 1392 Quod
1440 1335 1623 1382 autem
1642 1328 1918 1399 proprius,

327 1403 616 1458 familiaris
654 1419 719 1457 ac
747 1401 1013 1457 naturalis
1043 1409 1199 1472 pater
1226 1400 1385 1456 verbi
1412 1402 1612 1473 prolati
1641 1419 1795 1457 mens
1826 1404 1918 1466 sit,

323 1485 500 1548 patet,
543 1477 675 1548 quia
703 1477 846 1549 patri
871 1477 1161 1548 proprium
1178 1485 1263 1530 est
1282 1477 1543 1549 genuisse
1564 1485 1618 1533 et
1636 1478 1869 1533 verbum
1891 1495 1921 1532 a

324 1560 506 1607 mente
525 1553 790 1607 nascitur.
841 1551 944 1607 Pro
964 1551 1175 1606 indicio
1195 1552 1300 1606 erit
1319 1561 1483 1618 certe,
1507 1551 1676 1623 quod,
1700 1552 1923 1624 quando

323 1635 574 1682 movetur
595 1644 626 1682 a
647 1626 896 1682 consiliis
911 1668 924 1690 ‚
966 1635 1150 1691 sonat,
1184 1627 1309 1688 istis
1331 1634 1513 1682 autem
1534 1626 1922 1683 deficientibus

325 1710 522 1757 cessat.
601 1703 790 1758 Testes
817 1710 947 1758 sunt
975 1702 1223 1758 rhetores
1250 1710 1305 1757 et
1328 1701 1648 1773 philosophi
1668 1701 1923 1758 habitum

324 1777 758 1834 demonstrantes
777 1795 877 1850 per
895 1778 1131 1834 obiecta.
1208 1778 1271 1832 In
1300 1784 1565 1847 quantum
1594 1777 1746 1831 enim
1764 1794 1923 1832 mens

325 1852 468 1908 foras
497 1853 612 1909 edit
641 1854 823 1928 capita
851 1855 1215 1930 singulosque
1247 1860 1539 1924 apparatus
1568 1851 1628 1906 in
1648 1869 1708 1908 se
1728 1868 1923 1906 recon-

323 1928 467 1982 ditos
487 1930 744 1999 producit
763 1929 832 1984 ad
851 1931 1079 1986 modum
1104 1928 1391 2001 geniturae
1404 1967 1417 1986 .
1458 1935 1591 1982 tunc
1616 1935 1669 1984 et
1686 1927 1919 1982 verbum

322 2001 500 2056 fluens
531 2002 697 2057 fontis
727 2005 900 2056 instar
929 2004 1102 2058 fertur
1127 2004 1187 2056 in
1216 2019 1376 2057 aures
1404 2001 1739 2058 adstantium
1768 2001 1925 2058 velut

323 2077 382 2129 in
393 2076 765 2145 receptacula;
798 2076 1020 2145 quando
1037 2093 1169 2131 vero
1184 2075 1442 2131 deficiant
1462 2075 1619 2149 (illa),
1644 2087 1699 2133 et
1716 2076 1922 2150 (ipsum

323 2146 564 2220 quoque)
587 2147 728 2202 ultra
751 2165 860 2203 non
879 2151 1054 2219 possit
1074 2168 1195 2206 sese
1216 2150 1379 2206 edere
1393 2191 1406 2215 ‚
1450 2149 1690 2222 quiescit
1716 2161 1922 2206 cessat-

323 2240 432 2294 que
451 2222 616 2279 etiam
637 2222 850 2276 sonitus
875 2230 933 2277 ut
952 2241 982 2277 a
1001 2225 1157 2278 nullo
1177 2241 1496 2296 percussu&

435 2315 594 2368 Nunc
623 2326 754 2386 ergo
780 2329 916 2367 num
943 2314 1131 2378 vobis,
1173 2333 1205 2370 o
1234 2317 1387 2388 pleni
1416 2316 1699 2387 saturique
1724 2333 1922 2388 super-

321 2387 432 2444 flua
471 2389 827 2461 loquacitate,
874 2390 1040 2444 vacui
1070 2406 1101 2442 a
1128 2391 1401 2462 sapientia
1439 2391 1719 2455 homines,
1760 2391 1921 2446 vide-

322 2474 482 2520 turne
503 2464 710 2520 donum
729 2464 868 2519 meri
887 2463 1057 2518 unius
1087 2463 1347 2520 elementi
1374 2465 1577 2532 fuisse,
1619 2483 1758 2538 quo,
1803 2483 1922 2520 me-

324 2539 508 2595 diante
535 2540 715 2595 littera
729 2580 744 2608 a
786 2539 1010 2594 divinae
1037 2538 1262 2594 virtutis
1287 2542 1591 2611 sapientiae
1610 2541 1816 2612 dignus
1838 2547 1923 2592 est

322 2612 546 2667 effectus
567 2612 864 2687 (sapiens)‘?
909 2631 1022 2685 qua
1039 2612 1242 2668 melius
1262 2613 1405 2667 nihil
1426 2616 1589 2668 estin
1606 2623 1793 2668 nostra
1821 2629 1922 2665 na-

321 2695 443 2742 tura
457 2726 469 2750 ,
509 2688 643 2757 quia
666 2705 766 2760 pro
785 2689 1016 2744 sublimi
1037 2687 1346 2744 eruditione
1368 2685 1769 2760 (astronomiae)
1786 2702 1920 2741 con-
