2125 3084
356 189 452 241 298
601 195 795 238 PHIL.
825 194 984 240 ·1UD.
1025 192 1348 250 QUAEST.
1387 192 1483 236 ΕΤ
1525 191 1680 235 SOL.
1723 185 1810 251 [11‚
1833 189 1970 253 4453

355 294 631 357 condidit,
676 295 889 351 stabilit
916 295 1102 349 omnia
1127 294 1295 349 simul
1316 293 1482 365 plena
1501 293 1742 364 propriis
1765 292 1966 350 fructi·
2025 355 2036 368 .

353 371 460 425 bus
491 370 861 426 connaturalis
888 369 1132 424 consilii.
1228 368 1520 440 Siquidem
1561 366 1848 439 oportebat
1889 371 1965 424 ita

356 446 501 510 fieri,
544 454 697 515 patre
726 443 1151 518 (universorum)
1181 443 1394 500 nullam
1421 444 1644 515 penitus
1683 445 1966 515 suspicio-

356 538 483 576 nem
502 521 851 592 relinquente
871 537 974 574 nec
994 518 1344 574 redundandi
1366 535 1470 573 nec
1492 517 1818 582 deficiendi,
1843 537 1965 574 ma-

354 598 505 654 xime
535 605 596 651 ut
624 596 814 660 homo,
836 596 951 649 ·cui
980 593 1462 664 commendaturus
1481 602 1596 648 erat
1615 594 1962 666 principium

353 671 843 736 consuetudinum‚'
863 671 1141 726 inveniret
1159 670 1345 725 statim
1363 669 1545 724 omnia
1568 668 1812 741 perfecta
1831 675 1959 741 per-

353 747 605 818 fecteque
624 746 961 820 generantia.

424 821 429 830 ¹
462 835 619 904 Quod
662 843 843 889 autem
882 833 1106 910 vernale
1147 833 1559 903 aequinoctium
1593 842 1872 904 supponat
1900 842 1961 888 ut

351 911 693 984 principium
715 909 1092 965 circulationis
1111 907 1415 970 mensium,
1456 913 1606 978 patet
1632 918 1704 962 ex
1729 909 1958 963 retentis
2005 933 2013 940 ·

350 986 693 1058 temporibus
733 987 891 1042 iuxta
930 983 1276 1057 singularum
1317 983 1567 1055 gentium
1606 981 1861 1038 ordinem
1897 1000 1959 1038 ac

351 1063 724 1118 traditionem.
773 1060 988 1117 Certius
1008 1058 1069 1114 id
1091 1057 1336 1114 verificet
1354 1059 1652 1129 quisquam
1673 1065 1728 1112 et
1747 1075 1820 1112 ex
1839 1059 1957 1129 spi-

353 1139 435 1194 cis
455 1137 759 1210 primitivis
773 1177 786 1202 ‚
829 1153 969 1208 quas
998 1134 1155 1190 iubet
1175 1132 1418 1188 secunda
1439 1131 1563 1188 festi
1585 1131 1678 1188 die
1699 1131 1879 1188 afferri
1897 1135 1956 1188 in

352 1231 516 1269 usum
536 1214 941 1268 ministrorum:
1004 1210 1203 1265 messis
1225 1216 1407 1264 autem
1427 1217 1647 1280 tempus
1667 1217 1752 1262 est
1769 1225 1888 1265 ver.

459 1303 529 1360 At
548 1303 767 1359 dubitet
782 1304 911 1376 quis
926 1343 939 1367 ‚
971 1300 1110 1374 quid
1131 1301 1230 1366 sit,
1269 1299 1418 1372 quod
1438 1316 1613 1371 quum
1643 1299 1857 1372 duplex
1884 1301 1956 1355 sit

354 1379 790 1450 aequinoctium,
833 1375 1059 1433 vernale
1097 1385 1151 1431 et
1190 1375 1532 1440 autumnale,
1576 1377 1738 1447 quae’
1757 1385 1953 1431 natura

352 1453 638 1509 constituit
676 1453 823 1508 iusta
850 1452 1043 1524 rag-ula
1073 1450 1422 1522 aequalitatis
1451 1449 1697 1516 dierum,
1745 1467 1855 1507 non
1887 1469 1956 1506 ex

353 1527 656 1583 autumnali
674 1569 685 1590 ‚
704 1555 715 1566 ·
730 1526 839 1581 sed.
858 1544 930 1581 ex
948 1526 1164 1582 vernali
1183 1527 1426 1598 coeperit
1443 1526 1795 1583 dinumerare
1815 1535 1955 1582 tem-

350 1601 521 1676 pora?
576 1603 731 1658 Ratio
752 1603 857 1657 erit
877 1619 967 1667 ea,
1006 1602 1158 1674 quod
1178 1602 1391 1658 vernali
1419 1611 1664 1674 tempore
1692 1602 1950 1673 pullulat,

350 1678 589 1735 florescit
618 1687 671 1734 et
698 1678 955 1750 producit
975 1678 1216 1734 fructum
1237 1696 1401 1733 suum
1421 1679 1600 1734 omnis
1623 1679 1778 1733 locus
1800 1678 1956 1735 ferti-

352 1756 423 1811 lis
443 1764 619 1811 terrae
633 1797 646 1820 ,
671 1763 962 1812 montanus
984 1763 1038 1809 et
1056 1755 1407 1828 campestris;
1459 1755 1805 1825 inautumno
1825 1771 1954 1809 vero

352 1830 625 1904 quicquid
642 1830 823 1904 frugis
844 1839 927 1886 est
947 1838 1124 1886 terrae
1137 1873 1150 1896 ‚
1173 1830 1471 1887 una·simul
1492 1829 1738 1885 collectis
1761 1829 1956 1886 fructi-

352 1908 458 1962 bus
473 1949 485 1972 ,
517 1905 913 1965 defrondentur
933 1915 1296 1978 arescuntque
1316 1904 1562 1978 plantae:
1612 1906 1953 1978 principium

352 1989 481 2056 ergo
518 1981 851 2058 necesse-[³¹⁶]
884 1991 967 2038 est
1007 1983 1321 2038 adscribere
1357 1982 1573 2036 meliori
1602 1981 1746 2053 parti
1778 1982 1953 2053 magis

352 2055 733 2114 desiderabili.
812 2059 952 2115 Mihi
980 2067 1164 2114 tamen
1193 2056 1442 2122 videtur,
1491 2056 1793 2128 quod'iam
1830 2075 1954 2111 ver-

352 2135 465 2188 nali
505 2135 849 2206 aequinoctio
886 2141 1164 2206 tamquam
1207 2132 1430 2205 reginae
1469 2133 1720 2198 serviens
1751 2131 1952 2187 factum

352 2207 453 2264 est'
475 2209 809 2264 autumnale.
889 2209 1001 2263 Hoc
1042 2209 1194 2262 enim
1234 2209 1366 2264 colit
1399 2216 1627 2273 terram,
1677 2209 1866 2279 quiete
1902 2208 1951 2262 ei

351 2285 505 2348 data,
532 2293 585 2338 et
605 2285 831 2340 arbores
846 2281 1070 2338 levitate
1092 2283 1274 2348 donat,
1299 2295 1475 2355 quum
1495 2281 1794 2356 defatigata
1815 2281 1954 2337 fuis-

350 2363 435 2414 ‘set
460 2375 650 2412 earum
680 2367 899 2422 natura,
940 2357 1225 2414 luctatoris
1245 2351 1700 2432 instar'gehe'rose
1719 2366 1948 2420 certam,

352 2434 450 2503 qui
490 2434 645 2488 velut
683 2433 841 2506 pugil
882 2449 1009 2486 cum
1046 2432 1362 2489 adversario
1390 2435 1597 2506 optime
1625 2451 1952 2507 congressus

352 2506 515 2568 foret,
560 2509 694 2562 sinit
721 2515 797 2562 ut'
810 2507 988 2562 lassus
1006 2515 1304 2564 renovetur
1320 2525 1542 2564 rursum
1563 2513 1634 2564 'ex
1651 2508 1948 2580 principio.

352 2578 509 2644 Quod
530 2581 579 2634 si
601 2583 677 2634 ita
697 2597 785 2635 res
806 2599 865 2636 se
886 2580 1053 2636 habet
1069 2621 1082 2644 ,
1115 2597 1275 2636 nemo
1293 2584 1572 2653 peccabit,
1598 2600 1777 2655 quum
1797 2584 1956 2640 dixe-

352 2653 451 2713 rit3
478 2653 621 2707 sicut
642 2656 846 2710 mundo
868 2655 1100 2718 caelum,
1125 2655 1202 2709 ita
1221 2665 1275 2710 et
1295 2658 1353 2710 in
1371 2658 1716 2731 temporibus
1737 2675 1839 2714 ver
1859 2677 1956 2715 au-

353 2731 543 2778 tumno
561 2729 717 2795 prius
737 2729 1216 2801 principaliusque
1230 2739 1378 2785 esse.
