2125 3084
183 187 424 257 [11‚3so.]
537 193 620 239 IN
659 193 1018 241 GENEsm.
1061 195 1316 243 annuo
1343 199 1430 245 1v.
1694 194 1785 247 201
1890 172 1895 177 ’

122 310 128 315 ·
185 312 356 369 quam
403 292 758 351 enucleamus
803 310 904 365 per
951 293 1426 367 interpretationes
1482 300 1792 357 nominum.

182 372 475 430 Abimelech
501 377 659 427 sonat
684 376 874 441 pater
902 386 1046 437 rex,
1090 378 1145 425 et
1172 371 1439 427 Phili-staec·
1466 372 1797 449 alienige-

185 462 336 511 nae,
379 453 435 501 et
463 443 674 501 Geram
699 452 984 516 septum.

257 618 357 669 Gur
393 618 510 687 dieit
549 617 620 667 ad
653 634 754 667 eum
789 617 1054 671 macutum.-
1110 616 1241 682 „Ne
1266 618 1529 669 descendas
1560 620 1611 669 in
1635 620 1729 670 Ae·

717 688 994 751 wrtuw“?
1033 690 1144 749 (26,
1182 687 1259 750 2·)

307 801 423 855 ⁴77.
479 797 833 855 Manifestum
873 806 958 853 est
993 798 1227 858 verbum
1244 842 1257 864 ‚
1308 799 1453 856 nihil
1494 799 1794 857 obscurum

183 874 277 931 vel
318 874 598 941 occultum
635 874 920 931 continens
964 873 1022 929 in
1062 890 1143 927 se.
1222 872 1501 947 Allegoria
1542 892 1672 949 ergo
1713 878 1794 931 sic

184 949 458 1005 utendum
497 957 601 1004 est.
687 954 946 1017 Aeqyptus
974 946 1284 1019 explicatur
1314 966 1595 1021 angens:
1649 951 1791 1006 nihil

183 1024 338 1080 enim
357 1022 512 1079 aliud
529 1023 615 1077 sic
633 1031 800 1079 vexat
819 1022 1087 1095 angitque
1106 1023 1373 1088 animum,
1402 1024 1549 1080 sicut
1568 1025 1793 1097 cupidi-

183 1108 327 1154 tates
349 1106 402 1154 et
417 1098 714 1153 illecebrae
731 1097 1034 1168 voluptatis
1049 1138 1062 1161 ‚
1084 1098 1311 1152 tristitia
1328 1107 1385 1153 et
1402 1100 1585 1154 timor.
1659 1102 1790 1155 Per·-

183 1174 334 1229 fecto
355 1181 534 1229 autem
551 1182 605 1229 et
625 1172 973 1228 conversanti
991 1188 1067 1226 ex
1084 1180 1279 1228 natura
1298 1174 1357 1229 in
1382 1172 1645 1230 felicitate
1674 1176 1791 1231 vir—

181 1248 328 1305 tutis
348 1246 566 1319 plenam
583 1247 978 1320 perfectionem
996 1248 1255 1319 proponit
1274 1257 1525 1304 sunctum
1552 1250 1789 1305 verbum

181 1323 531 1378 dominicum
547 1363 559 1387 ,
601 1322 758 1379 nullo
784 1322 948 1377 modo
975 1321 1313 1378 descendere
1328 1323 1588 1385 deorsum
1607 1327 1667 1381 in
1688 1342 1789 1381 cu·-

180 1397 474 1471 piditates‚
515 1397 616 1453 sed
644 1397 923 1470 apathiam
951 1397 1281 1454 laetabundo
1316 1400 1429 1454 sibi
1468 1402 1781 1465 conciliare,

181 1473 310 1530 vale
343 1473 574 1553 omnino
602 1473 674 1531 iis
704 1472 917 1528 dicens.
993 1473 1069 1528 lis
1099 1481 1308 1539 autem,
1348 1476 1450 1547 qui
1477 1477 1785 1533 mediocres

179 1714 335 1789 plius
371 1712 640 1787 panditur
673 1712 992 1769 nominibus
1031 1716 1403 1787 interpretatis
1411 1756 1423 1769 .
1501 1718 1787 1773 Abimelech

179 1792 336 1846 enim
373 1798 696 1862 paternus
735 1805 851 1844 rex
883 1798 994 1853 est,
1033 1790 1289 1844 Philistim
1319 1789 1753 1863 alienigenae
1769 1831 1781 1853 ‚

183 1866 400 1920 Geram
435 1881 590 1936 spes
627 1862 764 1935 (1396
799 1862 1042 1935 sepes).

302 2017 466 2077 Quare
499 2020 568 2070 ait
601 2019 673 2071 illa·
703 2018 935 2083 eloquium
969 2018 1203 2068 divinum.-
1256 2014 1383 2080 „Ne
1416 2015 1676 2067 descendas

765 2088 816 2137 in
857 2086 1209 2153 Aeqyptum“?

297 2188 412 2242 ⁴77.
461 2188 566 2243 Pro
591 2195 706 2242 tam
736 2196 883 2243 certo
902 2188 1136 2242 oratorio
1155 2185 1303 2241 dicto
1324 2186 1464 2242 nihil
1486 2185 1786 2242 obscurum

175 2262 425 2321 videtur.
522 2263 718 2323 Morali
763 2271 946 2323 tamen
990 2261 1338 2325 discussione
1376 2263 1453 2318 ita
1490 2262 1781 2317 sentimus,

173 2340 439 2407 Aeqyptue
495 2338 886 2412 interpretatur
941 2336 1419 2408 deprimentes.
1516 2335 1787 2407 Deprimit

173 2421 363 2470 autem
403 2421 458 2469 et
495 2420 732 2485 occupat
759 2419 998 2470 mentem
1026 2410 1499 2485 concupiscentia,
1537 2410 1780 2479 tristitia,

175 2495 382 2544 metus.
460 2487 734 2546 Perfectio
763 2488 935 2559 igitur
963 2486 1216 2545 felicitati
1242 2488 1468 2544 naturae
1496 2484 1786 2556 pollicenti

175 2562 569 2621 excellentiam
590 2563 873 2637 suggessit
889 2578 1069 2624 sermo
1090 2561 1337 2624 divium,
1369 2560 1548 2618 necin
1570 2558 1787 2623 foveam

173 2636 444 2699 vitiorum
481 2636 810 2700 descendat,
857 2636 956 2693 sed
993 2637 1179 2708 potius
1217 2642 1436 2707 vegetat
1472 2635 1787 2707 integritate

174 2710 582 2773 mediocritatis
603 2728 736 2767 suae
757 2718 1071 2769 contentum
1092 2726 1241 2777 esse;
1266 2734 1271 2737 ·
1294 2724 1631 2783 quamquam
1658 2718 1789 2767 sunt
