2125 3084
375 169 468 221 492
621 171 813 215 PHIL.
853 171 1000 215 1UD.
1041 170 1365 226 QUAEST.
1400 168 1500 212 ET
1540 168 1697 213 SOL.
1740 163 1827 229 [11,
1849 168 1971 232 3743
2080 24 2089 253 Ι

368 270 652 344 praeditus
681 288 790 325 non
818 269 890 324 ob
919 269 1075 323 aliud
1106 268 1396 339 quidpiam
1434 275 1670 335 amatur3
1734 270 1880 324 sicut
1920 281 1975 326 et

369 346 622 401 nonnulli
659 345 940 399 iuniorum
980 343 1519 413 novissimorumque
1558 342 1629 396 ab
1668 343 1792 414 ipso
1820 346 1975 401 Mose

366 431 648 490 tamquam
669 436 700 473 a
721 418 868 473 fonte
887 424 1233 490 acceptantes
1254 418 1581 471 sententiam
1600 417 1824 472 virtutis
1850 428 1975 475 stu-

369 496 583 551 diosam
631 510 914 549 asseruere
927 534 940 557 ,
1001 493 1184 548 solum
1232 508 1355 546 esse
1400 491 1608 546 honum
1648 502 1871 563 propter
1910 512 1973 549 se

369 568 668 625 amand-um
685 567 1158 639 placendumque,
1182 566 1333 637 quod
1354 583 1487 621 vero
1506 583 1613 621 non
1634 567 1745 621 tale
1764 577 1873 632 est,
1898 571 1973 624 ob

367 646 683 701 utilitatem.
755 644 943 715 Inquit
969 644 1143 714 igitur
1162 658 1291 695 cum
1310 640 1709 696 additamento:
1752 651 1969 707 amavit,

369 738 428 774 eo
453 723 592 789 quod
618 721 822 773 venatio
849 726 960 773 eiua
987 720 1135 772 cibus
1158 726 1274 770 arat
1300 722 1407 771 aui.
1492 716 1755 775 Naturale
1787 721 1972 773 omni-

369 812 464 850 no:
533 810 644 847 non
673 794 822 847 enim
850 792 920 847 de
953 799 1159 847 venatu
1195 790 1332 845 dicit
1360 789 1549 846 cibum
1578 808 1725 855 esse,
1766 792 1867 846 sed
1896 792 1971 847 de

371 886 518 923 more
540 870 662 939 ipso
682 876 943 923 venatum
963 874 1243 938 tamquam
1262 864 1428 921 ferae.
1507 868 1757 937 Namque
1780 866 1855 921 ita
1876 885 1969 921 res

368 961 428 998 se
457 942 648 1005 habet,
689 959 865 1013 quum
891 941 1046 998 nullo
1076 942 1185 996 alio
1210 941 1387 1013 magis
1408 941 1587 996 alatur
1604 940 1967 1013 vescaturqfue

369 1016 688 1089 philosophi
717 1018 963 1081 animus,
1005 1033 1176 1088 quam
1202 1033 1377 1087 quum
1406 1017 1587 1087 possit
1612 1017 1803 1071 venari
1832 1018 1965 1071 vitia

370 1103 423 1147 et
443 1093 622 1148 omnis
643 1093 938 1163 pravitatis·
951 1100 1297 1165 oppugnatm·
1318 1108 1460 1147 esse.

405 1249 478 1313 Ρ]
517 1246 646 1306 Quid
667 1256 736 1296 est
769 1246 890 1308 „Et
916 1248 1119 1311 paravit
1148 1246 1299 1297 Iacob
1326 1248 1635 1311 paratum‘ffl
1675 1251 1783 1309 (25,
1824 1250 1936 1312 29.)

485 1368 597 1418 168.
651 1364 842 1417 Risum
871 1363 1315 1437 derisionemque
1341 1366 1455 1418 scio
1476 1362 1622 1435 quod
1644 1364 1971 1420 huiusmodi

370 1456 458 1493 res
478 1438 743 1507 praebent
762 1438 990 1492 incultis
1012 1448 1175 1509 atque
1196 1440 1399 1511 ineptis
1429 1439 1499 1493 de
1528 1456 1703 1503 more,
1748 1457 1853 1495 nec
1882 1440 1972 1495 ul—

370 1679 560 1752 (marq.
593 1678 762 1754 enim)
792 1697 862 1733 ex
889 1687 1122 1752 utraque
1150 1688 1303 1751 parte
1334 1680 1617 1755 diligitur,
1664 1680 1800 1735 adeo
1832 1700 1975 1737 non-

372 1754 514 1810 nulli
533 1755 812 1813 imitantes
834 1756 1022 1811 Mosen
1035 1796 1048 1821 ,
1078 1771 1179 1826 pro
1199 1753 1364 1811 laude
1380 1756 1603 1812 virtutis
1624 1756 1975 1812 aemulantur

375 1830 538 1885 verbo
567 1829 944 1885 tantummodo
971 1829 1204 1905 gloriam
1231 1846 1451 1902 capere,
1495 1830 1626 1885 inde
1646 1831 1972 1887 huiusmodi

376 1906 479 1959 viri
501 1922 600 1976 per
619 1907 962 1961 occasionem
983 1904 1314 1979 diliguntur.
1382 1905 1474 1961 Ait
1495 1906 1649 1960 enim·
1663 1906 1965 1977 scriptura:

376 1980 573 2033 Dileaeit
597 1998 738 2044 eum,
783 1985 920 2049 quod
944 1986 1149 2035 venatio
1174 1982 1322 2034 illius
1349 1997 1467 2035 esca
1489 1986 1591 2049 fuit
1614 1986 1662 2033 ei
1686 1984 1970 2044 naturalia,

371 2069 647 2122 suumque
675 2054 918 2109 edictum
947 2064 1056 2110 est:
1107 2070 1217 2112 non
1246 2055 1393 2109 enim
1420 2070 1562 2126 quae
1583 2055 1881 2126 capiuntur
1902 2054 1970 2108 ab

370 2142 460 2189 eo,
487 2142 612 2179 esca
635 2128 754 2181 eius
777 2135 885 2192 est,
907 2129 1007 2183 sed
1027 2129 1185 2184 illius
1207 2129 1387 2202 ipsius
1408 2131 1539 2185 mali
1560 2130 1783 2185 venatio
1798 2171 1811 2195 ,
1837 2130 1970 2184 dum

371 2198 633 2270 superbia
671 2202 905 2271 capitur.
983 2204 1233 2259 Pascitur
1272 2204 1420 2259 enim
1454 2204 1721 2277 sapientis
1751 2206 1969 2259 animus

372 2276 572 2330 melius
598 2289 726 2331 cum
743 2276 944 2347 poterit
961 2294 1163 2334 venare
1184 2279 1451 2334 malitiam
1466 2320 1479 2347 ‚
1514 2287 1567 2335 et
1585 2280 1857 2335 contraria
1876 2296 1973 2334 su·-

373 2366 582 2420 perere.

547 2488 678 2547 Quid
708 2500 777 2541 est
811 2490 1011 2540 diem:
1070 2526 1107 2555 ‚,
1125 2490 1263 2543 coxit
1295 2493 1448 2544 Iacob
1484 2502 1720 2543 cocturam
1736 2496 1804 2543 “3

488 2610 602 2659 468.
653 2610 892 2664 Risusne
919 2607 1203 2663 videbitur
1230 2608 1477 2665 dictum?
1534 2612 1661 2667 Scio
1690 2614 1752 2667 in
1772 2612 1977 2669 huius—

372 2678 521 2731 modi
551 2680 700 2737 dicto
719 2683 1117 2755 insipientibus
1138 2690 1191 2737 et
1209 2681 1493 2741 fluxidolis
1508 2728 1521 2752 ‚
1554 2688 1653 2758 qui
1674 2688 1834 2745 nullo
1856 2706 1979 2745 mo-

2084 254 2089 443 ι
