2125 3084
142 200 485 274 [nasum]
530 206 611 254 m
646 208 985 256 Exomm.
1026 211 1282 258 ammo
1321 29 2095 262 nxz-319N

149 349 319 408 Quat
363 364 553 397 monens
594 347 889 411 „Advenam
932 365 1026 398 non
1068 351 1310 399 vexabis“
1351 350 1530 400 inducit
1573 353 1757 404 dicens.-

284 414 568 547 ,(,Ξςάέεὸιῗε
622 416 741 466 enim
784 416 955 480 fuistis
1007 417 1056 466 in
1109 426 1239 466 terra
1279 415 1618 482 Aeyyptiorum
1636 421 1760 485 “*)?

384 517 398 544 ,
497 519 509 532 .

260 589 318 642 2.
368 583 657 640 Manifeste
686 583 954 648 declarat,
996 584 1265 639 advenam
1295 587 1488 658 utique
1509 603 1630 641 esse
1650 605 1758 643 non

143 659 249 732 qui
270 659 683 713 circumciderit
706 656 780 734 [³¹⁵]
803 660 1157 730 praeputium
1173 701 1186 724 ,
1229 659 1328 714 sed
1349 661 1760 732 cupiditateset

144 734 465 805 voluptates
494 740 845 804 caeterasque
874 733 1192 788 affectiones
1217 735 1410 789 animi.
1489 734 1759 801 Quoniam

144 811 207 862 in
250 807 331 862 Ae
450 817 502 863 to
539 807 909 862 Hebraeorum
948 825 1086 881 gens
1127 825 1235 864 non
1265 817 1380 864 erat
1408 809 1753 874 circumcisa,

144 883 251 937 sed
273 881 334 937 af
369 884 477 937 icta
496 883 648 938 omni
666 881 962 937 afflictione
984 882 1053 936 ab
1075 882 1273 938 incolis
1283 885 1546 956 regioniS,
1561 886 1759 956 inper-

145 958 349 1030 egrina
367 959 655 1030 vagatione
681 957 914 1028 patienti
936 957 1120 1012 animo
1140 974 1268 1012 cum
1287 959 1359 1016 iis
1381 958 1588 1031 degens
1604 999 1618 1022 ,
1649 975 1757 1016 non

146 1050 223 1087 ex
242 1033 595 1100 necessitate,
634 1032 732 1086 sed
752 1031 916 1087 ultro.
996 1030 1138 1100 Quia
1167 1033 1406 1088 salvator
1426 1033 1592 1097 deus,
1627 1050 1760 1088 con-

146 1105 501 1178 fugientibus
530 1107 647 1162 illis
679 1106 748 1161 ad
774 1123 863 1170 se,
907 1123 979 1160 ex
1007 1107 1288 1178 inopinata
1329 1125 1392 1162 ac
1427 1107 1760 1178 inexplebili

145 1198 253 1254 spe
284 1181 439 1236 misit
463 1180 765 1236 beneficam
794 1182 1057 1237 virtutem
1087 1189 1140 1237 et
1167 1179 1405 1238 salvavit
1431 1183 1760 1255 suppliciter

144 1262 429 1328 rogantes,
506 1255 683 1329 Quare
702 1256 922 1320 adiicit,
956 1256 1106 1326 quod
1125 1273 1216 1312 vos
1235 1263 1430 1312 conscii
1447 1263 1570 1313 estis
1595 1263 1758 1312 animi

144 1334 385 1386 advenae
406 1337 596 1397 (Exod.
618 1337 699 1398 23,
722 1335 798 1395 9).
842 1330 1130 1386 Caeterum
1149 1347 1292 1402 quae
1304 1331 1556 1388 advenae
1577 1349 1752 1395 mens,

146 1405 267 1460 nisi
292 1403 619 1459 abalienatio
642 1421 673 1458 a
691 1405 971 1460 voluntate
992 1405 1275 1462 serviendi
1295 1407 1486 1463 multis
1510 1408 1620 1463 diis
1635 1447 1648 1472 ‚
1675 1406 1758 1462 fa-

146 1479 556 1550 miliaritasque
584 1478 654 1533 ad
683 1496 856 1534 unum
886 1479 1053 1535 deum
1084 1489 1248 1552 atque
1277 1482 1336 1537 in
1367 1481 1629 1543 honorem
1656 1498 1758 1554 pa-

146 1555 254 1610 tris
300 1551 721 1608 universorum?
792 1553 1048 1610 Secundo
1097 1556 1338 1612 advenas
1385 1559 1562 1630 aliqui
1611 1574 1757 1612 nun-

147 1637 360 1700 cupant
378 1631 603 1684 alienos:
644 1628 811 1684 alieni
840 1646 971 1684 vero
990 1638 1044 1684 et
1061 1633 1160 1701 qui
1183 1631 1252 1686 ad
1272 1633 1558 1687 veritatem
1578 1647 1678 1702 per
1697 1647 1758 1685 se

146 1709 575 1765 concurrerunt,
600 1719 708 1757 non
728 1703 921 1759 eodem
939 1705 1102 1760 modo
1117 1746 1129 1768 ,
1163 1705 1262 1779 qui
1282 1703 1342 1758 iti
1361 1705 1610 1778 Aegypto
1632 1721 1760 1774 per·

146 1777 501 1851 egrinatione
538 1775 833 1850 degerunt:
913 1795 1042 1833 nam
1087 1780 1182 1832 isti
1229 1780 1510 1850 peregrini
1550 1777 1759 1833 mundo

146 1851 317 1915 sunt,
360 1851 450 1904 illi
478 1867 612 1914 vero,
636 1851 746 1924 legi
774 1861 827 1909 et
856 1851 1274 1918 consuetudini3
1338 1867 1538 1905 nomen
1576 1857 1758 1906 tamen

147 1941 451 1985 commune
470 1933 821 1999 utrorumque
842 1933 1164 1984 advenarum
1182 1924 1535 1979 adscribitur.

156 2067 326 2125 Quare
336 2083 511 2117 omnem
523 2065 712 2117 viduam
731 2076 776 2118 et
785 2067 1017 2133 pupillum
1036 2065 1215 2117 inhibet
1230 2081 1406 2116 vexare
1415 2064 1492 2127 *ἢ
1503 2070 1528 2115 3
1539 2064 1678 2130 (22,2
1687 2071 1708 2113 l
1717 2066 1758 2128 .)

273 2171 325 2222 3.
347 2169 637 2224 Neminem
656 2186 726 2224 ne
746 2187 817 2224 ex
836 2169 1035 2224 alienis
1055 2167 1305 2239 quidem,
1329 2184 1432 2223 nec
1451 2166 1762 2223 masculum

151 2335 287 2373 men
317 2315 390 2392 [³¹⁵]
422 2319 873 2389 peculiaremque
900 2335 1089 2373 curam
1117 2325 1356 2389 praestat
1384 2319 1556 2372 viduis
1587 2323 1640 2370 et
1661 2334 1766 2384 pu—

145 2395 333 2461 pillis:
369 2393 631 2462 quoniam
657 2393 986 2448 necessariis
1013 2392 1362 2448 adiutoribus
1389 2389 1765 2447 curatoribus-

152 2483 269 2538 que
292 2465 542 2522 destituti
563 2474 721 2531 sunt,
763 2467 967 2522 viduae
997 2469 1164 2531 viris,
1218 2475 1271 2522 et
1295 2465 1500 2538 pupilli
1520 2464 1765 2536 parenti-

152 2541 287 2596 buS.
350 2540 478 2596 Vult
497 2557 655 2612 ergo,
686 2549 749 2596 ut
766 2543 1002 2596 naturali
1025 2543 1298 2613 aequitate
1319 2547 1608 2611 usurpata,
1635 2554 1765 2611 ege-

262 2679 307 2726 '‘)
345 2678 411 2720 Cf.
440 2689 571 2728 supra
596 2679 693 2720 Vol.
722 2680 797 2720 VI.
826 2691 867 2729 p.
896 2682 969 2720 2⁷1
988 2692 1024 2721 a.

266 2745 335 2796 ⁸⁸)
364 2745 432 2788 Of.
462 2755 594 2794 supra
618 2746 717 2786 Vol.
745 2746 819 2787 VI.
848 2757 888 2796 p.
918 2747 1008 2787 2¹12.
