2125 3084
321 152 416 205 434
813 156 1051 202 pruno
1083 138 1426 200 ‘morinus
1699 154 1787 218 [[ῐ,
1819 155 1942 220 593]

316 256 551 331 (aetatis)
580 256 685 311 sub
710 256 1069 329 patriai-ohim
1111 256 1210 327 qui
1239 256 1577 327 superabant
1605 258 1819 327 pietate·
1843 267 1946 333 ty-

320 348 519 387 rannos
546 332 875 405 Babylonios
902 332 980 403 (h.
1012 342 1063 384 e‘.
1095 331 1711 404 Nabuchodonosor)*),
1760 342 1941 404 etque

316 410 376 462 in
416 407 691 479 praesenti
732 407 950 461 saeculo
996 420 1182 479 regem
1223 406 1574 461 memorando
1619 404 1940 478 (Ninivita—

321 482 490 555 rum),
533 482 730 555 positis
759 480 1043 535 miraculis
1073 482 1232 535 novis
1269 498 1436 552 super
1471 481 1698 551 antiqua
1733 482 1933 554 iisque

318 557 726 629 superioribus,
780 555 942 611 facile
980 555 1266 609 crederent
1301 556 1584 610 veritatem
1622 572 1814 611 rerum
1851 574 1934 613 ex

318 632 701 705 praesentibus
742 630 1025 685 miraculis
1062 630 1420 685 corroborari.
1495 628 1766 695 Quoniam
1805 647 1928 686 non

319 707 557 779 amplius
587 708 886 779 quisquam
910 705 1270 777 interrogabit
1305 705 1468 760 homo
1503 704 1725 767 modum
1763 706 1926 776 ignis

319 780 745 857 superandi**)‚
798 780 928 854 (vel)
954 780 1228 853 quomodo
1259 780 1402 835 liber
1431 798 1460 835 a
1497 780 1748 852 procellis
1788 779 1926 833 hie-

319 874 517 930 meque
538 856 597 911 in
615 855 921 911 universali
941 854 1163 909 turbine
1184 855 1364 909 iustus
1391 855 1772 927 permanserit¹
1818 863 1920 909 aut

318 931 591 1005 quomodo
620 930 881 987 Hebraeis
912 948 1059 985 mare
1090 948 1188 1001 pro
1201 930 1476 1002 obsequio
1499 931 1566 985 ad
1588 932 1689 985 iter
1711 928 1926 991 facien-

319 1006 452 1063 dum
474 1006 759 1079 diruptum
780 1005 969 1071 fuerit,
1000 1004 1090 1061 vel
1113 1005 1516 1088 quomodo‘viri
1534 1006 1619 1079 pii
1639 1022 1764 1061 cum
1782 1002 1923 1059 feris

317 1076 431 1137 lusi
452 1090 602 1137 sunt.
682 1084 897 1136 Testem
910 1081 1057 1135 enim
1080 1081 1308 1135 istorum
1327 1098 1416 1135 me
1438 1080 1692 1143 videntes
1711 1080 1930 1134 dormi-

318 1167 495 1213 entem
520 1156 632 1211 fere
652 1165 705 1210 et
726 1157 783 1211 in
804 1155 1232 1229 regenerationis
1254 1154 1485 1211 formam
1506 1157 1838 1229 requisitum
1848 1154 1931 1209 de

317 1250 417 1286 sua
444 1232 557 1287 vita
587 1230 827 1286 habeant
855 1233 913 1285 in
943 1248 1029 1305 me
1050 1230 1200 1303 quod
1221 1230 1473 1296 credant,
1519 1240 1683 1303 atque
1699 1228 1777 1305 [*]
1807 1230 1932 1285 for-

317 1324 462 1361 mam
493 1306 742 1360 veritatis
770 1306 1054 1361 inveniant
1086 1314 1138 1360 et
1165 1306 1221 1359 in
1254 1314 1304 1361 te
1333 1314 1554 1378 propter
1583 1306 1766 1360 omnia
1795 1323 1932 1363 cre-

318 1380 632 1451 dantpartis
644 1380 875 1435 visores,
906 1380 1200 1453 Siquidem
1213 1382 1312 1453 qui
1333 1384 1546 1453 aperire
1566 1381 1772 1436 bestiae
1793 1390 1934 1452 pot-—

317 1462 399 1509 est
426 1454 641 1508 viscera
670 1462 723 1508 et
754 1456 946 1511 vivum
976 1456 1235 1527 spiritum
1257 1457 1468 1529 integre
1487 1474 1733 1520 servare,
1774 1472 1934 1527 quo—-

316 1528 479 1584 modo
505 1529 670 1583 etiam
700 1528 769 1583 de
789 1546 1011 1602 corpore
1032 1540 1318 1586 evocatum
1335 1532 1496 1603 illum
1511 1572 1524 1595 ‚
1567 1530 1756 1602 quide
1771 1538 1934 1587 terra

317 1604 573 1662 conditus
602 1603 735 1669 fuit,
778 1613 833 1661 et
860 1614 1035 1661 terrae
1062 1615 1376 1661 rursum·ut
1399 1606 1714 1677 depositum
1733 1606 1934 1661 credi-

316 1690 433 1737 tum
462 1689 571 1744 est,
615 1697 723 1737 mou
753 1682 1029 1754 integrum
1056 1680 1337 1736 servabit?
1373 1680 1516 1748 Quia
1543 1689 1598 1735 et
1625 1690 1932 1751 suspectus

317 1756 617 1812 infantium
632 1765 850 1831 pai-tue,
888 1774 991 1811 nec
1008 1757 1182 1811 ullius
1202 1774 1426 1811 accessu
1447 1772 1626 1827 neque
1647 1756 1930 1827 spiritalis

315 1832 527 1887 ordinis
556 1832 889 1887 inhibitione
918 1840 1165 1896 curatur,
1207 1832 1306 1886 sed
1335 1849 1366 1886 a
1383 1840 1572 1887 sancta
1599 1840 1692 1886 tua
1722 1829 1930 1886 dextra

316 1907 467 1961 intus
488 1906 837 1962 confirmatus
858 1908 1156 1970 animatur,
1181 1924 1281 1978 per
1298 1924 1488 1962 casum
1503 1916 1749 1961 nostrum
1769 1906 1934 1961 cele-

320 1982 533 2048 b'retur,
576 1982 725 2067 quod
754 1982 897 2037 nihil
927 1990 1078 2037 tuam
1109 1984 1410 2052 potentiam
1449 1983 1597 2037 intus
1635 1980 1924 2049 inhibuit3

321 2065 381 2111 ut
402 2058 680 2127 inopinata
702 2068 881 2124 nostra
904 2059 963 2111 in
983 2067 1102 2111 ceto
1123 2059 1405 2130 conceptio
1423 2054 1804 2113 testimonium
1826 2072 1936 2109 se-

318 2130 561 2187 cundum
582 2133 1017 2187 naturamnixus
1039 2132 1151 2187 fiat.

428 2256 514 2309 26.
546 2255 713 2308 Tanta
734 2256 856 2325 ipso
874 2262 1080 2317 orante,
1111 2254 1392 2309 miseratio
1410 2270 1638 2323 precum
1659 2252 1728 2310 ad
1747 2252 1946 2313 deum

320 2327 591 2391 ascendit,
618 2336 678 2382 ut
698 2337 816 2383 ceto
831 2370 842 2392 ‚
866 2329 1030 2382 rebus
1054 2330 1110 2382 in
1131 2329 1470 2383 oblivionem
1490 2328 1634 2382 datis
1651 2370 1662 2391 ‚
1694 2328 1956 2385 iubere-

317 2410 406 2453 tur
436 2402 494 2455 in
523 2402 735 2456 aridam
763 2420 1014 2459 evomere
1032 2404 1238 2458 Ionam.
1314 2403 1422 2459 Ille
1435 2412 1618 2459 autem
1636 2400 1960 2476 tamquam

418 2537 461 2583 ⁸)
502 2538 683 2579 Videtur
716 2544 865 2594 auctor
897 2542 1044 2581 Ionam
1079 2546 1335 2593 postponere
1367 2543 1740 2595 dlebusVDanIelin
1769 2548 1964 2592 trium-

320 2590 400 2628 que
426 2586 735 2637 innocentiumz
785 2595 866 2631 niel
893 2594 1130 2631 obscuritas
1156 2595 1240 2633 loci
1266 2595 1390 2633 aliter
1414 2596 1548 2644 accipi
1575 2594 1754 2642 debeat,
1804 2609 1973 2647 φιλεῖ

316 2639 421 2671 '‘1'0
446 2638 862 2684 thetlce.mtum
885 2643 1104 2688 praedicta
1130 2645 1231 2683 sint.
1283 2644 1448 2684 Auch.

420 2698 486 2745 ““)
520 2702 669 2745 Poto-t
693 2708 874 2756 inteuigi
902 2710 1049 2747 etiam:
1082 2714 1182 2757 poet
1205 2710 1344 2759 {quem
1370 2715 1623 2761 super-amm.
1677 2712 1860 2758 Auen.

1173 2927 1216 2941 f
