2125 3084
204 136 529 217 [11,241.242.]
582 107 1059 195 mennissm.
1097 150 1351 196 senno
1387 151 1471 199 Ν.
1735 146 1800 199 65

202 258 415 307 sontem
444 249 828 321 integramque
854 266 1078 305 servare
1112 258 1166 305 et
1199 251 1504 306 immunem
1541 251 1612 306 ab
1647 253 1800 307 omni

202 325 366 381 malo.
445 324 586 379 Nam
606 324 993 395 insipientium
1012 342 1212 380 sensus
1233 326 1352 381 sine
1371 326 1621 381 custodia
1641 326 1804 381 dere-

202 400 319 457 licti
346 406 481 457 sunt
506 407 562 453 et
596 398 773 453 libere
808 407 1086 470 patentes,
1135 416 1374 471 quorum
1407 418 1572 456 nemo
1609 410 1694 457 est
1731 388 1803 457 ad

201 476 433 539 ostium,
462 471 537 548 [ἢ
571 474 672 546 qui
700 474 929 529 inutiles
956 492 1021 529 ao
1040 477 1238 529 noxias
1257 475 1675 547 imaginationes
1693 477 1805 531 im-

200 550 414 624 pediat:
460 565 633 620 quare
658 557 713 604 et
732 549 1006 619 plurimae
1036 566 1332 605 aerumnae
1352 552 1502 606 intus
1521 550 1800 615 insiliunt,

200 643 309 681 non
329 625 521 679 minus
538 624 881 679 voluntariae
895 664 909 688 ‚
947 641 1118 695 quam
1139 625 1544 681 involuntariae
1558 667 1570 690 ‚
1599 625 1806 697 quibus

198 698 557 771 impudenter
580 698 851 771 ingressis
872 700 1039 753 etiam
1058 700 1120 753 iu
1139 709 1322 755 mente
1343 700 1648 755 formantur
1669 699 1811 755 faei-

201 776 329 831 liter
366 782 559 844 turpes
598 772 759 827 ideae
778 813 791 837 ,
844 774 1051 844 qui-bus
1088 774 1180 829 die
1213 784 1268 830 et
1301 784 1460 831 nocte
1496 774 1722 832 vacillat
1757 783 1812 829 et

201 857 461 905 aestuans
504 856 758 903 movetur
808 848 993 904 anima
1006 891 1019 914 ‚
1081 851 1344 921 quoniam
1385 852 1512 906 sine
1557 848 1810 905 custodia

198 923 457 979 derelicti
476 929 630 977 erant
654 939 851 977 sensus
877 932 1146 995 patentes.

316 996 539 1069 Optime
573 998 744 1053 etiam
782 996 995 1053 dictum
1032 1008 1144 1064 est,
1195 1005 1410 1055 mridie
1447 1000 1647 1055 factam
1685 1016 1810 1055 esse

200 1072 605 1145 apparitionem
620 1114 633 1138 ‚
696 1074 829 1145 quia
875 1091 937 1129 ea
984 1081 1069 1129 est
1110 1074 1245 1129 hora
1287 1075 1468 1145 magis
1513 1074 1807 1137 luminosa,

199 1164 379 1220 qua-m
400 1154 504 1202 tota
522 1148 639 1203 diei
660 1148 969 1221 longitudo.
1044 1150 1237 1221 Itaque
1257 1148 1564 1222 symbolice
1583 1148 1813 1203 demon-

198 1230 343 1279 strat
378 1222 795 1296 intelligibilem
834 1224 1007 1279 solem
1022 1266 1035 1289 ,
1098 1224 1196 1296 qui
1243 1226 1592 1295 incorporeos
1629 1222 1812 1278 radios

200 1298 455 1357 immittit
482 1298 730 1353 lucidius
760 1315 825 1353 ao
848 1299 1057 1354 clarius
1096 1316 1264 1371 super
1301 1300 1514 1355 animos
1549 1298 1806 1363 mundos,

200 1375 301 1446 qui
330 1374 571 1429 interius
599 1374 883 1428 intuentur
904 1373 1096 1429 radios
1131 1375 1309 1447 ipsoS‚
1363 1373 1560 1429 affectu
1589 1374 1812 1446 pietatis

201 1466 373 1521 supra
420 1448 711 1504 evehentis
754 1447 1026 1503 familiare
1072 1450 1183 1504 sibi
1232 1449 1526 1504 reddentes
1572 1449 1808 1505 caelum.

200 1524 454 1597 Longius
482 1531 667 1577 tamen
694 1524 901 1578 intueri
926 1541 1034 1578 non
1059 1531 1318 1596 possunt,
1359 1524 1624 1597 quoniam
1649 1540 1808 1596 pura,

201 1598 382 1654 nitida
410 1614 476 1653 ac
505 1605 695 1653 sancta
725 1598 823 1653 illa
849 1598 949 1653 lux
969 1601 1286 1673 incorporea
1306 1599 1620 1671 splendoris
1640 1600 1813 1653 instar

200 1690 393 1746 sparsa
424 1672 630 1747 fulget,
668 1681 723 1728 et
747 1673 963 1746 fulgore
987 1692 1088 1729 suo
1108 1675 1332 1731 hebetat
1350 1674 1559 1729 oculos,
1638 1672 1812 1730 Vide—

202 1757 291 1803 tur
310 1758 497 1803 tamen
526 1748 697 1813 mihi,
741 1748 917 1819 quod,
960 1750 1093 1821 quia
1121 1750 1321 1822 purius
1353 1766 1416 1803 ae
1450 1748 1696 1804 lucidius
1725 1746 1817 1801 lu—

202 1841 333 1879 men
355 1830 441 1878 est
460 1822 739 1888 meridiei,
764 1840 874 1895 quo
893 1825 1051 1879 visus
1071 1824 1455 1896 perceptiones
1473 1820 1818 1875 manifestio—

202 1916 293 1953 res
323 1906 595 1971 aguntur‚
648 1897 771 1953 vult
800 1899 965 1953 etiam
1000 1899 1269 1970 sapientis
1305 1896 1646 1951 intellectum
1685 1894 1821 1949 illu-

202 1974 417 2028 minare
440 1972 515 2045 (S.
541 1972 878 2045 illuminari)
900 1982 955 2029 et
986 1972 1242 2045 undique
1268 1972 1522 2027 decorare
1552 1969 1628 2043 (s.
1653 1969 1819 2025 deco-

204 2047 346 2121 rari)
377 2047 554 2102 radiis
583 2046 810 2103 divinae
841 2048 1011 2113 lucie,
1053 2057 1116 2104 ut
1135 2048 1339 2103 clarius
1367 2046 1818 2118 constantiusque

200 2124 482 2194 percipiat
530 2139 789 2177 verorum
838 2123 1046 2178 entium
1093 2124 1484 2196 impressiones
1525 2122 1697 2177 radiis
1740 2116 1812 2195 [³³]

204 2198 405 2253 umbra
424 2196 518 2253 vel
539 2214 712 2270 opaco
737 2196 1076 2253 carentibus,

211 2352 345 2412 Quid
377 2364 450 2405 est
482 2391 520 2420 ‚,
544 2355 703 2420 Vidit,
760 2364 806 2405 et
824 2371 940 2489 ecce(
971 2354 1076 2473 gira2
1098 2364 1196 2487 {res
1231 2357 1427 2407 stabant
1461 2369 1602 2416 super
1641 2352 1822 2401 eum“?

946 2430 967 2472 1
1010 2460 1024 2486 ‚
1081 2458 1095 2473 .

320 2527 376 2581 2.
427 2524 753 2581 Naturalius
782 2526 977 2595 utique
1006 2525 1090 2579 eis
1104 2564 1118 2588 ‚
1169 2524 1270 2593 qui
1309 2534 1534 2575 cernere
1569 2508 1820 2588 possunt,

204 2607 616 2671 repraesentat,
658 2598 813 2670 quod
838 2608 893 2653 et
920 2616 1097 2653 unum
1121 2605 1235 2652 tres
1262 2611 1386 2648 esse
1414 2592 1598 2655 licuit,
1643 2599 1696 2645 et
1715 2598 1826 2643 tres

208 2688 390 2727 unum
405 2715 419 2739 ,
470 2691 539 2729 eo
556 2673 711 2745 quod
738 2690 913 2728 unum
942 2680 1073 2727 sunt
1101 2669 1418 2787 secundm}
1439 2665 1708 2719 rationem
1730 2678 1831 2716 ‚su—

278 2747 515 2799 Pmno
554 2748 676 2800 vu.
