2125 3084
188 185 276 252 [m
302 181 418 248 σοι]
818 187 919 233 nn
962 187 1168 234 rom„
1689 181 1790 238 443

188 290 601 419 iuppieigita‘spe
630 287 885 343 videntes
912 305 971 343 se
1000 289 1160 342 vivos
1174 328 1187 351 ‚
1229 303 1420 342 omnes
1449 287 1554 344 deo
1585 291 1788 362 gratian

189 381 247 420 re
274 379 335 419 er
408 379 476 418 sn
505 403 520 417 .

304 493 391 544 39.
432 487 687 546 Secundo
708 488 893 560 itaque
914 496 1074 542 coetu
1095 495 1454 560 congregato,
1495 489 1790 560 gratitudi-

190 566 279 620 nis
309 581 503 634 vocem
528 562 843 618 senioribus
876 561 1192 618 eredebant.
1267 563 1356 618 lui
1379 570 1558 618 autem
1587 563 1642 618 in
1673 581 1792 618 me·-

191 640 347 696 dium
371 640 681 702 venientes,
714 637 847 692 dum
870 636 1053 692 adhue
1083 635 1362 710 flagitabat
1381 637 1650 708 populus,
1683 655 1788 694 non

192 708 433 786 amplius
452 713 783 770 haesitantes
804 712 893 770 vel
916 721 1242 774 moerentes,
1258 712 1394 768 haee
1407 707 1784 784 proferebant:

190 788 675 860 Quandoquidem,
725 796 991 859 quantum
1030 787 1088 846 in
1127 785 1288 843 nobis
1323 794 1464 850 erat,
1505 804 1540 841 o
1575 785 1788 852 dilecti,

190 867 393 920 mortui
414 863 723 934 ,fuissemus
752 869 806 916 et
825 863 1090 918 rationem
1107 861 1399 918 reddentes
1421 861 1596 918 debiti
1617 864 1788 921 nostri
1869 874 1876 883 ·

190 957 303 995 una
323 956 447 994 oum
470 939 691 995 civitate
720 937 1112 1000 iacuissemus‚
1146 954 1292 992 nune
1321 937 1436 992 sola
1458 936 1668 994 domini
1689 939 1790 992 be·

190 1015 459 1086 nignitate
478 1015 742 1068 vivimus,
799 1011 959 1078 Quod
979 1013 1027 1066 si
1048 1013 1122 1068 ita
1145 1029 1231 1079 res
1252 1031 1312 1068 se
1332 1012 1498 1068 habet
1511 1053 1526 1076 ,
1550 1030 1820 1118 aequuus

190 1097 302 1152 est,
336 1098 397 1143 ut
424 1105 451 1143 a
470 1105 580 1158 quo
600 1088 759 1148 istam
783 1088 952 1142 vitam
972 1087 1126 1142 velut
1143 1097 1352 1158 partem
1373 1087 1580 1160 gratiae
1599 1105 1790 1142 susce-

190 1165 398 1236 pimu8‚
426 1160 499 1238 [Ἴ
522 1163 632 1234 ipsi
652 1162 883 1217 vivendi
900 1162 1294 1236 gratitudinem
1313 1162 1634 1218 referamus.
1671 1163 1789 1218 Ab-

190 1238 519 1294 surdissima
550 1253 787 1308 namque
812 1237 1057 1309 pravitas
1089 1246 1196 1302 est,
1239 1246 1301 1292 ut
1329 1255 1502 1309 quum
1531 1239 1788 1310 pecuniis

191 1316 355 1370 homo
380 1329 604 1368 servum
630 1330 845 1392 eruens·¹
886 1313 1007 1383 ipse
1034 1313 1313 1384 possideat
1341 1315 1638 1386 corporalis
1663 1315 1790 1369 eius

190 1389 407 1446 servitii
502 1389 693 1452 stiam,
723 1403 823 1442 nos
858 1403 985 1442 vero
1014 1385 1086 1442 de
1103 1400 1281 1444 'morte
1301 1388 1360 1444 in
1379 1389 1550 1444 vitam
1572 1389 1794 1446 redem-

191 1465 300 1536 pti,
362 1481 423 1519 ro
462 1464 698 1535 emptori
742 1471 983 1518 nostram
1020 1463 1258 1518 animam
1297 1480 1405 1518 non
1443 1463 1783 1520 dedicemus.

190 1539 391 1595 Nullus
410 1548 591 1594 tamen
612 1555 683 1594 ex
700 1537 945 1594 dominis
962 1547 1070 1602 est,
1092 1539 1193 1610 qui
1213 1539 1474 1594 ooneedat
1493 1557 1652 1596 servo
1669 1557 1790 1594 ser-

192 1615 317 1669 vitii
347 1623 569 1686 tempus
597 1612 1021 1668 determinatum
1049 1631 1231 1685 neque
1259 1623 1468 1688 partem
1507 1614 1788 1672 serviendi

194 1706 354 1744 servo
390 1689 449 1742 in
484 1689 575 1742 sui
610 1688 941 1760 obsequium
980 1688 1240 1744 dominus
1277 1691 1604 1754 concilians,
1647 1689 1790 1743 resi·-

194 1764 371 1819 duum
389 1771 581 1834 postea
598 1762 709 1834 ipsi
726 1763 1014 1818 concedat:
1046 1763 1118 1819 ad
1137 1779 1236 1818 nos
1256 1781 1386 1818 vero
1403 1766 1788 1818 universorum

190 1839 454 1894 dominus
470 1837 669 1892 divisit
686 1838 831 1892 vitae
849 1847 1090 1911 tempus.
1139 1837 1298 1904 Quod
1318 1847 1497 1893 autem
1518 1839 1610 1895 via
1627 1838 1791 1892 nobis

192 1931 343 1969 nuno
374 1911 609 1966 feliciter
636 1921 821 1983 parata
850 1913 1021 1968 fuerit
1034 1913 1106 1967 ad
1125 1914 1304 1985 ipsius
1325 1913 1614 1983 placitum,
1661 1929 1792 1967 nos-

192 1997 310 2044 met
324 1989 477 2059 ipsos
494 1996 664 2042 testes
682 1988 865 2043 habet.
916 1989 1186 2054 Quoniam
1209 1989 1258 2042 si
1279 1989 1480 2059 impios
1500 2003 1598 2042 nos
1619 1997 1672 2042 et
1691 1989 1788 2042 vix

192 2066 382 2136 ipsum
404 2071 688 2120 noscentes
708 2064 843 2119 adeo
861 2080 1193 2137 magnopere
1204 2063 1436 2118 nutricis
1447 2064 1784 2123 instaraluit,

188 2140 318 2212 pios
348 2145 401 2192 et
427 2139 743 2194 confitentes
803 2139 1067 2210 deinceps
1097 2137 1337 2210 futuros)
1367 2139 1588 2210 quantis
1629 2138 1788 2194 bonis

190 2231 292 2269 nos
323 2230 430 2268 non
458 2211 691 2269 ditabit?
728 2215 769 2270 11
797 2213 815 2268 i
846 2231 975 2286 ergo
1005 2213 1094 2268 his
1121 2212 1441 2278 studebant,
1487 2223 1549 2268 ut
1586 2229 1684 2286 pro
1713 2221 1789 2268 tot

189 2289 353 2344 bonis
392 2289 693 2344 liberaliter
722 2289 943 2344 fidelem
980 2289 1158 2363 magis
1194 2291 1453 2363 pietatem
1483 2297 1790 2361 satagerent

189 2364 393 2419 referre
415 2363 681 2443 (benefico
701 2364 964 2440 domino).
1018 2365 1027 2376 '
1335 2367 1340 2374 '

204 2535 209 2543 .
306 2492 393 2545 40.
469 2489 739 2564 Propheta
776 2507 908 2548 vero
942 2501 1233 2564 postquam
1271 2493 1488 2566 peregit
1523 2489 1793 2546 Ninivitis

188 2565 655 2638 praedicationem
670 2607 683 2630 ,
724 2567 905 2622 necin
924 2569 1148 2623 civitate
1167 2568 1368 2624 mansit
1381 2594 1416 2631 ,·
1436 2581 1616 2636 neque
1635 2564 1798 2620 elon-³

190 2649 355 2714 gatus
376 2640 627 2696 abscedit
642 2659 678 2696 a
690 2643 917 2714 regione
932 2643 1175 2698 civitatis
1189 2685 1201 2708 ‚
1243 2641 1354 2698 se&
1367 2639 1589 2718 fugiens
1610 2640 1794 2696 homiv

188 2731 290 2770 nes
319 2716 689 2770 calamitatem
718 2733 911 2775 eorum
928 2735 959 2771 ε
981 2717 1144 2790 longe
1161 2717 1588 2790 exspectabant
1608 2717 1790 2772 lomim
