2125 3084
383 175 482 228 208
633 178 826 224 PHIL.
865 176 1012 223 1111).
1053 178 1375 236 QUAEST.
1410 178 1510 223 ET
1556 178 1715 225 801..
1758 176 1985 243 [11,385.]

379 283 819 349 ynacisaimuaque
847 282 994 333 lance
1017 276 1340 347 armatus*).
1419 276 1489 332 At
1516 279 1575 333 in
1603 280 1813 336 malum
1842 285 1987 339 reci-

381 355 464 426 pit
481 354 864 417 mutationem,
895 352 1117 423 quando
1133 353 1393 423 princeps
1412 369 1571 408 mens
1590 354 1905 413 demutetur
1924 360 1986 413 in

381 428 672 483 subditum
697 427 1075 491 obedientem,
1118 435 1281 499 atque
1311 428 1536 499 aurigae
1568 426 1643 504 [³¹⁶]
1678 434 1859 504 turpis
1894 435 1987 487 in-
2085 460 2086 465 κ

379 512 492 559 star
511 504 692 575 impos
711 502 984 559 retinendi
1005 504 1274 574 impetum
1301 505 1782 577 arrogantiamque
1808 522 1987 579 equo-

379 596 503 634 rum
523 596 595 633 ex
617 580 672 633 vi
693 594 890 633 cursus
909 594 1100 633 eorum
1118 593 1383 649 praeceps
1404 576 1627 633 feratur.

387 718 547 777 Quare
593 718 732 768 dicit.-
791 753 825 780 ‚,
838 716 938 767 Pro
973 734 1026 767 eo
1065 717 1195 781 quod
1228 716 1469 767 obaudivit
1495 725 1639 781 pater
1674 727 1780 767 tuus
1815 730 1861 769 et
1899 738 1982 769 cu-

511 784 704 835 stodivit
733 794 998 849 praecepta
1033 800 1139 833 mea
1176 791 1221 833 et
1260 784 1491 834 mandata
1532 799 1660 846 mea,
1715 785 1824 835 iura
1870 802 1982 835 mea

513 862 559 902 et
595 852 721 916 leyes
756 854 965 899 meas“?
1003 852 1109 915 (26,
1152 852 1227 913 5.)

494 955 608 1008 184.
650 950 846 1007 Omnia
867 968 984 1007 mea
1008 951 1147 1007 haec
1162 959 1293 1007 sunt
1307 992 1321 1017 ‚
1352 952 1455 1016 ait,
1485 951 1618 1023 quia
1635 950 1768 1007 boni
1788 960 1845 1007 et
1858 953 1977 1007 vir-

376 1036 493 1085 tute
520 1026 791 1100 pollentes
819 1025 910 1081 dei
940 1025 1243 1081 virtutibus
1274 1024 1575 1082 familiares
1612 1035 1767 1095 sunt;
1828 1026 2007 1085 undev
2084 1036 2086 1107 Q

377 1104 658 1176 accipiunt
678 1111 958 1174 tamquam
977 1118 1007 1157 a
1029 1100 1177 1157 fonte
1196 1110 1251 1158 et
1267 1102 1432 1173 pauci
1452 1118 1682 1173 numero
1701 1102 1975 1167 homineS,
2085 1148 2086 1155 ,

376 1179 463 1234 illi
496 1177 786 1241 videlicet,
823 1179 921 1247 qui
947 1185 1097 1237 recta
1124 1176 1421 1247 disciplina
1448 1176 1685 1249 pulchre
1712 1176 1981 1233 incedunt
2084 1186 2086 1255 {

376 1261 431 1309 et
450 1254 780 1325 sapientiam
799 1252 1040 1323 genuine
1063 1259 1340 1324 optarunt.
1418 1252 1504 1307 Ex
1531 1259 1767 1322 quatuor
1794 1260 1978 1307 autem

376 1328 544 1382 rebus
563 1326 762 1381 notatis
783 1326 994 1396 primae
1011 1326 1155 1383 duae
1174 1334 1453 1397 ponuntur
1473 1333 1535 1381 ut
1553 1326 1659 1383 deo
1688 1343 1980 1384 consecra-

477 1497 520 1544 *)
541 1498 727 1537 Homer.
763 1498 864 1539 Iliae
897 1499 935 1547 8,,
969 1498 1058 1542 1⁷9.

375 1719 590 1791 peiora,
632 1718 682 1773 si
709 1718 969 1789 princeps
991 1717 1259 1773 auditoris
1278 1716 1410 1771 mali
1429 1732 1608 1772 mores
1628 1725 1869 1775 sectetur
1888 1734 1981 1773 se·—

374 1794 657 1849 verissimi
698 1793 1006 1866 agitatoriS,
1048 1792 1147 1865 qui
1186 1791 1454 1864 impetum
1488 1808 1755 1863 equorum
1784 1801 1981 1847 retun-

375 1870 529 1998 dgre·
551 1886 660 1925 nen
706 1868 1034 1941 praevalens
1082 1866 1432 1922 vehementia
1476 1867 1785 1923 velocitatis
1841 1884 1980 1923 suae

373 1962 406 1999 o
447 1952 645 1999 ruitur.

381 2082 541 2141 Quare
586 2081 731 2130 dixit.-
793 2081 941 2144 „Pro
992 2098 1046 2131 eo
1090 2080 1221 2145 quod
1264 2081 1445 2131 audivit
1478 2090 1624 2145 pater
1672 2091 1777 2131 tuus
1813 2091 1859 2130 et
1898 2098 1978 2129 cu-

506 2148 1002 2265 {fg'ffiessstmffgffffsspw
1039 2162 1147 2197 mea
1184 2155 1233 2198 et
1264 2148 1495 2199 mandata
1528 2158 1633 2197 mea
1668 2156 1715 2197 et
1746 2148 1978 2209 iustifica-

491 2318 607 2369 ⁴84.
661 2314 804 2369 Haec
839 2330 962 2369 mea
1001 2316 1282 2385 praeclara
1320 2316 1463 2371 bona
1498 2313 1722 2370 divinae
1749 2315 1979 2369 virtutis

375 2389 676 2444 domestica
719 2388 836 2443 illis
881 2386 1227 2444 destinantur
1273 2390 1595 2445 hominibus
1641 2388 1839 2459 paucis
1884 2389 1979 2443 vel

372 2463 634 2533 plurimis
662 2479 762 2534 pro
791 2462 951 2516 donis
967 2502 980 2526 ,
1019 2464 1119 2533 qui
1146 2464 1303 2535 plura
1328 2464 1627 2535 disciplina
1644 2463 1982 2534 sapientiam

373 2544 427 2589 et
445 2537 716 2591 iustitiam
735 2544 1022 2610 synceram
1044 2545 1349 2603 sectantur,
1394 2554 1630 2609 quorum
1658 2555 1789 2609 spes
1815 2554 1984 2609 prae·-

372 2610 596 2676 ponitur
619 2611 678 2663 in
709 2619 950 2665 autorem
987 2612 1225 2681 peractis
1262 2618 1527 2667 mandatis
1564 2620 1727 2682 atque
1762 2630 1989 2681 praece-

367 2684 490 2744 ptis.
568 2684 834 2752 Praecepit
859 2684 1008 2739 enim
1034 2692 1097 2738 ut
1124 2692 1277 2739 autor
1304 2686 1393 2741 his
1423 2688 1521 2757 qui
1550 2686 1761 2756 absque
1782 2689 1989 2743 timore
