2125 3084
156 211 331 277 [1,so.].
382 217 483 261 DE
521 215 1068 264 PnovaN‘rrA
1105 213 1357 264 'annuo
1395 220 1458 266 11.
1654 213 1720 266 79

254 319 328 372 48.
372 315 491 390 Age
526 316 749 372 interim
786 334 1055 389 ponamus
1095 318 1240 372 inter
1271 335 1370 373 nos
1400 319 1723 375 universum

152 393 435 465 ingenitum
462 409 525 448 ac
552 393 949 463 sempiternum
979 394 1136 462 iuxta
1165 392 1310 447 illud
1338 393 1488 463 quod
1516 411 1722 466 sugge-

149 469 217 524 rit
250 483 414 522 sermo
452 467 938 522 celeberrimorum
979 467 1520 539 philosophantium,
1577 471 1723 525 sicut

150 542 480 598 conscribunt
499 543 881 606 ParmenideS‚
904 541 1268 614 Empedpcles
1285 584 1297 606 ,
1321 543 1464 597 Zeno
1479 584 1492 606 ,
1526 542 1723 598 Clean·

147 617 259 672 thes
278 616 475 689 aliique
495 617 617 674 divi
638 617 891 673 homines
913 635 975 672 ac
986 617 1140 673 velut
1159 634 1324 672 verus
1345 615 1574 689 quidam
1594 635 1722 690 pro—

145 691 355 764 prieque
393 709 546 748 sacer
584 701 792 748 coetus.
871 689 1039 764 Atqui
1079 710 1150 746 ex
1187 693 1435 764 ingenita
1471 695 1717 758 materia,

145 764 273 838 quid
316 767 600 832 miramur,
658 769 709 822 si
746 785 875 843 pars
916 768 1101 838 aliqua
1140 776 1432 838 generetur
1470 777 1564 822 aut
1601 785 1723 823 cor·

142 849 434 914 rumpatur,
475 843 683 915 partim.
705 860 804 915 per
831 843 1237 915 providentiam
1264 842 1385 907 dei,
1426 843 1627 916 partim
1649 843 1720 898 ob

140 933 312 972 rerum
344 915 649 990 ordinem‘i
689 919 939 988 Namque
980 925 1033 972 et
1074 926 1408 986 caeterorum
1450 918 1722 974 artificum

138 993 510 1064 unusquisque
556 993 838 1048 materiem
885 1009 1150 1066 generare
1196 990 1345 1047 haud
1391 991 1556 1058 solet,
1619 993 1720 1047 sed

135 1083 295 1140 quam
323 1067 430 1123 sibi
450 1069 655 1134 sumit,
698 1067 1046 1140 eamfigurat
1077 1067 1383 1138 formatque
1403 1077 1458 1122 et
1477 1069 1610 1122 artis
1629 1081 1720 1122 or-

134 1143 315 1212 dinem
344 1142 394 1200 ei
423 1142 675 1214 imponit.
760 1143 956 1198 Annon
972 1142 1146 1216 vides
1176 1141 1538 1198 statuarium?
1597 1141 1718 1198 Non

132 1219 276 1272 enim
296 1217 481 1288 ipsum
507 1234 597 1272 aes
626 1235 815 1272 creans
842 1217 1140 1276 simulacra
1170 1217 1406 1274 conficit.
1484 1219 1719 1282 Istorum

128 1291 353 1364 quidem
382 1293 503 1364 ipse
532 1302 614 1348 est
640 1294 665 1349 f
726 1302 835 1358 tor,
880 1311 971 1348 aes
1002 1301 1183 1348 autem
1213 1301 1442 1348 exterra
1461 1293 1718 1348 effossum

124 1386 249 1439 pars
278 1375 360 1422 est
386 1376 581 1428 terrae.
658 1311 835 1436 guare
863 1369 1017 1423 iuxta
1045 1368 1366 1424 huiusmodi
1385 1369 1718 1443 hypothesin

124 1443 259 1498 deus
280 1444 563 1498 materiam
582 1435 818 1515 'primam
842 1440 915 1518 [³¹⁵]
930 1461 1037 1498 non
1059 1445 1344 1516 generavit
1363 1445 1714 1516 sempiterne,

120 1517 217 1572 sed
246 1519 475 1573 materia
505 1519 574 1572 ad
605 1535 766 1573 usum
794 1527 1013 1590 sumpta
1041 1535 1140 1591 per
1162 1536 1281 1573 eam
1303 1520 1517 1574 caelum
1537 1529 1590 1574 et
1608 1528 1721 1574 ter-

119 1611 232 1646 ram
256 1602 420 1664 atque
442 1593 657 1665 species
679 1592 1001 1648 animalium
1018 1594 1440 1666 plantarumque
1462 1603 1515 1650 et
1535 1595 1720 1650 omnia

115 1667 275 1732 fecit,
325 1669 669 1740 inspectione
708 1685 771 1722 ac
808 1685 939 1723 cura
978 1667 1194 1734 habita,
1247 1679 1528 1742 tamquam
1564 1678 1720 1742 pater

110 1743 261 1814 proli
300 1758 437 1799 suae
473 1751 527 1797 et
568 1741 767 1798 artifex
799 1743 955 1814 operi
989 1761 1090 1799 suo
1125 1743 1373 1800 officium
1402 1743 1713 1816 praestans:

108 1817 268 1888 quod
296 1816 663 1872 nihilominus
692 1816 1005 1874 nullatenus
1026 1820 1260 1891 impedit
1278 1837 1397 1874 esse
1415 1817 1739 1891 providem·

106 1894 248 1946 tiam
265 1931 278 1952 ,
324 1891 432 1948 etsi
459 1889 568 1946 una
600 1909 725 1947 cum
754 1893 978 1950 materia
1006 1893 1248 1951 mundus
1275 1895 1556 1966 ingenitus
1579 1909 1718 1963 sup-

94 1967 373 2038 ponatur.
954 1969 963 1976 '

224 2071 317 2124 49.
370 2067 687 2136 Quomodo?
741 2070 881 2139 Quia
911 2090 1020 2128 non
1050 2072 1232 2127 solum
1261 2089 1444 2128 creare
1473 2081 1526 2126 et
1553 2071 1716 2127 edere

97 2145 405 2210 materiam
444 2147 728 2218 proprium
768 2156 850 2203 est
878 2147 1286 2221 providentiae,
1329 2164 1523 2202 verum
1551 2148 1717 2202 etiam

94 2237 445 2276 conservare
473 2221 881 2294 moderarique,
927 2222 1078 2295 quod
1109 2221 1440 2277 estfactum.
1519 2219 1638 2288 Qua
1656 2224 1715 2276 in

90 2315 155 2350 re
180 2295 401 2350 similis
422 2306 736 2353 censeretur
757 2299 961 2370 ephoro
982 2296 1130 2369 apud
1151 2298 1633 2362 Lacedaemonios,
1665 2298 1716 2352 is

88 2372 257 2424 enim·
282 2387 397 2426 non
420 2374 703 2428 constituit
722 2375 999 2446 politiam:
1050 2373 1310 2444 quoniam
1334 2389 1462 2428 vero
1482 2389 1714 2446 magnus

85 2454 181 2500 est
215 2454 275 2501 et
302 2455 533 2520 potem,
582 2448 938 2520 perlustranti
970 2447 1130 2502 oculo
1156 2440 1379 2520 proprio
1407 2448 1559 2502 nulla
1589 2464 1716 2518 pars

83 2521 223 2575 eius
248 2519 525 2594 (politiae)
549 2522 879 2594 relinquitur
900 2523 1021 2578 sine
1040 2523 1424 2594 inquisitione.
1503 2517 1718 2577 Simili·

79 2605 175 2649 ter
219 2597 426 2668 itaque
462 2613 718 2670 magnam
756 2599 902 2652 hanc⁴
938 2599 1222 2653 civitatem
1261 2597 1398 2654 deus
1437 2605 1716 2672 tamquam

78 2670 357 2741 ephorus
378 2689 599 2745 semper
617 2673 877 2728 oculatim
899 2675 1144 2746 intuetur
1163 2681 1216 2728 et
1233 2672 1502 2740 ordinem,
1527 2675 1584 2728 in
1606 2689 1716 2747 quo

76 2745 511 2820 unusquisque
552 2749 879 2805 constitutus
908 2749 1009 2815 sit,
1052 2749 1208 2808 velut
1237 2751 1506 2824 optimum
1523 2751 1718 2810 lauda-
