2125 3084
186 224 413 293 [11,285.]
554 230 633 273 IN
676 228 1027 275 GENESIN.
1077 231 1329 277 SERMO
1367 233 1458 279 IV.
1697 230 1794 282 403

187 330 389 387 fitendo
410 326 479 401 (s.
504 328 853 401 confitentis).
917 330 1061 384 Dicit
1081 330 1294 401 itaque:
1337 331 1602 398 Quamvis
1618 376 1630 398 ,
1655 352 1688 390 ο
1707 344 1788 400 tu,

186 408 463 478 impotens
482 404 563 458 sis
582 410 889 459 montosam
910 420 973 458 ac
994 405 1289 459 caelestem
1309 421 1468 477 agere
1488 410 1636 463 viam
1653 450 1666 474 ,
1693 410 1792 465 sed

186 482 369 537 adhuc
390 477 673 533 attrahunt
691 486 745 533 te
766 478 949 533 media
972 480 1070 534 illa
1091 479 1448 535 condecentia
1463 522 1476 545 ,
1505 484 1792 539 nihilomi-

186 574 307 619 nu8‚
334 572 403 610 ea
420 554 691 627 deinceps
710 554 905 609 nolens
923 571 1125 627 magna
1146 555 1485 620 existimare,
1511 556 1706 613 festina
1728 578 1791 615 ac

181 647 437 702 propera.
504 630 617 683 Hac
636 646 769 701 ergo
789 631 1061 685 sententia
1079 630 1525 685 constantissima
1546 634 1606 686 in
1626 641 1678 687 te
1699 634 1794 687 su·-

182 714 325 760 mata
342 745 357 769 ‚
402 720 475 759 ne
504 704 747 775 amplius
768 704 985 775 aliquid
1003 704 1342 760 obscoenum
1361 705 1452 760 vel
1474 706 1640 761 molle
1661 709 1720 761 in
1741 718 1792 763 te

181 782 407 836 haereat
436 786 531 833 aut
558 777 719 843 fluat,
761 795 933 851 quum
962 781 1304 835 constantius
1323 781 1404 834 sis
1424 790 1788 847 constructus,

180 855 397 911 vindex
416 853 563 909 illud
584 871 645 908 ac
666 854 975 926 deperdens
996 854 1200 926 impios
1219 854 1494 910 iudicium
1515 856 1654 912 fines
1670 866 1791 913 tuos

180 949 291 987 non
311 928 731 1003 propinquabit.

283 1104 415 1162 Quid
448 1116 516 1155 est
549 1104 866 1169 „Propterea
900 1106 1089 1155 vocavit
1123 1122 1289 1156 nomen
1323 1106 1528 1157 civitatis
1571 1108 1696 1158 illi-u

769 1172 1045 1237 Zoor⁸)“?
1087 1174 1206 1238 (ib.)

296 1295 383 1345 50.
432 1292 574 1347 Zoor
604 1292 761 1347 audit
788 1308 999 1355 mons,
1042 1292 1142 1363 qui
1173 1300 1256 1347 est
1282 1293 1702 1367 proficientibus
1729 1296 1784 1349 in

182 1367 449 1431 salutem,
494 1376 547 1421 et
576 1367 721 1432 illis,
763 1368 861 1439 qui
889 1366 1228 1423 incurabiles
1248 1376 1404 1434 sunt,
1438 1371 1496 1424 in
1517 1368 1786 1441 perditio-

182 1459 331 1496 nem.

190 1592 353 1651 Quare
391 1592 623 1656 (dicitur)
636 1590 746 1653 ”).·
788 1590 933 1655 „Sol
966 1609 991 1641 e
1051 1610 1177 1643 essu-5
1213 1604 1281 1643 est
1320 1595 1369 1643 in
1403 1605 1576 1645 terram
1609 1604 1655 1644 et
1685 1594 1784 1645 Lot

316 1663 557 1725 inyressus
591 1668 661 1709 est
694 1660 743 1708 in
772 1657 905 1708 Zoor
941 1662 972 1723 (
1016 1661 1170 1726 ερον).
1242 1661 1312 1710 Et
1349 1662 1560 1712 dominus
1580 1662 1707 1726 pluit
1737 1664 1786 1711 in

317 1727 595 1860 Ξιέιξοέαέι)
608 1735 653 1776 et
687 1724 997 1776 Gomorrham
1023 1728 1224 1793 εαζυῆιιν
1250 1737 1296 1778 et
1318 1729 1472 1793 iynem
1495 1728 1554 1777 de
1573 1726 1706 1777 caelo
1722 1732 1788 1776 “5

298 1901 385 1954 5⁴.
426 1897 579 1953 Idem
612 1905 829 1968 tempus
860 1896 920 1952 fit
946 1906 1057 1951 tam
1093 1894 1513 1967 proficientibus
1550 1893 1608 1947 in
1638 1894 1790 1947 salu-

182 1983 291 2029 tem
331 1990 502 2045 quam
542 1972 953 2027 insanabilibus
988 1974 1048 2025 in
1089 1970 1461 2041 punitionem,
1521 1976 1684 2039 atque
1731 1970 1787 2023 in

182 2050 303 2121 ipso
323 2048 608 2120 principio
634 2046 776 2111 diei,
808 2044 881 2121 [Ἴ
905 2047 1116 2101 oriente
1145 2045 1286 2109 sole,
1331 2044 1604 2099 iudicium
1636 2044 1788 2099 illico

182 2122 689 2179 inducit—volens
720 2120 995 2185 indicare,
1037 2120 1188 2192 quod
1218 2120 1298 2175 sol
1327 2130 1380 2175 et
1398 2121 1520 2176 dies
1541 2128 1594 2173 et
1615 2120 1715 2175 lux
1735 2129 1788 2175 ct

184 2198 452 2271 quicquid
486 2195 642 2252 aliud
672 2198 733 2250 in
762 2196 970 2251 mundo
1000 2204 1083 2249 est
1117 2197 1418 2267 pretiosum
1453 2212 1517 2250 ac
1555 2194 1782 2259 bonum,

182 2272 530 2345 sapientibus
552 2271 689 2326 solis
710 2269 1007 2325 distributa
1027 2278 1158 2325 sunt
1173 2312 1185 2335 ‚
1224 2273 1433 2325 nemini
1457 2277 1640 2325 autem
1659 2270 1788 2324 illo-

182 2365 329 2413 rum,
372 2364 617 2419 quorum
637 2345 965 2399 incurabilis
988 2353 1071 2400 est
1099 2346 1329 2407 malitia.
1407 2346 1484 2399 De
1511 2343 1661 2396 caelo
1687 2361 1788 2397 au-

180 2431 287 2478 tem
303 2464 315 2487 ‚
359 2422 513 2477 unde
535 2421 678 2475 fiunt
698 2420 963 2475 annuales
988 2429 1339 2493 tempestates
1360 2418 1697 2489 pluviaeque
1719 2416 1788 2469 ad

181 2499 588 2553 incrementum
620 2496 933 2567 germinum
963 2504 1233 2559 satorum,
1277 2502 1441 2563 atque
1472 2488 1690 2544 arbores
1719 2490 1788 2543 ad

180 2572 608 2644 productionem
642 2569 924 2624 fructuum
950 2570 1007 2625 in
1026 2570 1217 2625 cibum
1237 2566 1527 2622 hominum
1548 2572 1790 2618 caetero-

281 2713 323 2759 ·)
350 2714 403 2751 ln
422 2712 559 2751 sacrls
576 2708 715 2749 literis
734 2709 806 2749 Gr.
825 2708 999 2749 Armen.
1020 2713 1065 2749 et
1080 2710 1179 2747 Lat.
1191 2720 1204 2745 ε
1249 2702 1412 2754 Ennio,
1433 2702 1578 2750 Seqor.
1630 2704 1702 2741 Au
1715 2704 1788 2741 ch.

283 2777 353 2826 Ἀ)
381 2777 451 2818 Cf.
465 2777 667 2816 Philonis
684 2776 853 2825 Fragm.
872 2786 1003 2825 supra
1024 2776 1124 2815 Vol.
1143 2773 1216 2813 VI.
1238 2782 1280 2819 p.
1300 2770 1388 2810 269.
