2125 3084
181 202 513 273 [11,179.180.]
539 208 623 254 IN
663 208 1013 253 GENESIN.
1052 209 1310 256 SERMO
1355 212 1442 255 111.
1736 208 1786 258 Η

180 311 393 367 mentis
423 325 648 381 quoque
680 323 919 380 aqueum
944 308 1276 381 aereumque
1303 317 1358 364 et
1391 312 1646 383 igneum,
1697 329 1798 384 ap-

179 384 517 459 pellandum
555 383 736 455 magis
764 383 919 437 iuxta
948 383 1442 454 apprehensionem
1456 428 1469 450 ,
1508 402 1680 458 quem
1707 388 1798 442 vi-

180 462 429 527 sionem;
482 466 537 513 et
556 474 699 528 aqua
721 474 831 511 non
852 466 934 512 est
953 458 1031 511 ita
1051 458 1230 513 nitida
1249 475 1496 531 puraque
1511 502 1524 525 ‚
1554 462 1692 532 quin
1719 458 1793 535 [³⁸²]

180 535 389 590 habeat
426 532 911 605 participationem
949 533 1104 587 venti
1144 533 1235 588 vel
1271 541 1471 601 terrae3
1537 535 1619 589 sic
1653 543 1708 589 et
1736 536 1796 590 in

184 611 314 665 aliis
336 608 583 680 singulis
608 607 933 677 temperatio
953 608 1232 661 mixturae
1258 615 1360 662 est.
1440 607 1640 674 Quinta
1665 627 1798 665 vero

184 675 501 740 substafftia
526 682 785 735 immixta
816 689 869 735 et
895 698 1035 752 pura
1062 682 1182 736 sola
1211 689 1296 737 est
1322 681 1490 747 facta,
1532 683 1604 737 ob
1631 700 1800 755 quam

184 760 459 814 rationem
486 774 598 811 non
628 755 789 811 solita
821 754 926 809 fuit
960 755 1159 810 incidi.
1238 756 1418 823 Quare
1447 758 1554 811 rite
1590 758 1800 813 dictum

186 842 299 887 est:
360 838 491 887 Aves
518 849 626 885 non
652 830 861 897 divisq-
907 832 1172 901 quoniam
1191 831 1482 887 volucrum
1504 833 1678 888 instar
1701 849 1800 887 ex-

190 908 359 962 altata
398 913 483 961 est
520 913 717 959 natura
763 904 1015 959 caelestis
1052 914 1166 959 tam
1200 906 1574 977 planetarum,
1628 925 1796 980 quam

188 982 447 1045 fixarum,
473 979 544 1034 ad
564 979 991 1035 similitudinem
1012 980 1298 1036 ambarum
1319 982 1582 1038 videlicet
1603 985 1794 1038 avium

188 1055 552 1118 mundarum,
594 1056 827 1109 turturis
856 1062 909 1108 et
937 1054 1224 1110 columbae
1239 1096 1252 1121 ‚
1299 1056 1636 1112 divisionem
1671 1059 1794 1114 sive

192 1132 495 1185 sectionem
514 1129 614 1184 vix
634 1128 1070 1183 admittentium:
1110 1131 1334 1201 quintae
1355 1133 1505 1185 enim
1525 1133 1796 1187 essentiae

190 1214 277 1259 est
310 1205 626 1259 sincerioris
660 1220 723 1257 ac
750 1204 991 1275 purioris
1005 1243 1018 1268 ‚
1065 1212 1120 1259 et
1148 1203 1274 1260 ideo
1311 1206 1492 1279 magis
1529 1208 1796 1263 unitatem

190 1280 443 1336 imitatur
461 1277 837 1334 indivisibilis
856 1278 993 1333 haec
1016 1286 1232 1334 natura.
1280 1350 1290 1357 ·

324 1486 458 1545 Quid
488 1494 559 1539 est
592 1510 629 1551 ,·,
643 1485 1090 1552 Descendemntque
1129 1504 1241 1537 aves
1273 1488 1324 1537 in
1357 1504 1561 1555 corpora
1595 1488 1668 1539 dc-

751 1554 935 1605 vssa‘w
976 1560 1085 1621 (15,
1127 1558 1232 1619 11.)

295 1690 351 1743 7.
402 1687 867 1762 Quandoquidem
898 1690 1080 1745 divisa
1101 1691 1200 1746 illa
1219 1690 1525 1764 symbolice
1544 1690 1652 1745 tria
1673 1690 1795 1745 ani-

189 1765 427 1827 mantia,
459 1764 667 1828 vitula,
709 1781 873 1835 capra
898 1773 953 1821 et
972 1766 1147 1829 aries,
1181 1766 1340 1838 signa
1361 1774 1518 1828 sunt,
1559 1772 1624 1819 ut
1643 1764 1796 1819 dixi—

190 1856 313 1893 mus
330 1880 342 1902 ,
367 1847 567 1903 terrae,
598 1856 773 1910 aquae
794 1848 847 1893 et
868 1840 1035 1894 aiiris:
1080 1856 1222 1910 opus
1242 1848 1325 1893 est
1341 1848 1524 1893 tamen
1544 1845 1798 1908 coaptare

192 1913 563 1975 redditionem
580 1914 810 1969 rationis
825 1954 837 1977 ‚
865 1930 1142 1985 perpensa
1161 1914 1390 1967 veritate
1409 1911 1516 1965 sub
1535 1911 1797 1983 mysterio

192 1986 606 2042 similitudinis,
687 1988 957 2043 Fortassis
988 1990 1176 2058 itaque
1215 1986 1471 2059 designat
1504 2001 1608 2057 per
1641 1985 1797 2041 vola-

193 2070 308 2116 tum
330 2064 524 2117 avium
542 2079 711 2133 super
736 2062 1007 2116 sectiones
1022 2103 1035 2126 ‚
1079 2078 1307 2117 monens
1328 2061 1682 2117 inimicorum
1703 2061 1794 2116 in-

192 2138 501 2193 vasionem.
577 2136 850 2191 Universa
879 2138 1053 2201 enim,
1102 2153 1245 2208 quae
1273 2136 1462 2192 subter
1492 2136 1682 2192 lunam
1711 2146 1796 2191 est

195 2220 383 2265 natura
396 2252 413 2275 ,
440 2210 609 2282 plena
628 2219 713 2265 est
729 2210 959 2283 praeliis
981 2229 1043 2265 ac
1062 2212 1502 2285 malignitatibus
1527 2211 1794 2267 domesti-

196 2286 270 2339 cis
298 2294 354 2340 et
384 2286 650 2340 externis.
730 2284 817 2340 oh
838 2285 1025 2339 cibum
1046 2295 1100 2340 et
1119 2288 1401 2357 crapulam
1421 2303 1590 2358 super
1609 2286 1794 2342 divisa

196 2376 320 2414 sane
341 2377 572 2432 corpora
592 2376 725 2414 aves
748 2358 1005 2415 videntur
1032 2361 1246 2416 volare:
1303 2370 1498 2416 natura
1527 2360 1794 2415 nimirum

200 2434 492 2490 validiores
530 2451 701 2505 super
739 2434 993 2489 imbelles
1030 2442 1312 2506 tamquam
1357 2450 1523 2506 super
1569 2449 1792 2503 corpora

198 2517 404 2563 mortua
430 2510 680 2572 irruunt,
724 2508 1050 2580 plerumque
1087 2526 1159 2563 ex
1191 2508 1498 2579 improviso
1525 2505 1798 2559 invaden—

197 2590 293 2637 teS.
374 2582 444 2637 At
471 2599 643 2654 super
670 2590 941 2637 turturem
970 2591 1025 2637 et
1052 2582 1370 2637 columbam
1408 2595 1520 2631 non
1559 2578 1794 2641 evolant.

201 2652 271 2730 [Ἴ
292 2658 561 2728 quoniam
580 2658 861 2712 immunes
890 2675 921 2711 a
946 2656 1350 2729 cupiditatibus
1369 2650 1802 2706 infraudabiles-

198 2746 299 2800 que
320 2738 453 2787 sunt
473 2731 759 2787 caelestes.
