2125 3084
222 183 308 249 ln,
338 183 463 249 εει]
578 188 661 233 m
703 186 1061 233 ommam.
1105 189 1360 235 senno
1394 192 1485 239 w.
1767 188 1868 257 83·

222 287 363 345 dens
400 288 657 360 praescia
694 286 899 341 virtute
935 288 1120 342 omnia
1166 289 1348 354 novit,
1409 291 1574 345 etiam
1611 291 1828 357 futura,

220 362 699 437 quem-admodum
718 369 773 417 et
793 361 961 433 paulo
980 371 1106 418 ante
1128 364 1340 418 monui.
1422 365 1549 421 Vult
1573 382 1704 439 ergo
1731 366 1833 423 do-

220 458 343 495 cere
372 456 473 493 eos
508 439 609 508 qui
638 435 947 495 secundum
975 446 1222 493 sanctam
1257 437 1659 510 legislationem
1699 458 1834 496 con-

218 513 487 571 versandi
518 520 699 575 erant,
742 519 805 566 ut
840 528 1001 568 nemo
1038 514 1257 567 iussum
1295 513 1391 567 det
1427 512 1590 569 facile
1623 517 1826 579 statim,

213 590 317 647 sed
348 590 507 643 intus
539 588 599 641 in
626 586 749 658 ipsa
778 588 999 659 negotia
1026 588 1186 659 prius
1219 589 1460 660 ingressi
1495 592 1832 659 perspiciant

210 662 685 739 perpendantque
702 662 889 716 omnia
913 662 1246 735 singillatim
1275 672 1332 717 et
1357 662 1685 735 diligenter,
1725 682 1832 719 non

210 756 353 797 vero
392 737 694 810 superficie
726 752 912 791 rerum
948 736 1319 808 decipiantur.
1398 732 1678 804 Quoniam‘
1707 749 1835 793 sunt

208 816 441 885 aliqua,
485 828 630 884 quae
656 819 923 884 apparent
950 812 1011 866 in
1038 821 1337 883 conspectu
1362 813 1597 885 pulchra
1616 823 1673 869 et
1693 814 1834 885 legi-

206 892 385 952 tima,
430 887 533 943 sed
568 894 861 958 postquam
890 887 1173 951 abierunt,
1224 886 1382 943 foeda
1411 897 1465 943 et
1489 889 1725 956 iniusta3
1779 898 1834 943 et

207 984 289 1021 ex
338 963 577 1019 adverso
612 961 801 1033 aliqua
847 970 907 1017 ut
951 962 1097 1017 mala
1147 963 1263 1017 visa
1305 972 1360 1018 et
1401 964 1548 1019 sicut
1591 964 1833 1019 obnoxia

206 1040 432 1102 reatui,
484 1038 545 1091 in
580 1040 702 1109 ipsa
734 1036 1059 1108 probatione
1093 1046 1370 1109 comperta
1404 1047 1534 1093 sunt
1567 1056 1832 1113 generosa

205 1114 503 1185 valdeque
524 1112 689 1167 laude
710 1112 899 1184 digna.
950 1110 1173 1185 Optima
1195 1114 1368 1185 igitur
1387 1113 1636 1168 doctrina
1657 1114 1834 1168 bonae

206 1192 375 1245 vitae
400 1188 685 1259 praecepit
712 1202 841 1241 cum
869 1187 991 1259 lege
1005 1228 1018 1251 ‚
1071 1195 1134 1242 ut
1167 1204 1329 1242 nemo
1363 1187 1620 1243 videatur
1648 1190 1832 1243 statim

210 1264 391 1321 facile
418 1279 687 1326 annuere,
731 1270 1024 1334 antequam
1050 1263 1285 1318 consilio
1309 1263 1616 1336 sapientiae
1643 1264 1833 1333 inqui-

208 1349 335 1404 rat,
376 1339 565 1410 qualis
588 1338 719 1409 quis
744 1338 819 1391 sit
839 1338 1133 1406 veracitet-3
1179 1338 1431 1411 deceptio
1456 1340 1607 1393 enim
1631 1336 1705 1413 [*]
1731 1337 1833 1392 de-

210 1414 501 1472 fraudatio
528 1421 613 1469 est
647 1412 723 1485 (s.
754 1412 1199 1486 praevaricatio).
1279 1414 1349 1469 Ut
1383 1430 1516 1487 ergo
1552 1416 1828 1469 neminem

211 1492 517 1547 hominum
562 1495 617 1543 et
656 1489 954 1559 praecipue
999 1489 1317 1561 principum
1361 1488 1567 1561 pudeat
1613 1490 1828 1559 aliquid

210 1566 469 1627 nescire,
514 1580 579 1618 eo
606 1562 757 1634 quod
792 1562 1138 1621 insufficiens
1169 1562 1422 1619 fueritin
1447 1581 1580 1619 casu
1611 1564 1831 1619 visibili

212 1638 579 1697 invisibilem
598 1654 715 1692 rem
735 1638 939 1693 certius
965 1640 1230 1711 consequi
1247 1680 1259 1703 ‚
1304 1638 1504 1693 ducem
1529 1655 1592 1692 ac
1618 1639 1834 1709 princi-

210 1734 353 1789 pem
400 1715 789 1768 universorum
834 1712 1095 1778 adduxit,
1173 1715 1264 1768 cui
1306 1714 1490 1768 omnia
1537 1713 1832 1783 perspicua

212 1798 383 1853 sunt,
428 1806 538 1845 non
566 1789 725 1859 prius
758 1787 1063 1844 credidisse
1079 1830 1092 1853 ‚
1136 1788 1237 1843 sed
1271 1787 1569 1859 diligenter
1601 1787 1835 1839 interro-

212 1882 389 1940 gasse
435 1873 599 1935 atque
644 1863 1035 1935 inquisivisse,
1103 1880 1239 1917 num
1287 1868 1590 1931 sequantur
1643 1875 1835 1913 vocem

214 1938 542 2013 (rumorem)
571 1937 741 2003 faeta,
786 1956 853 1994 an
876 1937 1032 1995 aliud
1052 1936 1242 1993 dicant
1262 1936 1408 1991 sicut
1427 1932 1708 2005 culpabile
1723 1974 1736 1995 ‚
1783 1940 1836 1987 et

216 2014 382 2073 aliud
416 2021 581 2087 agant
609 2012 795 2069 minus
821 2012 1188 2085 culpandum:
1233 2010 1396 2067 multi
1417 2010 1566 2065 enim
1588 2008 1731 2065 male
1754 2007 1836 2063 lo·

214 2097 460 2163 quentes
492 2091 725 2143 virtutes
753 2096 1053 2161 peragunt,
1099 2095 1155 2143 et
1183 2086 1324 2143 bene
1353 2083 1692 2159 proferentes
1723 2083 1835 2139 ini-

212 2182 335 2237 qua
366 2172 539 2239 agunt
568 2179 761 2235 opere;
805 2180 947 2235 quae
976 2161 1273 2235 diligenter
1303 2162 1537 2218 scrutari
1569 2160 1732 2217 debet
1762 2160 1828 2223 is,

216 2240 322 2313 qui
342 2236 670 2312 profuturus
691 2244 775 2293 est
800 2238 1058 2293 humanis
1079 2238 1245 2295 rebus
1273 2237 1468 2295 nitide.

225 2392 328 2443 Cur
372 2392 538 2443 iterum
582 2392 890 2456 singulariter
932 2392 1076 2443 dicit.-
1146 2392 1438 2457 „Abraham
1483 2398 1637 2437 autem
1681 2385 1836 2433 adhuc

560 2461 724 2509 stabat
760 2476 919 2509 coram
955 2458 1221 2509 domino“?
1262 2460 1367 2523 (18,
1397 2457 1507 2517 22.)

338 2564 428 2619 25.
489 2561 733 2615 Rursum
772 2562 992 2616 animus
1032 2559 1200 2615 deum
1239 2560 1296 2613 in
1337 2574 1400 2611 se
1437 2552 1673 2627 gerit*)‚
1721 2560 1838 2605 turn

329 2740 375 2786 ⁴¹)
404 2738 497 2777 Aut
520 2738 603 2777 itez
645 2735 869 2774 Conversus
898 2736 977 2779 (ad
1002 2733 1144 2775 deam)
1171 2730 1332 2767 animus
1359 2722 1562 2775 θεοφόρος
1578 2724 1646 2770 fic.
1681 2722 1842 2761 Auch.
