2125 3084
142 212 374 280 [11,273.]
496 218 575 263 1N
618 218 974 265 GENEsm.
1023 222 1277 267 snnmo
1317 224 1401 270 lv.
1693 220 1758 273 93

144 319 259 375 lum
280 335 425 373 vero
442 318 545 390 qui
564 317 750 373 adhuc
780 320 837 373 in
866 319 1170 391 disciplina
1197 331 1308 387 est,
1352 341 1761 396 supervacanea

144 392 486 467 (procurare)
508 394 830 465 voluptatiS,
859 412 1003 465 quae
1022 394 1290 453 damnum
1309 400 1494 468 potius
1513 400 1761 458 inferunt

146 487 313 541 quam
344 468 669 524 utilitatem.
746 468 799 523 Is
827 486 955 542 ergo
975 472 1076 541 qui
1097 471 1346 527 nondum
1365 473 1603 543 perfecte
1625 494 1760 548 pur-

144 554 303 617 gatus
327 551 435 608 est,
460 543 607 599 nihil
629 543 795 599 habet
813 546 873 597 in
892 546 1107 601 occulto
1127 545 1209 619 (ut
1225 547 1635 622 subcinericia),
1659 552 1758 607 sed

142 619 291 691 quod
314 620 375 673 in
398 626 703 689 conspectu
732 626 816 674 est
844 620 1173 685 multorum,
1215 623 1480 694 quoniam
1513 641 1760 681 commu-

138 696 375 750 nitatem
408 708 710 766 aggressus
738 701 839 749 est.
918 695 1126 751 Verum
1153 698 1378 768 sapiens
1398 698 1640 770 plurima
1663 700 1760 754 ha·

136 771 231 826 bet
254 786 486 823 arcana:
528 769 793 839 quoniam
813 786 921 825 non
942 769 1145 825 desunt
1163 788 1344 843 neque
1365 773 1424 827 in
1442 773 1652 845 plantis
1672 792 1760 830 res

134 844 471 915 inaequales
485 885 497 909 ,
530 861 673 915 quae
692 861 889 899 arcana
909 844 1222 901 divinitatis
1243 847 1503 917 produnt,
1527 864 1591 903 eo
1610 849 1759 919 quod

132 918 541 992 intelligibiles
570 926 700 973 sunt
728 926 783 973 et
808 920 1082 975 occultam
1111 920 1570 993 invisibilemque
1595 940 1758 995 prae-

132 995 329 1051 ferunt
346 992 868 1050 considerationem.

139 1137 245 1187 Cur
281 1134 567 1186 sodomitae
601 1136 895 1185 ammaum
932 1135 1118 1185 domum
1158 1138 1222 1185 ab
1269 1137 1566 1188 adolescente
1607 1156 1756 1202 usque

334 1203 407 1253 ad
433 1204 663 1254 seniorem
670 1239 687 1268 ‚
738 1212 863 1254 totns
890 1204 1098 1269 populus
1130 1204 1302 1254 simul?
1337 1204 1446 1269 (193
1490 1209 1566 1267 4.)

256 1310 345 1361 36.
388 1304 532 1363 Haeo
555 1307 741 1362 omnia
758 1306 818 1363 in
838 1307 1021 1361 causis
1042 1315 1173 1362 sunt
1193 1314 1378 1361 reatus
1392 1348 1404 1371 ‚
1455 1315 1509 1362 et
1535 1315 1682 1362 aetas
1701 1318 1754 1362 et

136 1380 470 1447 multitudO,
512 1398 768 1453 quaeque
794 1376 867 1455 [⁴¹⁵]
894 1382 952 1435 in
978 1380 1146 1437 rebus
1167 1398 1270 1436 nec
1288 1382 1628 1438 harmoniam
1653 1383 1752 1437 ha-

137 1458 276 1533 lgent
305 1472 489 1528 neque
522 1455 892 1511 concordiam.
971 1456 1175 1511 Littera
1204 1458 1392 1528 itaque
1413 1459 1582 1513 nimis
1603 1458 1748 1513 clara

139 1541 242 1587 est.
323 1530 411 1586 Ad
452 1540 696 1587 mentem
733 1548 863 1586 vero
899 1530 1319 1594 fundamentum
1349 1530 1517 1587 habet
1545 1532 1745 1595 littera,

138 1607 408 1679 quoniam
446 1608 598 1661 caeci
637 1614 692 1659 et
726 1605 942 1661 steriles
970 1624 1001 1661 a
1030 1606 1304 1679 sapientia
1342 1624 1522 1664 mores
1553 1610 1747 1673 animi,

140 1699 282 1754 quos
305 1680 619 1737 Sodomitas
644 1681 931 1745 vocitavit,
976 1681 1400 1737 circumvadunt
1423 1691 1751 1737 connatura—

141 1758 252 1811 lem
282 1756 539 1820 domum‚
586 1772 785 1827 corpus
815 1757 1071 1827 inquam3
1151 1764 1315 1827 atque
1353 1766 1468 1810 tam
1507 1756 1750 1810 seniores

140 1848 310 1903 quam
336 1832 499 1903 pueri
530 1832 590 1885 in
627 1847 795 1884 unam
824 1828 1078 1885 choream
1107 1831 1334 1884 adunati
1363 1828 1534 1883 simul
1562 1838 1754 1881 curant

140 1907 407 1978 aluntq‘ue
439 1904 613 1969 illud,
659 1913 937 1976 tamquam
966 1904 1276 1959 insatiabili
1305 1905 1554 1957 iumento
1583 1910 1636 1954 et
1673 1902 1753 1957 la-

140 1980 294 2036 scivo
333 1980 637 2036 insanienti
678 1981 962 2051 copiosum
1002 1980 1194 2034 cibum
1233 1992 1359 2032 cum
1397 1977 1626 2031 caeteris
1659 1994 1746 2031 vo-

142 2056 450 2128 luptatibus
468 2062 833 2128 praestantes,

278 2208 411 2268 Quid
446 2218 517 2257 est
553 2204 745 2271 „Educ
784 2204 903 2321 ill‘o‘s?
924 2185 1157 2337 (Zellssnog’)
1189 2214 1240 2254 ut
1277 2218 1614 2269 coynoscamus

745 2290 823 2325 eos
1030 2310 1043 2333 ‚
1117 2308 1129 2321 .

251 2380 336 2434 37.
380 2378 593 2433 Littera
613 2374 800 2447 prodit
820 2377 1206 2446 mancipatam,
1229 2374 1482 2444 iniquam
1501 2379 1750 2439 turpem-

141 2472 245 2525 que
280 2453 655 2524 pollutionem
688 2450 925 2505 virilem.
1003 2448 1091 2503 Ad
1118 2456 1359 2501 mentem
1392 2460 1519 2497 vero
1558 2440 1754 2495 libidi-

144 2530 261 2583 nosi
282 2537 337 2583 et
358 2528 631 2583 lasciviae
652 2524 857 2589 dediti,
898 2540 1157 2597 aggerem
1187 2523 1462 2602 erigentes
1489 2518 1755 2585 concupi—

143 2606 429 2666 scentiam,
444 2609 683 2656 mortem
700 2601 981 2654 minantur
1000 2597 1205 2653 sobriis
1226 2592 1604 2658 studiosisque
1625 2604 1756 2674 con-

144 2679 429 2732 tinentiae.
492 2674 581 2731 Ad
600 2690 744 2747 quos
764 2674 982 2729 dicunt:
1024 2674 1239 2727 Exeant
1259 2668 1405 2723 foras
1427 2680 1497 2719 ex
1518 2679 1757 2733 proprus

148 2750 528 2807 voluntatibus
552 2758 717 2820 atque
738 2768 807 2805 ex
826 2748 1074 2803 modesta
1096 2745 1208 2797 vita
1231 2746 1542 2796 constanter
1571 2736 1755 2795 ducta,
