2125 3084
189 181 279 246 [IL
306 178 424 244 515]
560 186 640 260 IN
674 187 1013 233 Exontm.
1056 188 1310 235 SERMO
1347 190 1416 236 11.
1689 182 1780 236 364

198 349 330 406 Quid
360 359 432 400 est
464 349 712 414 „Loquar
746 351 834 400 tibi
864 351 1102 402 desursum
1137 368 1196 402 ex
1219 353 1581 416 propitiatorio,
1639 371 1664 404 e
1697 371 1817 422 me·-

575 417 653 468 dio
688 418 881 478 duorum
920 418 1248 468 Cherubim“?
1292 419 1412 486 (ib.)

304 539 389 592 68.
418 535 670 594 Ostendit
688 536 793 596 hoc
812 537 1108 608 imprimis,
1133 538 1283 610 quod
1303 540 1616 612 propitiam,
1641 555 1791 594 crea-

192 613 366 668 tivam
386 628 715 684 omnemque
732 613 993 668 virtutem
1014 621 1238 686 superat
1258 613 1549 683 divinitas3
1590 613 1792 670 deinde

188 704 351 752 vero,
383 687 532 760 quod
554 687 797 760 loquitur
815 687 977 760 quasi
998 686 1284 744 ‹ie-medio
1314 691 1604 744 creativae.
1682 691 1794 745 Hoc

191 769 379 818 autem
416 761 737 818 huiusmodi
776 762 1068 834 quidpiam
1107 762 1402 820 arbitratur
1435 781 1611 819 mens.
1695 765 1794 820 Dei

186 837 455 902 verbum,
499 854 563 893 eo
598 836 748 910 quod
785 837 845 892 in
885 837 1072 893 medio
1102 847 1186 894 est
1213 841 1601 905 conveniente,
1649 839 1793 895 nihil

188 912 421 968 omnino
439 913 499 968 in
519 913 713 968 natura
730 912 998 983 relinquit
1017 929 1257 969 vacuum
1271 955 1284 978 ,
1326 916 1511 970 omnia
1532 916 1790 988 implam,

189 995 363 1060 atque
399 987 459 1042 fit
493 987 760 1044 mediator
790 987 1103 1062 arbiterque
1130 989 1421 1062 utriusque
1453 988 1526 1066 [*]
1558 991 1730 1062 partis
1765 1007 1796 1044 a

188 1061 542 1128 seinvicem,
573 1071 636 1119 ut
652 1065 877 1136 putatur
890 1105 903 1126 ‚
935 1063 1245 1119 disiunctae
1259 1105 1271 1129 ‚
1297 1081 1477 1121 amore
1499 1074 1553 1120 et
1572 1081 1797 1121 concor-

189 1137 291 1193 dia
330 1135 497 1208 facta3
558 1155 775 1210 semper
810 1139 960 1193 enim
1000 1140 1405 1196 communionis
1442 1149 1524 1196 est
1549 1143 1724 1195 causa'
1744 1149 1799 1196 et

189 1209 511 1288 pacificum.
584 1214 750 1269 Porro
771 1213 841 1273 de
862 1230 985 1269 arca
1005 1214 1314 1270 secundum
1331 1225 1514 1288 partes
1535 1217 1658 1272 eius
1679 1216 1799 1271 dis-

192 1287 500 1356 seruimus3
581 1295 793 1362 oportet
837 1296 1019 1344 tamen
1069 1288 1266 1345 cu'ncta
1314 1292 1481 1347 simul
1519 1308 1798 1347 resumere

190 1371 420 1437 propter
457 1363 909 1440 notificationem,
956 1381 1194 1437 quorum
1230 1366 1368 1422 haec
1395 1367 1645 1442 symbola
1675 1367 1797 1422 fue-

192 1440 335 1504 rint,
377 1438 556 1495 obiter
586 1438 972 1514 significando.
1052 1441 1371 1516 Symbolica
1401 1459 1640 1516 namque
1659 1443 1797 1499 haec
1819 1473 1832 1488 ·

192 1522 373 1570 erant:
436 1531 563 1570 arca
592 1524 644 1576 et
675 1515 767 1570 lex
794 1516 853 1570 in
883 1532 947 1570 ea
974 1517 1253 1573 recondita
1271 1560 1283 1583 ‚
1327 1537 1605 1594 supraque
1631 1521 1796 1575 istam

189 1591 663 1664 propitiatorium3
716 1590 917 1646 deinde
939 1608 1105 1664 super
1122 1593 1565 1666 propitiatorium
1585 1595 1798 1652 Cheru-

190 1665 309 1722 bim
337 1665 639 1722 chaldaica
669 1667 859 1740 lingua
896 1667 1061 1736 dicti;
1123 1669 1382 1741 superius
1421 1680 1604 1725 autem
1642 1688 1672 1724 e
1711 1687 1799 1725 re·—

193 1743 362 1814 gione
389 1741 565 1796 medii
594 1757 702 1798 vox
736 1750 787 1796 et
806 1741 1048 1798 Verbum
1065 1785 1078 1808 ,
1123 1752 1176 1799 et
1203 1739 1372 1814 supra
1405 1745 1549 1799 illud
1575 1745 1794 1798 Dicens.

192 1813 355 1882 Quod
376 1816 426 1870 si
444 1815 634 1887 itaque
656 1825 901 1882 accurate
930 1818 1069 1874 haec
1097 1819 1412 1890 perspicere
1441 1826 1604 1890 atque
1633 1818 1799 1873 intel—

193 1893 372 1963 ligere
400 1891 530 1962 quis
555 1892 755 1962 poterit
780 1892 976 1949 horum
1006 1901 1228 1948 naturas
1245 1933 1257 1957 ,
1300 1893 1444 1947 ultro
1471 1907 1572 1964 ego
1591 1897 1799 1947 renun-

192 1965 357 2021 ciabo
378 1973 590 2021 caetera
610 1967 810 2033 omnia,
833 1984 1218 2041 quaecumque
1240 1967 1660 2022 aemulationem
1679 1983 1798 2022 me-

192 2049 317 2097 rent
336 2040 595 2097 deiformi
624 2042 1044 2115 pulchritudine
1074 2041 1431 2097 circumdata.
1510 2041 1798 2100 Verumta-

194 2133 325 2171 men
362 2117 776 2174 consideremus
815 2119 1063 2193 singula‚
1105 2126 1405 2189 utcumque
1442 2134 1500 2173 se
1536 2117 1794 2172 habeant.

193 2193 414 2248 Primus
444 2201 528 2249 est
554 2193 703 2268 (Ens)
725 2194 849 2260 ille,
891 2195 987 2268 qui
1016 2195 1192 2249 maior
1209 2191 1380 2266 (natu)
1402 2201 1485 2248 est
1504 2194 1668 2251 etiam
1689 2209 1798 2247 uno

192 2267 286 2324 vel
308 2268 473 2324 unico
492 2278 548 2325 et
565 2270 863 2342 principio.
936 2269 1148 2328 Deinde
1165 2269 1324 2326 Entis
1341 2269 1602 2334 Verbum,
1628 2268 1798 2323 semi-

190 2344 388 2400 nativa
420 2346 632 2402 entium
669 2363 803 2402 vere
840 2346 1100 2402 essentia.
1176 2346 1267 2402 Ex
1290 2346 1430 2402 Eute
1460 2361 1589 2401 vero
1616 2342 1796 2400 Verbo

190 2426 477 2491 tamquam
502 2437 577 2478 ex
602 2420 755 2478 fonte
772 2421 1056 2493 disruptae
1077 2422 1386 2478 scaturiunt
1405 2413 1598 2476 ambae
1617 2420 1796 2476 virtu-

188 2503 299 2550 tes.
376 2494 495 2550 Una
520 2504 603 2552 est
621 2497 861 2552 creativa
876 2537 889 2561 ‚
922 2496 1231 2552 secundum
1251 2495 1401 2568 quod
1419 2497 1604 2570 posuit
1624 2493 1797 2568 (crea-

190 2569 279 2624 vit
300 2569 535 2643 scilicet)
554 2572 737 2636 omnia
762 2580 816 2628 et
840 2573 1057 2628 ornavit
1087 2571 1312 2640 artife13
1373 2572 1424 2628 is
1451 2577 1576 2628 deus
1604 2571 1798 2644 appel-

192 2644 360 2700 latur.
437 2643 622 2702 Altera
658 2647 839 2720 regia,
882 2646 1191 2702 secundum
1227 2646 1378 2718 quod
1415 2648 1674 2720 princeps
1715 2654 1800 2701 est
1884 2643 1891 2649 ’

193 2717 467 2776 factorum
505 2736 536 2773 a
576 2730 839 2790 creatore3
907 2723 958 2776 is
995 2729 1222 2779 vocatur
1257 2725 1510 2780 dominus.
1587 2723 1672 2778 Ex
1707 2720 1798 2778 his
