2125 3084
181 199 256 266 [IL
281 195 394 278 5222]
533 201 613 246 IN
648 201 986 248 Exonmt.
1025 201 1279 248 emmo
1314 203 1385 250 11.
1667 197 1766 253 367

317 341 412 392 Cur
447 339 728 392 candelabri
755 351 1008 406 „quatuor
1042 344 1344 407 craterum·
1374 343 1480 407 (2⁵,
1514 345 1625 408 34.)

278 446 363 498 77.
414 443 810 516 Unusquisque
837 461 1024 498 ramus
1052 460 1221 500 unam
1240 451 1619 516 tempestatem
1638 449 1769 502 anni

213 519 384 576 erficit
401 535 501 592 per
521 520 664 574 trina
693 519 882 592 signa,
924 520 1072 574 sicut
1096 519 1311 576 dictum
1339 527 1448 588 est3
1512 520 1771 576 candela·-

179 537 333 650 ssrum
360 611 489 650 vero
517 609 764 650 annuum
795 602 1036 667 tempus.
1114 593 1357 660 Quatuor
1382 591 1612 666 quidem
1640 605 1771 652 sunt

177 677 520 740 tempestates
535 709 550 735 ,
592 669 1042 740 commixtionem
1081 677 1263 726 tamen
1301 667 1600 740 quamdam
1626 671 1771 726 reci-

173 746 330 818 piunt
347 744 418 800 ad
438 760 644 799 annum
665 742 1092 800 conficiendum.
1166 743 1321 800 Nihil
1342 745 1492 800 enim
1514 745 1668 800 aliud
1687 753 1771 800 est

174 835 346 876 annus
361 861 374 884 ,
416 820 529 874 nisi
557 818 1022 891 complementum
1039 827 1276 890 quatuor
1292 827 1679 892 tempestatum
1700 837 1771 876 ex

171 895 258 950 his
279 895 592 950 commixtis
612 892 942 950 confectum.
995 892 1266 960 Quoniam
1284 911 1393 950 non
1413 895 1767 951 incommixta

170 988 233 1026 ac
251 969 474 1024 dissona
493 978 575 1024 est
596 977 904 1042 temporum
921 977 1136 1034 natura,
1158 968 1255 1024 sed
1268 967 1617 1024 concordiam
1628 978 1769 1025 tem-

167 1044 474 1118 peramenti
501 1043 668 1100 habet
693 1052 858 1115 atque
885 1045 1353 1108 communionem,
1383 1044 1527 1100 inter
1554 1062 1615 1100 se
1644 1061 1769 1100 mu-

105 1191 112 1198 ·
166 1130 262 1177 tuo
283 1119 658 1186 commutatis;
710 1117 839 1174 finis
859 1119 1008 1176 enim
1027 1119 1197 1192 primi
1222 1116 1294 1194 [*]
1318 1119 1659 1192 principium
1678 1137 1769 1176 se-

165 1195 390 1268 quentis
411 1194 641 1266 contigit
659 1209 799 1250 esse.

251 1333 412 1392 Quare
445 1334 761 1400 ‚,lucernae“
793 1335 1077 1416 eandehzbri
1106 1340 1409 1404 ‚‚3eptem“?
1444 1339 1551 1404 (25,
1582 1339 1729 1405 ³¹1.)-

278 1439 365 1492 78.
415 1437 641 1494 Cunctis
669 1447 860 1495 notum
893 1447 978 1494 est
1011 1449 1199 1510 septem
1239 1445 1479 1497 lucernas
1516 1439 1767 1514 symbola

163 1529 288 1570 esse
316 1513 690 1586 planetarum,
731 1515 1039 1586 septenario
1070 1533 1299 1572 numero
1326 1517 1385 1570 in
1405 1532 1770 1572 connumera-

159 1589 370 1644 tionem
389 1606 517 1644 cum
537 1590 857 1646 divinorum
885 1607 1040 1646 sacro
1066 1591 1279 1646 calculo
1310 1592 1764 1662 conscriptorum.

161 1663 408 1731 Quarum
458 1682 555 1736 per
599 1665 761 1737 signa
797 1667 966 1721 motio
1005 1683 1070 1720 ac
1104 1666 1447 1721 circumlatio
1486 1667 1767 1722 universis

159 1739 566 1803 sublunaribus
605 1756 771 1794 causa
809 1741 1030 1796 exsistit
1068 1739 1399 1797 conciliandi
1426 1741 1487 1793 in
1515 1740 1767 1794 osculum

160 1813 492 1870 concordiae
508 1856 521 1879 ,
545 1814 617 1868 iis
637 1815 922 1881 nimirum,
947 1832 1090 1888 quae
1110 1815 1316 1870 suntin
1339 1815 1478 1877 ae're,
1501 1814 1561 1868 in
1583 1814 1762 1886 aquis}

158 1891 223 1944 in
263 1896 407 1964 terra
445 1896 499 1943 et
542 1889 602 1942 in
647 1890 905 1948 omnibus
953 1889 1399 1963 temperamentis
1444 1888 1766 1943 animalium

155 1964 588 2038 plantarumque
627 1981 866 2037 semper.
1380 1985 1387 1994 ·

201 2104 370 2164 Quare
387 2105 524 2171 dicit,
556 2142 591 2171 ‚,
604 2124 666 2156 ex
681 2124 780 2157 una
797 2108 991 2173 reqione
1009 2075 1163 2157 lucere
1182 2105 1513 2155 candelabrum
1528 2105 1562 2133 “
1570 2108 1594 2152 5
1612 2104 1731 2168 (ib.)

274 2209 361 2262 79.
385 2207 639 2266 Planetae
660 2227 770 2267 non
789 2227 890 2283 per
909 2226 1099 2266 omnes
1108 2217 1291 2280 partes
1303 2207 1555 2263 caelestis
1565 2206 1767 2278 sphae-

153 2301 255 2339 rae
287 2285 768 2359 circumaguntur,
810 2286 910 2341 sed
938 2284 1246 2340 secundum
1274 2300 1442 2339 unam
1474 2281 1769 2337 australem

153 2367 404 2431 partem3
467 2362 731 2434 quoniam
760 2369 942 2416 motus
969 2377 1159 2416 earum
1189 2359 1348 2431 quasi
1379 2374 1549 2431 prope
1578 2355 1647 2411 ad
1668 2373 1768 2410 no—

153 2442 336 2490 stram
363 2443 446 2491 est
474 2453 689 2492 zonam.
767 2436 924 2492 Unde
956 2435 1151 2490 umbra
1180 2452 1286 2490 non
1308 2434 1456 2489 cadit
1477 2434 1534 2487 in
1556 2439 1768 2487 austra-

155 2509 274 2565 lem
305 2518 546 2581 partem,
589 2512 690 2567 sed
720 2512 780 2566 in
801 2511 1322 2583 septemtrionalem.
1400 2506 1767 2576 Quamobrem

153 2601 271 2640 non
305 2585 608 2660 incongrue
637 2595 690 2642 et
721 2590 1089 2641 candelabrum
1116 2585 1261 2641 dixit
1288 2603 1355 2639 ex
1384 2601 1491 2639 una
1511 2591 1665 2652 parte
1686 2585 1768 2636 lu-

151 2677 278 2714 men
293 2666 485 2730 facere,
516 2661 800 2717 declarans
821 2661 1169 2734 singulorum
1189 2661 1530 2734 planetarum
1549 2673 1647 2730 per
1668 2673 1768 2712 au-

151 2735 362 2792 strales
381 2737 638 2811 regiones
658 2737 1149 2795 circumlationem.
