2125 3084
50 196 115 220 Χ

48 25 601 208 N

194 402 203 411 ο

172 416 181 425 ο

698 27 749 61 '¹⁷

588 112 623 135 ,-

460 168 539 225 κ’
615 191 809 236 PmL.
849 190 998 237 ιω).
1035 185 1363 247 QUAEsT.
1400 190 1499 235 ET
1544 159 1702 234 son}
1740 183 1996 254 [inm]

208 226 486 401 sttati
507 291 577 346 ab
597 292 695 355 iis,
735 292 832 362 qui
854 291 912 344 in
934 289 1274 344 abundantia
1295 298 1451 354 sunt,
1490 289 1769 345 satisfieri.
1806 293 1995 382 ·Lit-

355 378 473 424 tera
499 367 636 422 haec
663 373 763 420 est.
853 363 937 420 Ad
974 373 1217 420 mentem
1253 381 1410 428 vero,
1465 365 1523 418 in
1553 363 1722 420 rebus
1750 383 1989 442 ammae

357 443 698 515 quicumque
741 457 980 495 amorem
1017 439 1207 494 colunt
1243 439 1559 511 proprium,
1622 439 1987 498 intellectum

355 528 639 589 tamquam
670 517 855 570 virum
880 522 1205 587 patremque
1241 514 1535 569 honorant:
1578 518 1987 587 tamquam-*vi-

358 610 509 656 rum‚
553 592 685 663 quia
716 589 944 645 fortasse
973 603 1239 643 sensuum
1269 585 1493 659 quoque
1518 590 1579 643 in
1614 591 1696 645 eis
1733 592 1984 648 seminat

359 671 610 731 virtuteS‚
626 665 835 737 quibus
861 663 1129 718 sensibile
1152 663 1667 734 comprehenditur3
1684 673 1980 738 tamquam

360 739 489 798 iiero
527 750 767 816 patrem,
819 740 952 812 quia
987 755 1189 812 parens
1228 738 1656 811 disciplinarum
1684 749 1740 795 et
1766 741 1979 796 artium

359 826 582 890 putatur
602 831 741 870 esse.
821 813 930 882 Qui
960 831 1091 869 vero
1121 813 1191 868 ab
1219 831 1401 869 amore
1418 816 1643 886 proprio
1663 831 1723 870 se
1744 815 1977 870 solven-

357 903 440 949 tes
460 891 525 946 ad
549 891 716 946 deum
735 887 1065 962 confugiunt
1078 931 1091 954 ,
1124 890 1362 944 assecuti
1384 899 1514 944 sunt
1531 889 1653 944 eius
1672 889 1847 946 veluti
1864 907 1973 961 pa-

357 969 458 1023 tris
488 967 728 1038 desuper
759 965 1105 1020 visitationes
1131 965 1685 1038 procurationesque,
1728 972 1782 1019 et
1813 963 1971 1019 velut

358 1043 466 1098 viri
488 1041 907 1097 seminationem
925 1038 1195 1094 bonorum
1212 1039 1571 1094 consiliorum
1598 1046 1652 1094 et
1671 1039 1968 1095 verborum

359 1126 412 1173 et
431 1133 681 1190 operum.
733 1115 898 1170 Porro
918 1115 975 1169 in
998 1113 1180 1194 solitis
1202 1113 1351 1186 apud
1372 1113 1626 1169 homines
1646 1114 1812 1169 rebus
1834 1129 1971 1168 con-

357 1195 523 1248 traria
551 1191 822 1263 quaedam
849 1198 1173 1245 occurrunt:
1226 1188 1506 1263 siquidem
1536 1206 1654 1244 mas
1690 1187 1967 1262 attingens

359 1267 650 1330 feminam,
701 1263 980 1336 virginem
1014 1263 1352 1320 demonstrat
1380 1264 1696 1330 mulierem,
1750 1265 1966 1318 animae

359 1359 489 1396 vero
510 1356 684 1412 quum
706 1339 809 1393 deo
828 1338 1138 1394 induuntur
1156 1337 1265 1409 (vel
1290 1337 1625 1413 initiantur),
1666 1357 1739 1396 ex
1762 1338 1969 1397 mulie-

359 1416 518 1469 ribus
547 1414 796 1486 virgines
823 1414 1126 1478 exsistunt,
1172 1413 1544 1469 muliebribus
1565 1415 1824 1486 sepositis
1844 1431 1971 1472 cor-

359 1487 738 1561 ruptionibus„
782 1488 1001 1558 quaein
1025 1489 1285 1544 sensibus
1305 1496 1357 1547 et
1383 1490 1783 1560 cupiditatibus
1813 1498 1965 1545 sunt.

359 1563 466 1630 Qui
505 1579 636 1617 vero
675 1560 1060 1628 infallibilem,
1122 1563 1509 1620 inviolabilem
1553 1565 1963 1638 virginemque,

359 1653 612 1694 veracem
631 1637 846 1694 scilicet
864 1639 1195 1712 sapientiam
1216 1638 1327 1704 dei,
1348 1648 1674 1711 sequuntur,
1696 1641 1969 1695 contraria

359 1715 590 1769 eiiciunt
619 1712 815 1787 (vitia).
894 1715 1018 1772 Iure
1054 1715 1244 1786 itaque
1283 1713 1606 1770 huiusmodi
1635 1724 1845 1770 mentes
1874 1715 1970 1769 vi-

360 1790 502 1845 duae
531 1787 670 1844 fiunt
695 1797 750 1844 et
766 1787 1031 1846 orbantur
1051 1807 1122 1844 ex
1141 1789 1467 1846 mortalibus
1482 1832 1495 1856 ‚
1539 1789 1855 1862 habentque
1874 1806 1969 1844 ac-

359 1867 629 1936 quisitum
666 1864 778 1919 sibi
815 1873 927 1920 tam
968 1866 1181 1931 virum,
1246 1873 1472 1921 naturae
1516 1874 1720 1920 rectam
1762 1865 1960 1938 legem,

358 1957 598 2011 quocum
635 1941 862 2005 vivunt,
913 1947 1027 1996 tam
1062 1948 1277 2012 patrem
1315 1939 1582 2005 eundem,
1636 1940 1766 2012 qui,
1820 1957 1964 2012 quae

357 2023 568 2086 oportet
589 2014 766 2070 facere
782 2056 795 2079 ‚
837 2015 1110 2087 praecipit
1129 2023 1411 2088 tamquam
1430 2015 1564 2071 filiis
1582 2032 1694 2070 una
1713 2031 1841 2071 oum
1864 2032 1965 2070 su-

355 2106 526 2161 perna
546 2088 914 2161 providentia.

313 2237 338 2255 X

472 2243 604 2302 Quid
634 2255 705 2294 est
738 2242 866 2308 „Ne
890 2245 1028 2310 sorte
1061 2246 1312 2296 vexatione
1344 2246 1629 2296 vexaveritis
1660 2245 1851 2296 viduam

887 2320 933 2361 et
959 2313 1274 2376 pupillum&
1306 2313 1427 2378 (ib.)

469 2417 519 2468 4.
577 2415 780 2468 Vexare
819 2409 936 2484 (vel
976 2414 1263 2470 cruciandi
1302 2413 1530 2488 nomen)
1566 2414 1773 2470 dicitur
1808 2429 1958 2477 vere,

357 2489 564 2543 dicitur
594 2495 648 2543 et
685 2488 988 2558 improprie
1007 2487 1078 2542 de
1108 2488 1260 2544 aliis:
1328 2487 1403 2564 [*]
1444 2505 1575 2544 vere
1612 2490 1760 2543 circa
1797 2504 1963 2560 opera

357 2563 629 2625 malitiae,
669 2561 819 2633 quod
838 2561 1039 2616 animis
1059 2565 1348 2636 proprium
1369 2573 1476 2632 est;
1508 2563 1813 2636 improprie
1831 2579 1964 2617 vero

356 2652 524 2705 super
554 2636 718 2699 alios,
760 2634 970 2707 quibus
1001 2638 1059 2690 in
1089 2638 1537 2708 possessionibus
1563 2648 1616 2694 et
1636 2636 1962 2708 corporibus

357 2707 555 2761 damna
597 2709 865 2764 feruntur.
944 2710 1224 2766 Posterius
1262 2713 1439 2778 istud,
1482 2716 1617 2784 quia
1660 2713 1807 2768 nihil
1842 2729 1961 2768 ma-
