2125 3084
200 182 266 249 [1‚
291 179 353 247 6.]
476 186 577 233 DE
616 186 1165 235 PnovaNTIA
1199 188 1456 246 SERMO
1493 191 1532 236 1.
1743 186 1804 239 {8

201 288 375 351 cisse,
416 300 589 357 quum
618 286 889 343 mundum
924 305 1110 345 creare
1137 289 1354 361 coepit,
1394 298 1450 345 et
1471 306 1616 362 quae
1645 300 1803 349 antea

200 362 327 418 eine
358 362 551 417 ordine
591 378 655 417 ac
694 364 813 435 lege
852 372 1017 436 atque
1052 363 1364 421 errabundo
1397 366 1610 421 moveri
1639 368 1800 423 solita

200 445 320 493 erat
359 438 613 502 materia,
664 444 799 493 tunc
832 440 1147 511 speciosum
1185 438 1437 495 ordinem
1475 456 1604 496 cum
1639 458 1802 497 orna-

200 521 388 585 mento
406 512 603 585 adepta
622 512 741 568 est?
778 528 912 568 num
938 515 1172 570 materia
1199 515 1324 587 ipsa
1344 513 1450 571 fuit
1469 514 1579 570 deo
1591 516 1802 587 princi·

200 589 285 661 pii
305 587 423 643 loco
438 586 636 661 (quum
656 587 925 643 mundum
944 588 1258 662 condenso?
1280 589 1351 645 At
1371 598 1578 645 creator
1597 591 1802 665 iugiter

201 664 363 719 istam
393 662 755 737 intelligendo
784 662 1090 721 adornavit.
1168 665 1312 720 Deus
1341 665 1489 721 enim
1515 682 1624 720 non
1643 667 1801 738 prius

180 736 514 813 ‘intelligere
534 740 731 810 coepit,
755 754 921 811 quam
944 756 1131 815 agere;
1158 756 1259 794 nec
1277 756 1521 811 unquam
1543 740 1800 815 (tempus)

200 812 335 877 fuit,
378 812 600 887 quando
620 830 729 868 non
751 823 961 889 ageret,
1003 814 1297 887 speciebus
1327 812 1434 886 (vel
1466 813 1628 888 ideis)
1660 816 1800 888 ipsis

200 886 272 943 ab
293 888 507 961 origine
525 906 653 943 cum
672 888 769 944 illo
788 890 1205 945 exsistentibus.
1271 890 1412 945 Nam
1432 890 1685 945 voluntas
1707 890 1798 946 dei

199 964 468 1037 posterior
486 980 593 1019 non
614 972 723 1028 est,
756 963 856 1018 sed
884 981 1012 1020 cum
1040 965 1162 1038 ipso
1191 971 1275 1019 est
1301 981 1518 1036 semper
1546 965 1798 1021 voluntas

201 1038 352 1105 eius3
377 1036 652 1095 naturales
672 1040 820 1093 enim
840 1046 1017 1095 motus
1040 1054 1324 1113 nunquam
1343 1038 1628 1095 deficiunt.
1691 1042 1801 1095 lta-

200 1130 311 1185 que
339 1128 555 1185 semper
584 1113 947 1189 intelligendo
975 1112 1106 1169 facit
1127 1122 1180 1170 et
1205 1114 1568 1170 sensibilibus
1586 1115 1799 1187 princi-

200 1188 359 1261 pium
382 1187 683 1243 exsistendi
703 1188 956 1260 praebet:
994 1189 1073 1245 it'a
1093 1196 1155 1244 ut
1173 1188 1310 1245 haec
1329 1206 1546 1263 semper
1565 1190 1798 1245 coniun—

200 1263 334 1318 ctim
374 1262 723 1317 inveniantur
757 1273 811 1319 et
845 1264 1013 1319 deum
1049 1274 1210 1337 agere
1245 1264 1436 1321 divino
1475 1266 1706 1321 consilio
1745 1275 1798 1321 et

199 1337 491 1405 sensibilia
529 1338 776 1410 accipere
813 1340 1154 1412 principium
1193 1339 1552 1395 exsistendi.’
1605 1342 1796 1413 Neque

198 1413 349 1469 enim
379 1412 498 1469 fieri
526 1422 731 1487 potest,
781 1422 843 1469 ut
876 1414 1137 1487 cuiquam
1165 1414 1307 1470 bene
1341 1415 1434 1471 fiat
1461 1410 1561 1489 per
1587 1414 1799 1472 benefi-

200 1490 350 1544 cium
372 1497 427 1544 et
446 1489 667 1544 interim
688 1488 1020 1545 beneficium
1040 1507 1072 1544 a
1090 1489 1437 1546 benefactore
1457 1508 1564 1547 non
1585 1491 1686 1547 sit:
1720 1493 1796 1547 ita

196 1573 260 1619 ut
280 1565 377 1635 qui
410 1562 593 1628 dedit,
637 1563 975 1631 benefactor,
1018 1573 1074 1621 et
1091 1566 1190 1637 qui
1211 1568 1424 1641 accepit
1442 1565 1792 1631 beneficium,

195 1648 428 1713 uterque
446 1639 579 1695 boni
598 1640 873 1713 particeps
896 1641 992 1696 sit.
1663 1658 1673 1667 ·

318 1768 370 1818 8.
411 1764 571 1831 Quod
589 1765 639 1819 si
658 1767 789 1836 quis
806 1764 1108 1821 concedere
1127 1764 1264 1821 baec
1283 1766 1448 1829 nolit,
1470 1774 1638 1837 atque
1659 1765 1796 1821 fate·

196 1841 249 1896 ri
280 1838 449 1894 simul
481 1841 585 1893 ista
613 1838 853 1913 (fuisse),
896 1841 1173 1915 quomodo
1195 1857 1324 1915 ergo
1352 1841 1658 1910 antiquitus
1679 1858 1796 1894 ma·

193 1916 337 1971 teria
366 1931 426 1986 se
454 1912 676 1979 habuit,
717 1932 858 1987 quae
893 1933 1180 1988 nunquam
1218 1916 1340 1969 sine
1373 1922 1570 1969 ornatu
1605 1931 1708 1969 suo
1739 1916 1794 1969 in

194 1988 407 2045 mundo
444 1999 655 2062 reperta
692 1990 811 2045 est?
866 1990 928 2047 Si
971 2008 1104 2053 vero
1140 1989 1367 2062 aliquod
1410 1995 1628 2060 tempus
1668 1988 1792 2053 fuit,

192 2063 421 2137 quando
459 2066 579 2137 ipsa
625 2068 960 2122 ornamentis
1007 2082 1206 2140 expers
1254 2065 1328 2120 sit
1373 2064 1624 2129 inventa,
1683 2064 1794 2119 iam

193 2140 395 2197 mundi
414 2142 752 2214 principium
769 2150 903 2197 tunc
922 2140 1026 2197 fuit
1041 2183 1053 2207 ,
1088 2157 1262 2213 quum
1290 2146 1512 2194 ornatus
1532 2140 1585 2193 ei
1611 2155 1797 2193 acces-

189 2217 290 2272 sit.
369 2215 635 2285 Quoniam
662 2218 711 2272 si
732 2218 1016 2273 materiam
1044 2216 1410 2289 intelligimus
1431 2213 1796 2269 substantiam

188 2300 391 2347 ornatu
436 2301 711 2347 carentem
758 2294 1020 2365 omnique
1058 2291 1252 2347 ordine
1290 2290 1636 2353 destitutam,
1696 2289 1794 2359 qui

189 2367 319 2421 fieri
344 2375 523 2438 potest
549 2376 611 2421 ut
640 2384 748 2422 non
780 2368 1051 2439 acciperet
1073 2366 1416 2440 principium
1434 2372 1658 2419 ornatus
1675 2380 1797 2419 ma·

188 2442 334 2497 teria
354 2442 471 2514 ipsa
488 2484 501 2505 ,
526 2460 669 2519 quae
690 2460 837 2498 nunc
856 2442 1091 2498 habetur
1111 2443 1170 2497 in
1191 2438 1434 2496 mundo?

308 2578 361 2629 9.
401 2576 565 2631 Porro
592 2576 789 2632 mundi
819 2584 1030 2649 partes,
1054 2586 1134 2640 ‚ut
1159 2584 1372 2641 essent,
1417 2572 1492 2651 [⁴⁵]
1515 2576 1794 2648 accepisse

188 2650 421 2711 initium
441 2650 695 2711 fatemur.
770 2651 938 2723 Atqui
956 2660 1141 2725 partes
1161 2654 1211 2709 si
1233 2652 1458 2707 initium
1471 2693 1484 2718 ‚
1507 2659 1790 2715 messem,

188 2726 510 2782 habuerunt
524 2767 536 2790 ‚
569 2728 793 2783 omniuo
811 2744 1036 2784 necesse
1056 2736 1139 2785 est
1158 2736 1331 2784 totum
1352 2744 1574 2800 quoque
1587 2768 1600 2793 ‚
1625 2736 1687 2783 ut
1703 2744 1795 2783 es-
