2125 3084
372 172 471 226 us
862 178 1102 225 rinno
1145 178 1486 225 museus
1755 176 1844 243 [11.
1869 180 1986 245 σοι]
2080 244 2081 249 1

370 276 644 335 mandatis
672 279 935 350 accepisti
948 320 963 343 ,
1000 278 1356 351 praedicasti.
1430 278 1552 351 Ego
1577 296 1706 334 sum
1737 281 1988 353 impera-

368 364 453 409 tor
472 352 786 418 absolutus,
816 354 917 425 qui
944 354 1126 409 minas
1143 353 1216 409 ad
1235 354 1362 409 illos
1382 352 1516 409 feci:
1551 370 1658 425 ego
1677 360 1986 415 auctorita-
2080 360 2081 363 ’

368 438 481 487 tem
500 428 773 485 habebam
790 438 847 486 et
866 428 1047 501 legem
1065 426 1210 483 ferre
1227 438 1286 483 et
1301 438 1532 491 vertere.
1557 437 1728 498 atque
1748 440 1984 487 senten-

368 504 503 559 tiam
538 506 731 559 mortis
764 511 1005 570 mutare3
1052 504 1280 561 mittens
1315 512 1370 557 te
1407 504 1462 557 in
1501 502 1980 573 praedicationem

370 580 637 667 veraciter
650 619 663 643 ‚
714 594 831 633 rem
858 578 917 633 in
950 577 1313 651 benignitatis
1339 586 1542 635 statum
1566 586 1790 634 vertens
1817 597 1978 635 com-

368 662 599 711 mutavi.

478 778 564 837 47.
609 778 813 835 Verum
833 787 943 842 est,
986 776 1138 851 quod
1157 794 1267 833 non
1288 784 1465 850 potest
1485 793 1744 849 umquam
1763 792 1971 849 corpus

367 849 675 929 transgredi
696 853 859 909 finem
879 870 1045 909 suum
1066 853 1491 908 determinatum
1507 894 1522 917 ,
1554 852 1812 924 quoniam
1841 853 1967 907 eius

368 930 749 1004 transgressio,
766 938 1102 985 caeterorum
1123 928 1230 983 loci
1247 928 1537 983 dominum
1557 936 1812 999 usurpat:
1826 943 1969 981 non-

366 1022 436 1061 ne
464 1012 519 1060 et
544 1022 733 1061 omnes
763 1013 1040 1060 creaturae
1069 1004 1357 1078 proprium
1383 1002 1497 1057 sibi
1526 1003 1838 1058 ordinatum
1862 1000 1966 1057 ha-

364 1078 499 1137 bent
518 1077 725 1135 situm?
770 1079 1022 1136 Attamen
1036 1096 1227 1151 quum
1252 1095 1442 1134 omnes
1475 1076 1550 1153 [Ἴ
1590 1078 1728 1134 fines
1756 1078 1966 1151 proprii

365 1156 479 1211 sint
497 1157 662 1210 unico
684 1150 942 1227 imperio‘,
982 1157 1075 1209 cui
1101 1170 1366 1225 umquam
1393 1152 1660 1208 damnum
1690 1152 1828 1208 ferat
1851 1153 1968 1207 loco

367 1237 460 1285 aut
489 1231 651 1284 cuius
679 1228 891 1284 domini
920 1228 1058 1285 fines
1089 1228 1362 1293 detrahat,
1395 1229 1495 1299 qui
1519 1228 1776 1299 proprios
1797 1236 1971 1283 mutat

367 1304 522 1368 fines,
548 1312 609 1358 ut
627 1306 785 1375 prius
802 1305 1013 1359 dictum
1035 1304 1154 1359 est‘?
1171 1302 1440 1370 Quoniam
1458 1303 1560 1375 qui
1577 1311 1686 1358 stat
1707 1320 1737 1358 a
1757 1304 1971 1375 princi-

365 1379 459 1451 pio
474 1418 486 1442 ‚
520 1379 609 1433 sui
640 1378 874 1434 dominii
893 1379 1059 1434 habet
1079 1380 1330 1435 notitiam
1347 1386 1578 1446 certam3
1609 1378 1765 1449 quod
1783 1386 1970 1433 autem

364 1452 715 1525 postmodum
754 1472 784 1508 a
824 1463 1160 1510 caeterorum
1197 1453 1404 1508 finibus
1443 1462 1636 1508 mutuo
1675 1452 1968 1525 accipitur,

366 1528 530 1583 sortis
551 1537 633 1583 cst
653 1529 946 1600 acquisitio
973 1529 1051 1603 (ut
1071 1528 1450 1600 comui-statio).
1521 1526 1681 1594 Quod
1709 1529 1761 1583 si
1781 1529 1864 1583 ita
1881 1544 1971 1583 res

366 1620 426 1658 se
446 1602 612 1658 habet
625 1644 638 1667 ,
672 1602 765 1658 hic
790 1620 1013 1677 quoque
1035 1620 1212 1677 quum
1229 1604 1342 1659 duo
1359 1603 1544 1658 adsint
1559 1604 1730 1657 unius
1752 1602 1970 1658 domini

368 1678 532 1743 fines,
567 1678 991 1752 praedicationis
1012 1680 1262 1735 veritatis
1281 1687 1336 1735 et
1353 1678 1729 1733 Ninivitarum
1747 1677 1964 1743 salutis,

366 1753 549 1819 illam,
574 1771 717 1828 quae
738 1772 807 1811 ex
828 1757 1054 1811 veritate
1075 1754 1501 1828 praedicationis
1521 1761 1605 1809 est
1623 1753 1746 1808 laus
1759 1772 1780 1818 ‚·
1797 1754 1862 1808 in
1881 1770 1969 1808 sa·-

367 1830 501 1885 lutis
520 1832 764 1887 civitatis
784 1832 1118 1887 commutavi
1143 1831 1476 1885 encomium.

405 1958 489 2011 48.
504 1954 617 2011 Sed
628 1955 763 2013 forte
773 1957 909 2027 quid
922 1971 1168 2027 opponas
1181 1954 1439 2019 dicens‚'o
1447 1952 1714 2027 propheta
1727 1972 1740 2009 :
1755 1950 1965 2025 thuid

366 2046 489 2085 meo
516 2048 655 2087 usus
682 2049 742 2087 es
760 2031 1005 2103 pudore,
1048 2039 1104 2087 et
1123 2049 1299 2087 meam
1321 2031 1568 2103 linguam
1587 2030 1648 2083 in
1668 2026 1963 2083 falsitatem

365 2104 609 2171 movisti,
633 2123 813 2177 exque
834 2124 955 2161 meo
974 2106 1270 2178 opprobrio
1285 2113 1570 2161 assecutus
1589 2120 1648 2159 es
1667 2100 1964 2159 honorem?

366 2179 451 2235 Ad
473 2180 577 2235 hoc
594 2182 673 2235 sci
682 2189 735 2236 to
752 2180 943 2237 referri
964 2181 1263 2237 dictionem
1285 2189 1456 2235 tuam.
1491 2180 1608 2253 Ego
1618 2178 1724 2233 tibi
1733 2196 1964 2250 persua-

366 2254 528 2318 debo,
552 2272 586 2310 o
599 2256 883 2327 propheta,
907 2256 1056 2328 quod
1069 2266 1122 2311 et
1129 2255 1506 2328 periclitantes
1515 2253 1731 2309 salvavi
1743 2254 1964 2308 —haec

365 2330 516 2387 enim
537 2338 652 2385 erat
670 2347 791 2385 mea
811 2330 1068 2387 voluntas
1081 2362 1182 2397 --‚
1203 2340 1260 2387 et
1278 2339 1372 2386 tuo
1389 2330 1599 2403 pudore
1619 2327 1689 2383 ad
1712 2327 1822 2383 hoc
1839 2345 1966 2401 per-

366 2396 663 2459 ficiendum
702 2422 811 2459 non
851 2410 977 2459 sum
1011 2423 1170 2461 usus.
1247 2405 1502 2477 Agedum
1515 2446 1528 2468 ,
1586 2403 1776 2477 relege
1809 2412 1968 2459 tuam

363 2474 855 2547 praedicationem3
896 2479 1038 2535 hanc
1067 2481 1226 2537 enim.
1247 2478 1632 2553 demonstrabo
1659 2477 1767 2534 tibi
1795 2477 1970 2533 mini-

363 2558 453 2601 me
474 2548 676 2605 laesam
698 2551 889 2609 fuisse.
966 2558 1149 2610 Adhuc
1176 2564 1279 2611 tres
1305 2559 1440 2619 dies,
1469 2565 1518 2611 et
1541 2555 1733 2610 Ninive
1750 2558 1972 2608 subver-

306 2634 313 2641 ⁷
364 2627 501 2703 tetur
518 2630 651 2687 (ton.
674 2634 721 2693 3,
742 2633 815 2693 4).
862 2628 1054 2683 Nonne
1075 2628 1180 2683 hoc
1199 2636 1300 2693 est,
1323 2629 1472 2700 quod
1493 2626 1874 2709 praedicasti?
1904 2624 1974 2681 Si

364 2695 549 2759 itaque
578 2712 685 2749 non
716 2707 799 2753 est
824 2700 1093 2757 subversa
1127 2720 1308 2774 neque
1335 2712 1542 2761 mutata
1577 2700 1650 2759 ab
1690 2702 1976 2775 improbis
