2125 3084
1194 76 1212 103 Ι

167 156 254 221 m,
277 152 407 217 412.]
517 156 599 203 m
637 156 1004 205 GEnEsm.
1045 158 1301 205 SERMo
1339 161 1429 209 Ν.
1670 156 1763 212 25⁴

171 258 460 321 Secundo,
483 258 619 329 quia
638 275 747 314 non
768 266 980 315 tantum
998 276 1140 334 quae
1163 258 1362 317 didicit
1381 270 1541 333 atque
1562 262 1773 317 instru-

170 345 294 391 ctus
313 342 426 399 est,
457 334 752 389 memoriae
773 334 1205 401 commendavit,
1238 352 1433 390 verum
1458 338 1618 393 etiam
1640 338 1771 409 quia

171 412 294 483 ipse
314 426 508 464 norma
527 406 637 463 fuit.
659 409 920 481 plurimis
935 449 948 473 ‚
991 410 1137 463 sicut
1156 416 1211 465 et
1230 410 1326 465 alii
1344 410 1653 467 eruditione
1672 430 1771 485 ap·

170 486 352 557 prime
370 491 628 555 capaces;
671 492 912 540 mutatus
933 484 990 539 in
1011 492 1213 539 statum
1232 484 1477 541 habilem
1492 525 1505 549 ,
1548 486 1775 542 foecun-
1811 536 1818 544 .

171 560 307 616 dum
335 559 712 631 ferocemque,
755 558 890 614 dum
914 558 1085 631 paulo
1112 567 1236 614 ante
1268 560 1549 615 laborabat
1569 561 1775 618 sterili-

173 644 302 691 tate.
383 635 564 690 Tertio
577 673 590 699 ,
613 633 763 705 quod
785 631 860 709 [*]
884 633 1231 705 disciplinae,
1254 634 1581 691 traditiones
1600 644 1653 691 et
1672 636 1774 693 do-

171 712 378 766 ctrinas
397 710 578 765 divini
600 710 890 782 regiminis
907 717 1058 766 ratur
1078 727 1200 765 esse
1218 727 1310 766 eas
1325 752 1337 775 ‚
1362 727 1504 782 quae
1525 711 1773 767 studium

170 794 484 841 mereantur
498 826 510 849 ‚
575 792 738 855 atque
775 786 898 847 iure
937 792 990 839 et
1028 784 1301 858 condigne
1342 785 1609 845 adscribit
1646 787 1773 843 illas

169 860 416 933 principi
437 858 570 913 duci
591 858 713 915 deo.
793 858 974 925 Quare
993 860 1333 931 stupefactus
1353 861 1517 917 dicit:
1578 862 1772 918 Accede

166 940 242 991 ad
261 952 366 998 me,
397 935 530 1005 quia
543 936 710 1006 cupio
730 936 874 991 scire
895 934 1099 989 certius
1114 976 1127 1001 ,
1161 944 1348 991 utrum
1366 944 1427 992 tu
1446 937 1525 993 sis
1543 937 1640 993 ille
1654 979 1669 1001 ‚
1702 955 1771 995 an

172 1026 308 1065 vero
338 1008 477 1063 alius
505 1010 802 1081 quispiam.
881 1010 1010 1064 Ideo
1041 1018 1251 1079 tanyere
1280 1011 1485 1067 dicitur
1512 1029 1640 1067 eum
1660 1030 1769 1068 non

169 1100 346 1139 manu
365 1083 572 1155 potius„
611 1102 777 1157 quam
797 1093 982 1140 mente
1003 1086 1250 1150 consilii,
1292 1104 1391 1157 per
1410 1104 1469 1143 se
1492 1090 1769 1160 accipiens

168 1158 570 1229 conferensque
591 1176 737 1215 nunc
757 1160 906 1215 dicta
925 1176 1052 1215 cum
1071 1160 1351 1231 prioribus
1370 1162 1539 1219 verbo
1559 1171 1612 1219 et
1636 1180 1769 1237 ope-

169 1252 232 1289 re
248 1276 261 1293 ,
291 1234 552 1305 quoniam
571 1236 744 1291 cernit
760 1236 906 1291 inter
923 1252 990 1291 ea
1007 1233 1237 1291 multam
1256 1238 1671 1311 pugnationem.

173 1352 340 1413 Quare
371 1363 482 1419 poet
506 1354 834 1420 palpationem
871 1354 1013 1406 dicite*
1060 1390 1095 1419 „
1111 1356 1217 1407 Vox
1250 1358 1435 1422 quidem
1468 1374 1563 1408 vox
1594 1358 1761 1420 Iacob,

413 1438 578 1471 manus
613 1432 768 1472 autem
803 1438 970 1473 manue
1004 1423 1223 1475 Esoeu“?
1264 1428 1371 1489 (27,
1410 1428 1519 1487 22.)

277 1520 397 1574 240.
439 1518 559 1572 Vox
578 1518 797 1572 interim
825 1518 1134 1579 inducitur.
1178 1538 1285 1576 non
1306 1538 1447 1593 quae
1467 1540 1558 1578 ore
1579 1532 1633 1579 et
1654 1523 1764 1578 lin-

161 1744 312 1800 quae
331 1724 474 1781 dicit
490 1728 740 1782 meminit
753 1769 766 1793 ‚
799 1726 898 1783 sed
919 1730 1039 1801 ipse
1059 1731 1299 1802 plurima
1320 1733 1619 1801 acquisivit
1632 1773 1644 1795 ‚
1674 1742 1765 1787 ut—

164 1810 299 1875 pote
320 1800 391 1855 de
412 1801 694 1857 sterilitate
715 1802 975 1859 foetosus.
1037 1806 1219 1860 Tertio
1236 1804 1385 1875 quod
1406 1805 1595 1859 titulos
1614 1804 1765 1861 divi-

160 1878 322 1933 nitus
343 1876 567 1948 largitos
595 1876 756 1933 refert
773 1888 826 1935 et
845 1878 1013 1935 deum
1032 1878 1320 1934 confitetur
1339 1886 1583 1933 autorem
1596 1919 1609 1943 ‚
1652 1894 1763 1950 qua

105 1960 112 1967 ·
161 1952 356 2025 (mar-9.
379 1953 725 2025 quapropter)
743 1971 842 2026 pro
862 1956 1002 2009 miro
1031 1970 1235 2027 pavore
1263 1962 1441 2008 metus
1455 1993 1468 2017 ‚
1512 1954 1614 2008 ait:
1656 1960 1764 2022 Ap-

158 2032 387 2095 propria
403 2030 552 2091 mihi,
591 2030 754 2101 cupio
771 2031 922 2085 enim
941 2046 1105 2084 nosse
1124 2028 1449 2102 diligentius
1464 2068 1477 2093 ‚
1514 2028 1565 2081 si
1584 2034 1645 2083 tu
1665 2028 1763 2084 ille

163 2120 226 2156 es
255 2110 310 2157 et
338 2118 447 2157 non
478 2102 632 2158 alter.
711 2104 870 2159 Unde
897 2106 1063 2160 etiam
1087 2108 1353 2173 palpando
1382 2120 1506 2158 eum
1536 2102 1757 2168 dicitur,

163 2185 259 2231 aut
284 2178 470 2248 potius
499 2194 665 2247 manu
693 2196 863 2251 quam
891 2181 1093 2235 mentis
1130 2181 1335 2235 intuitu
1374 2174 1757 2243 examinando,

161 2268 306 2322 quae
326 2252 489 2307 modo
509 2252 656 2309 dicta
683 2262 850 2327 atque
877 2262 1030 2327 gesta
1058 2264 1215 2319 sunt,
1260 2264 1313 2310 et
1341 2253 1669 2309 conferendo
1698 2270 1761 2309 ea

161 2343 292 2381 cum
319 2328 774 2384 antecedentibus
801 2328 989 2385 verbis
1018 2338 1183 2401 atque
1216 2330 1479 2402 operibus
1491 2370 1505 2395 ,
1548 2330 1763 2385 invenit

159 2403 220 2456 in
242 2403 326 2457 eis
345 2420 454 2458 non
475 2420 732 2477 magnam
751 2404 1170 2461 dissonantiam.

167 2524 330 2585 Quare
357 2538 470 2593 post
505 2528 765 2595 palpatum
801 2506 996 2595 dicitur.-
1049 2530 1205 2593 „Vox
1238 2530 1423 2595 quidem
1458 2546 1551 2579 vox
1590 2528 1755 2592 Iacob,

583 2612 752 2646 manus
783 2612 894 2645 vero
930 2613 1096 2649 mamae
1126 2596 1345 2647 Esau“?

271 2692 394 2745 240.
435 2690 584 2750 Voce
609 2691 987 2763 nuncssccipit
1015 2710 1123 2747 non
1150 2693 1261 2747 oris
1290 2708 1353 2747 ac
1382 2691 1603 2767 linguae
1630 2690 1759 2763 pul-
