2125 3084
481 469 651 572 DE
752 449 1827 572 PR'ovaNTlA

734 658 853 722 An
918 613 1572 721 ALEXANDRUM

888 843 1410 895 SERMOIL

1685 933 1752 998 [1,
1774 937 1848 984 44.
1870 934 1956 998 ιε]

467 1039 513 1088 ⁴.
561 1031 633 1108 [⁸¹⁵]
665 1033 873 1087 Pauo.
930 1014 1272 1087 Diluculum
1303 1027 1486 1082 adhuc
1513 1037 1596 1084 est
1627 1029 1840 1096 altum,
1884 1034 1952 1087 ita

349 1117 411 1164 ut
437 1108 604 1163 amici
636 1107 781 1162 solos
810 1105 1013 1161 amicos
1042 1121 1105 1158 ac
1133 1103 1568 1174 consanguineos
1593 1116 1948 1178 cognoscant,

350 1199 489 1254 quos
520 1181 631 1252 sibi
658 1180 854 1235 obvios
884 1180 1078 1234 adesse
1105 1185 1356 1232 cernunt.
1433 1177 1550 1250 Ego
1585 1183 1779 1235 tamen
1809 1197 1950 1236 nunc

350 1255 514 1310 video
531 1254 708 1309 oculis
730 1256 932 1326 apertis
956 1255 1107 1325 ipsos
1129 1252 1403 1306 amicitiae
1421 1251 1606 1307 radios
1627 1256 1798 1325 quasi
1813 1257 1950 1310 emi-

350 1337 555 1383 canteS.
642 1327 858 1384 Etenim
898 1328 1033 1382 alios
1066 1327 1163 1381 vix
1191 1340 1413 1382 cernere
1437 1335 1661 1397 potens,
1707 1328 1950 1385 Alexan-

349 1404 510 1457 drum
531 1418 715 1456 meum
742 1419 813 1458 ex
842 1403 1142 1474 longinquo
1172 1409 1318 1456 certe
1347 1400 1628 1466 discerno,
1667 1405 1773 1474 qui
1799 1406 1950 1460 venit

350 1477 420 1533 ad
449 1493 547 1531 nos
576 1475 822 1530 fortassis
838 1518 851 1539 ,
891 1485 953 1531 ut
979 1475 1192 1541 audiat,
1235 1493 1379 1548 quae
1397 1475 1465 1530 de
1485 1477 1844 1547 providentia
1863 1480 1948 1534 di-

348 1551 522 1607 cenda
550 1559 865 1621 supersunt.
940 1550 1087 1617 Quid
1115 1551 1264 1605 enim
1283 1551 1437 1605 aliud
1454 1559 1667 1622 oportet
1684 1555 1944 1626 cogitare,

347 1643 521 1700 quum
560 1626 801 1697 speciem
839 1626 959 1696 ipse
996 1642 1128 1696 prae
1166 1643 1226 1680 se
1266 1624 1402 1680 ferat
1435 1633 1719 1697 tamquam
1750 1628 1811 1683 id
1840 1631 1946 1684 iam

348 1708 821 1776 praemonentem,
864 1700 933 1755 ad
959 1699 1110 1772 quod
1138 1699 1395 1755 festinat?
1449 1701 1639 1772 Itaque
1667 1703 1824 1773 quod
1851 1704 1943 1775 qui

348 1778 459 1833 sibi
481 1779 721 1834 invicem
741 1783 1033 1831 occurrunt
1051 1775 1230 1830 facere
1257 1775 1462 1840 solent,
1506 1792 1706 1848 nempe
1737 1787 1802 1833 ut
1827 1795 1942 1834 sese

349 1855 629 1925 excipiant
647 1852 821 1907 amice
836 1894 849 1915 ,
880 1851 943 1906 id
961 1845 1100 1906 mih'i
1121 1866 1341 1920 quoque
1363 1849 1640 1922 agendum
1661 1860 1767 1907 est.
1825 1851 1941 1926 (Ita-

348 1928 481 2001 que)
496 1926 808 1983 Alexander
827 1928 925 1990 mi,
950 1941 1050 1984 ave
1073 1925 1428 1996 magnopere!
1473 1923 1584 1980 Sed
1601 1927 1809 1998 utquid
1829 1936 1941 1983 tan-

349 2011 467 2057 tum
488 2001 828 2057 desiderium
849 1999 1154 2058 iucundum
1176 1997 1445 2054 attulisti?

456 2114 509 2167 2.
556 2107 629 2184 [³³]
659 2110 1047 2164 Anxanum.
1092 2108 1320 2162 Feriunt
1338 2124 1455 2172 me,
1487 2107 1728 2171 oPhilo,
1763 2109 1833 2162 de
1861 2108 1938 2162 his

348 2185 515 2239 rebus
546 2183 950 2239 sollicitudines
980 2200 1088 2236 non
1117 2198 1356 2253 paucae,
1397 2198 1541 2253 quae
1571 2199 1662 2237 me
1691 2199 1938 2237 somnum

284 2281 291 2289 =
350 2276 545 2330 capere
583 2257 733 2313 haud
772 2260 981 2312 sinunt.
1060 2255 1353 2328 Siquidem
1387 2273 1586 2328 parum
1613 2257 1773 2313 abest
1809 2258 1939 2330 quin

350 2333 561 2396 dicam,
605 2340 772 2387 totam
801 2349 887 2385 me
916 2338 1131 2385 noctem
1148 2331 1380 2403 vigilem
1399 2333 1766 2404 transegisse,
1795 2329 1942 2404 'quae

352 2423 381 2457 a
412 2406 571 2460 nobis
602 2406 871 2460 ambobus
898 2405 1045 2460 dicta
1075 2413 1203 2460 sunt
1213 2405 1294 2478 ³¹⁵),
1337 2407 1730 2460 ruminantem.
1809 2408 1942 2462 Nam

352 2483 405 2529 et
451 2481 791 2536 continenter
836 2497 899 2534 ea
944 2479 1085 2534 mihi
1129 2479 1462 2535 videbantur
1502 2481 1760 2536 insonare
1797 2483 1944 2540 auri-

448 2641 491 2686 “)
517 2643 785 2686 Antei-loram
812 2660 993 2698 namque
1020 2660 1259 2690 sermonem
1286 2661 1311 2690 a
1337 2652 1516 2692 Philone
1541 2655 1587 2692 in
1612 2663 1690 2693 sna
1707 2659 1946 2703 praesentia

284 2721 289 2728 .
347 2693 673 2733 sermocinatum
700 2701 901 2745 supponit
926 2700 1182 2739 Alexander.
1234 2701 1396 2742 Auch.
