2125 3084
321 161 386 209 ·SG
559 161 757 207 PHIL.
797 161 946 206 lun.
987 160 1313 219 QUAEST.
1348 160 1450 205 ET
1491 159 1649 205 SOL.
1690 153 1776 219 [ΙΙ.
1798 155 1923 221 265]

322 279 545 319 causam
567 278 734 332 supra
758 262 987 317 virtutes
1009 260 1262 317 mirando
1280 260 1467 315 colens
1481 300 1494 324 ‚
1526 268 1646 315 tum
1670 259 1741 314 ad
1762 260 1923 315 simi-

322 336 616 393 litudinem
643 336 764 390 eius
795 344 1106 391 constanter
1134 345 1313 402 stans;
1371 334 1678 389 immobilis
1698 336 1847 389 enim
1870 345 1925 391 et

319 412 626 485 perdurans
665 412 884 465 exsistit
919 411 1225 465 constantia
1258 411 1317 465 in
1346 410 1597 464 veritate.
1685 412 1923 465 Necesse

322 503 454 559 ergo
483 485 588 541 fuit
615 502 764 541 nunc
794 502 1018 540 servum
1055 486 1463 556 supplicantem
1504 486 1563 539 in
1602 485 1924 556 exemplum

322 562 594 618 adducere
609 603 621 625 ‚
649 577 828 615 coram
851 559 1113 621 videlicet
1132 577 1195 614 eo
1214 567 1475 623 stantem,
1510 560 1612 631 qui
1629 577 1925 631 praepara-

323 648 411 694 tus
449 638 560 691 iam
591 645 705 691 erat
739 633 1081 706 supplicium
1111 633 1315 688 inferre
1343 634 1562 705 impiis,
1606 652 1675 689 ne
1701 636 1923 707 penitus

321 710 674 783 disperdatur
693 728 870 783 genus
889 710 1214 773 humanum,
1240 709 1340 764 sed
1360 709 1561 764 habeat
1578 709 1805 781 aliquod
1824 728 1925 782 pro

323 788 577 858 exemplo
615 786 892 857 condigno
927 792 982 839 et
1019 784 1124 839 deo
1158 792 1313 857 grato
1352 783 1419 853 (s.
1461 783 1629 838 deum
1665 786 1921 859 amante),

323 863 484 918 cuius
512 877 731 932 preceS‚
776 877 838 914 eo
863 858 1012 930 quod
1041 859 1319 931 benignus
1348 867 1464 913 erat
1489 861 1589 930 qui
1608 860 1921 932 rogabatur,

323 954 432 991 non
463 943 763 991 aversatur.
840 933 1208 1000 Quamobrem
1238 942 1291 989 et
1319 934 1663 989 intellectum
1692 936 1745 989 ei
1764 951 1928 1006 prae-

323 1013 489 1075 stitit,
532 1010 794 1081 quoniam
823 1026 930 1063 non
961 1010 1083 1063 sine
1112 1018 1253 1064 nutu
1276 1008 1659 1080 providentiae
1686 1010 1777 1065 dei
1802 1028 1929 1065 ora-

322 1096 480 1142 turus
507 1082 578 1161 [*]
601 1093 742 1149 erat,
787 1084 884 1139 sed
915 1092 976 1139 ut
1003 1083 1425 1139 fundamentum
1456 1101 1518 1139 ac
1548 1085 1726 1139 basim
1760 1102 1929 1140 usur-

323 1172 478 1234 paret
516 1162 821 1233 sapientem
861 1158 932 1214 ad
968 1158 1431 1214 benefaciendum
1470 1160 1578 1224 eis,
1619 1160 1719 1231 qui
1748 1177 1928 1215 mere-

325 1238 456 1292 bant
495 1236 853 1301 beneficium;
919 1243 1085 1306 atque
1118 1242 1181 1289 ut
1208 1234 1363 1289 daret
1388 1234 1663 1292 indicium
1691 1235 1927 1291 duarum

324 1313 621 1373 virtutum,
663 1310 904 1363 invictae
931 1310 1197 1365 nimirum
1237 1311 1525 1381 potestatis
1564 1317 1621 1364 et
1656 1311 1923 1375 iustitiae,

325 1386 582 1440 decenter
629 1384 954 1454 temperavit
1002 1384 1485 1441 mansuetudinem
1532 1384 1925 1441 familiaritate.

332 1544 462 1601 Quid
494 1552 562 1593 est
598 1579 632 1605 ‚,
646 1542 716 1593 Ec
757 1543 1148 1607 appropinquans
1182 1542 1429 1594 Abraham
1466 1544 1615 1593 dixit.-
1681 1542 1934 1609 Numquid

455 1610 636 1675 perdas
678 1611 846 1661 iustum
894 1628 996 1661 cum
1037 1612 1211 1677 impio?
1278 1621 1325 1661 et
1370 1612 1459 1661 erit
1496 1612 1641 1662 iustu-s
1684 1614 1806 1663 sicut
1840 1614 1930 1663 ini·-

461 1682 656 1743 quus“?
692 1684 798 1743 (18,
833 1683 944 1741 23.)

433 1786 520 1839 26.
579 1784 782 1838 Littera
819 1791 986 1854 patet.
1076 1779 1162 1836 Ad
1198 1789 1437 1836 mentem
1474 1799 1605 1838 vero
1642 1785 1931 1852 appropin-

326 1876 494 1929 quans
518 1859 682 1914 homo
703 1858 774 1913 ad
794 1858 960 1914 deum
981 1856 1188 1912 dicitur
1208 1857 1501 1929 allegorice
1515 1898 1527 1922 ,
1554 1874 1660 1913 non
1683 1859 1925 1929 proprie.

326 1933 562 2005 Corpore
574 1936 722 1988 enim
731 1975 743 1997 ‚
760 1933 922 1996 absit,
939 1934 1110 1987 necin
1122 1940 1362 1987 mentem
1373 1948 1595 2004 quoque
1608 1934 1793 1988 veniat
1804 1950 1930 1987 um-

325 2024 493 2078 quam
523 2016 789 2073 nostram3
841 2008 1105 2077 quoniam
1134 2008 1381 2062 mortalis
1408 2009 1646 2063 essentia
1668 2026 1730 2063 ac
1748 2009 1931 2065 disso-

327 2082 522 2135 lubilis
552 2098 580 2133 a
610 2088 802 2133 natura
832 2081 1074 2135 increata
1102 2089 1157 2136 et
1186 2081 1466 2137 inturbata
1494 2100 1524 2137 a
1556 2084 1718 2155 longe
1738 2084 1927 2139 distat.

325 2155 579 2210 Attamen
617 2154 800 2207 anima
829 2153 896 2225 (s,
927 2154 1162 2229 animae)
1193 2158 1480 2229 princeps,
1524 2175 1679 2213 mens
1706 2175 1929 2231 quoque

327 2229 476 2284 dicta
489 2268 502 2292 ‚
526 2228 586 2282 in
605 2236 872 2299 quantum
893 2238 1133 2284 meretur
1148 2271 1160 2294 ,
1186 2239 1364 2301 potest
1382 2235 1843 2305 appropinquare,
1868 2242 1930 2288 ut

327 2305 400 2358 sit
421 2304 683 2358 transitus
705 2303 828 2357 viae
849 2302 1160 2376 condignus
1181 2306 1261 2369 ei,
1303 2309 1400 2377 qui
1435 2316 1657 2381 rogatur
1671 2350 1683 2372 ,
1724 2312 1930 2379 cuique

327 2376 835 2451 supplicans-refert
855 2377 1076 2433 laudem
1096 2396 1351 2451 magnam
1373 2392 1595 2454 propter
1614 2382 1931 2455 benignita-

328 2464 436 2509 tem
459 2455 965 2526 humanitatemque
987 2456 1129 2509 eius.
1209 2454 1381 2527 Rogat
1410 2459 1559 2513 enim
1590 2476 1691 2512 non
1716 2463 1931 2527 perdere

325 2534 517 2583 iustum
553 2547 667 2584 cum
699 2534 884 2599 impio,
932 2546 1034 2584 nec
1069 2529 1349 2585 hominem
1380 2549 1507 2587 cum
1538 2533 1789 2597 homine,
1832 2550 1929 2585 ne-

327 2616 436 2667 que
485 2601 873 2671 cogitationem
917 2617 1044 2654 cum
1094 2604 1441 2674 cogitatione.
1526 2606 1731 2661 Verum
1790 2605 1929 2660 mihi

328 2671 576 2735 videtur,
617 2690 820 2744 purum
862 2682 915 2729 et
951 2674 1162 2731 iustum
1206 2677 1481 2741 moribuS‚
1523 2681 1615 2734 cui
1655 2680 1796 2735 nihil
1841 2680 1931 2733 in-
