2125 3084
324 155 422 210 342
560 161 756 206 Pan„
794 161 941 206 ιω).
982 161 1307 218 ρυΑΕεΤ.
1347 159 1446 204 ΕΤ
1485 161 1652 208 soL.
1695 157 1934 226 [11,495.]

322 261 577 315 victimas
592 301 605 326 ,
628 269 747 315 tum
767 261 1168 316 immolationes
1184 303 1196 326 ‚
1227 279 1299 316 ex
1317 259 1646 317 alienatione
1667 263 1936 322 conducti

321 338 380 390 in
402 338 849 392 communitatem
868 344 922 391 et
940 335 1290 392 concordiam
1308 337 1503 410 inclyti
1526 339 1840 411 sanguinis.

330 488 491 548 Quare
530 490 854 555 superaddens
896 490 1035 540 dicit.-
1095 490 1272 554 „Ecce
1313 489 1510 554 sanquis
1547 492 1814 552 testamenti
1851 509 1932 542 eo·

456 575 609 676 ναηιὸἱε
643 559 1059 690 Ξυαὲἵρέἱῖεςερίτ
1114 558 1326 608 dominus
1377 557 1447 606 ad
1484 574 1570 607 vos
1613 558 1672 608 de
1717 559 1933 609 omnibus

455 643 538 676 ver
676 643 717 676 aa
865 643 883 676 ι
918 662 931 675 .

432 732 518 784 36.
559 727 829 795 Quoniam
848 728 1078 800 sanguis
1097 726 1370 782 indicium
1395 727 1733 799 cognationis
1755 726 1928 782 fami-

322 805 476 860 liaris
513 812 615 858 est.
689 803 909 874 Duplex
944 811 1126 858 autem
1155 811 1238 857 est
1271 801 1760 873 consanguinitatis
1789 819 1927 872 spe-

323 881 463 934 cies:
506 896 616 933 una
644 878 929 933 hominum
946 919 958 942 ‚
1001 894 1144 949 quae
1167 878 1440 950 originem
1463 876 1678 931 habeta
1697 878 1926 932 maiori-

322 955 456 1024 bus3
489 954 658 1010 altera
680 955 986 1009 animarum
1002 994 1015 1018 ,
1046 953 1208 1007 cuius
1234 952 1576 1024 principium
1597 960 1681 1006 est
1699 952 1925 1024 sapien-

321 1032 418 1086 tia.
522 1029 657 1084 Eam
716 1030 931 1100 itaque,
1002 1044 1146 1099 quae
1191 1028 1450 1082 convenit
1501 1027 1808 1083 maioribus
1859 1045 1924 1082 ac

322 1106 689 1178 generationi,
733 1104 875 1160 nihil
897 1102 1222 1159 memoravit
1241 1133 1317 1144 —
1333 1103 1644 1156 communis
1671 1103 1822 1158 enim
1839 1113 1924 1158 est

323 1183 487 1236 etiam
509 1180 688 1235 brutis
709 1179 1043 1235 animalibus
1054 1210 1147 1242 —,
1171 1177 1270 1232 sed
1291 1177 1537 1242 alteram,
1563 1194 1636 1232 ex
1653 1195 1766 1249 qua
1783 1187 1925 1234 tam-

320 1273 488 1327 quam
516 1273 587 1310 ex
612 1254 797 1310 radice
822 1255 1124 1326 pullulavit
1148 1253 1439 1325 sapientia.
1519 1251 1806 1324 Sapientia
1826 1272 1925 1309 au-

321 1341 432 1386 tem
466 1330 586 1384 fons
614 1339 698 1386 est
725 1330 1019 1384 verborum
1050 1329 1502 1399 voluntariaeque
1529 1327 1702 1400 legis,
1757 1345 1926 1401 quam

322 1404 615 1476 publicans
645 1405 905 1476 magister
932 1404 1180 1460 studioso
1207 1403 1534 1459 eruditionis
1561 1403 1787 1459 edocuit
1806 1423 1926 1460 ma-

323 1480 409 1551 gis
427 1478 763 1533 necessarias
779 1521 791 1542 ‚
822 1479 1171 1535 concordiam
1192 1488 1246 1534 et
1264 1477 1740 1534 communitatem:
1785 1496 1925 1551 quas

323 1570 430 1609 non
465 1561 696 1626 possunt
735 1554 969 1610 cultores
1008 1556 1308 1609 multorum
1346 1553 1575 1609 deorum
1615 1554 1922 1625 acquirere,

322 1629 455 1700 quia
494 1628 786 1684 honoratae
826 1631 957 1686 huic
994 1629 1340 1686 distinctioni
1373 1629 1766 1684 disiunctiores
1802 1631 1928 1702 opi-

323 1706 515 1760 niones
558 1705 837 1777 oppositas
881 1705 1092 1762 faciunt
1135 1713 1188 1760 et
1238 1706 1392 1760 rixae
1445 1704 1926 1776 contentionisque

324 1799 519 1836 causae
538 1781 833 1838 exsistunt.
892 1782 999 1838 Uni
1019 1798 1150 1838 vero
1171 1780 1432 1835 adhaesio
1453 1780 1772 1836 harmonica
1791 1798 1926 1837 con-

324 1857 574 1912 sonantia
594 1865 679 1913 est
695 1859 943 1914 omnium
956 1899 969 1921 ‚
1012 1857 1111 1929 qui
1132 1857 1374 1912 ministri
1393 1864 1523 1912 sunt
1541 1856 1747 1927 operis.

331 2012 460 2071 Quid
500 2023 569 2064 est
610 2052 645 2079 ‚,
668 2015 895 2066 Viderunt
939 2015 1111 2078 locum,
1167 2015 1250 2065 ubi
1287 2016 1449 2065 stabat
1493 2015 1607 2064 deus
1640 2013 1822 2078 Israel,
1881 2023 1928 2064 et

460 2084 546 2131 sub
572 2083 775 2147 pedibus
810 2085 907 2133 eius
938 2085 1059 2132 sicut
1094 2100 1210 2148 opus
1245 2083 1405 2133 lateris
1437 2082 1680 2147 sapphiri,
1727 2091 1774 2132 et
1805 2082 1930 2132 sicut

458 2150 575 2200 maio
596 2151 893 2211 firmamenti
924 2151 1048 2200 caeli
1071 2151 1316 2215 puritate?
1369 2155 1474 2213 (24,
1503 2151 1610 2210 10.)

437 2253 523 2306 37.
563 2252 707 2307 Haec
732 2252 916 2307 omnia
944 2251 1220 2324 Theologo
1258 2250 1511 2307 decentia
1547 2269 1610 2306 ac
1648 2250 1926 2326 condigna

324 2324 491 2397 (sunt)
512 2327 573 2380 in
590 2328 815 2398 primis;
852 2324 933 2454 ς’]
958 2327 1092 2397 quia
1113 2344 1273 2382 nemo
1293 2327 1560 2398 glorietur
1577 2327 1928 2384 invisibilem

325 2399 517 2454 videre
545 2400 737 2463 deum,
790 2401 849 2454 in
892 2401 1088 2471 ulgens
1123 2403 1436 2472 superbiae.
1524 2403 1704 2456 Locus
1743 2411 1932 2458 autem

325 2471 475 2526 idem
504 2474 654 2529 solus
680 2482 901 2529 sanctus
931 2481 985 2527 et
1020 2472 1248 2530 divinus
1285 2475 1433 2547 (est),
1486 2476 1548 2529 in
1576 2492 1687 2546 quo
1719 2476 1934 2532 dicitur

326 2548 647 2615 apparuisse
661 2588 673 2611 ‚
697 2564 806 2602 non
827 2548 949 2619 ipso
971 2547 1206 2602 abeunte
1227 2559 1320 2603 aut
1339 2550 1509 2604 situm
1531 2559 1804 2614 mutante,
1828 2551 1935 2606 sed

325 2618 573 2671 mittente
597 2622 829 2676 virtutes
860 2620 1167 2675 indicantes
1197 2639 1356 2675 suam
1377 2625 1701 2689 essentiam,
1745 2626 1824 2680 ita
1843 2635 1930 2690 ut,

327 2689 376 2740 si
398 2688 585 2753 liceat,
627 2703 868 2761 oporteat
896 2695 1084 2749 dicere
1114 2694 1295 2749 locum
1322 2697 1489 2751 istum
1518 2700 1931 2763 rationalitatis·
