2125 3084
213 189 295 256 ΠΙ,
320 186 439 252 225.]
556 193 639 237 IN
680 191 1037 240 GENESIN.
1079 192 1335 238 SERMO
1373 194 1460 238 111.
1752 188 1812 239 51

320 306 529 360 Verum
561 304 708 360 illud
737 306 981 377 primum
1011 314 1095 361 est
1124 305 1440 361 dicendum.
1520 308 1668 363 Gens
1692 308 1815 372 ista,

214 383 300 437 cui
330 382 392 435 in
423 380 702 435 mandatis
736 380 925 435 datum
960 390 1043 436 est
1081 381 1408 436 circumcidi
1443 390 1634 437 octavo
1663 381 1814 455 (die),

212 465 441 512 vocatur
474 456 667 528 lingua
692 455 988 510 Chaldaica
1017 456 1214 520 Israel,
1258 455 1362 509 hoc
1397 464 1478 511 est
1505 462 1682 511 videns
1717 462 1816 512 dei.

212 532 342 587 Vult
362 547 495 603 ergo
517 529 801 603 (primum)
816 571 829 594 ,
851 538 926 589 ,ut
944 532 1222 602 particeps
1244 532 1318 585 sit
1337 539 1454 586 tum
1475 533 1819 603 propriorum

212 608 513 669 iustorum,
552 614 671 660 tum
709 621 899 659 eorum
927 607 1027 676 qui
1071 604 1380 660 secundum
1416 604 1737 661 electionem
1769 614 1822 661 et

213 678 523 736 secundum
552 680 829 736 Geneseos
860 678 1000 751 (sive
1029 680 1342 753 creationis)
1377 681 1672 744 rationem,
1722 697 1821 752 per

212 757 459 827 primum
476 755 707 826 quidem
728 762 974 818 sextum,
1018 755 1169 826 quod
1194 755 1346 811 illico
1373 756 1703 810 creationem
1733 772 1822 810 se-

212 838 451 902 quutum
473 836 582 897 est;
626 829 770 884 illud
792 829 1057 885 nimirum
1077 831 1294 903 genitor
1313 838 1366 887 et
1385 838 1595 885 creator
1617 828 1820 885 festum

213 904 587 978 generationis
607 904 894 960 evidenter
913 906 1237 961 monstravit
1256 905 1462 961 mundo
1483 904 1550 978 (s,
1575 905 1811 977 mundi),

212 980 508 1052 perficiens
534 979 695 1034 illum
716 980 776 1033 in
798 986 953 1033 sexto
980 978 1133 1053 (die).
1211 978 1458 1035 Alterum
1484 996 1614 1035 vero
1629 1022 1642 1044 ,
1667 979 1818 1051 quod

215 1052 525 1109 secundum
562 1054 887 1109 electionem
931 1061 1037 1119 est,
1081 1071 1182 1127 per
1217 1063 1499 1118 octavum,
1550 1054 1698 1124 quod
1735 1062 1821 1109 est

215 1127 451 1183 secundi
500 1130 723 1199 septimi
771 1129 1133 1200 principium.
1232 1129 1390 1183 Sicut
1436 1136 1693 1183 octavum
1738 1137 1821 1182 est

214 1204 516 1276 septimum
536 1212 592 1258 et
609 1221 787 1259 unum
800 1244 814 1268 ,
846 1204 929 1257 sic
948 1212 1138 1259 ornata
1161 1220 1297 1277 gens
1319 1220 1537 1275 semper
1557 1210 1640 1257 est
1657 1218 1813 1275 gens,

212 1278 359 1334 illud
396 1294 619 1350 quoque
658 1294 825 1350 supra
864 1278 1166 1349 recipiens,
1227 1278 1376 1349 quod
1424 1293 1524 1351 per
1567 1287 1819 1333 naturam

216 1355 390 1410 electa
421 1355 497 1408 sit
525 1360 579 1408 et
606 1352 916 1408 secundum
942 1353 1211 1425 placitum
1248 1354 1440 1426 patris,
1539 1352 1813 1417 Secunde,

212 1437 471 1485 octavum
491 1426 741 1499 undique
759 1430 1049 1500 paritatem
1067 1428 1301 1493 indicat,
1345 1436 1568 1483 cunctas
1595 1445 1819 1500 separa-

211 1506 390 1560 tiones
420 1502 679 1575 aequales
706 1508 1043 1569 monstrans,
1095 1512 1158 1558 ut
1185 1503 1398 1559 dictum
1418 1511 1528 1567 est,
1572 1503 1818 1575 longitu-

212 1578 363 1633 dinis
379 1619 391 1642 ‚
436 1576 751 1634 latitudinis
780 1585 835 1633 et
862 1577 1273 1649 profunditatis.
1360 1577 1679 1649 Aequalitas
1717 1594 1817 1630 au-

212 1663 321 1709 tem
364 1654 699 1725 aequitatem
738 1654 983 1709 iustitiae
1022 1655 1265 1726 peperit:
1328 1670 1440 1725 quo
1483 1651 1816 1713 manifestat,

212 1728 364 1801 quod
385 1729 623 1784 amatrix
644 1727 737 1782 dei
759 1744 895 1800 gens
916 1730 1191 1799 aequitate
1212 1729 1332 1782 sive
1352 1726 1566 1780 iustitia
1588 1724 1820 1779 adorna-

212 1812 264 1859 ta
303 1812 390 1859 est
428 1812 485 1857 et
517 1804 577 1858 in
616 1804 1023 1874 possessionem
1072 1808 1352 1873 provecta.
1450 1799 1660 1860 Tertio,
1713 1814 1821 1851 non

211 1878 393 1934 solum
415 1877 723 1949 completae
744 1878 1035 1949 aequitatis
1062 1877 1220 1930 iuxta
1240 1889 1431 1929 omnes
1449 1871 1820 1925 dimensiones

213 1961 297 2007 est
324 1970 588 2007 mensura
606 1993 619 2018 ,
662 1951 766 2007 sed
795 1953 960 2007 etiam
986 1950 1260 2023 primum:
1302 1948 1516 2021 primus
1546 1946 1697 2001 enim
1722 1963 1821 2000 cu—

210 2027 317 2082 bus
340 2035 451 2092 est,
499 2026 552 2101 ³⁸]
578 2026 844 2099 quoniam
862 2035 1090 2082 octavus
1115 2024 1346 2097 quidem
1376 2038 1640 2078 numerus
1669 2022 1820 2094 pari-

210 2093 379 2159 tatem
408 2104 470 2157 in
511 2103 649 2167 icat,
694 2101 1001 2156 secundum
1035 2108 1246 2165 tamen,
1289 2116 1399 2154 non
1427 2098 1672 2171 primum
1699 2114 1818 2153 sor-

210 2178 347 2233 titus
378 2184 465 2232 est
484 2175 763 2233 ordinem.
843 2174 1157 2249 Symbolice
1186 2176 1371 2247 itaque
1399 2174 1627 2247 figurat,
1668 2170 1819 2244 quod

210 2253 450 2323 primam
495 2253 663 2307 istam
711 2258 931 2322 gentem
974 2258 1027 2306 et
1073 2252 1403 2323 aequitatem
1446 2266 1509 2304 ac
1549 2247 1820 2303 iustitiam

210 2328 435 2398 proprie
466 2340 790 2397 supremam
820 2340 1202 2397 summamque
1237 2322 1607 2397 adaptaverit,
1659 2328 1822 2389 atque

212 2402 453 2473 primam
472 2401 711 2455 humani
731 2402 947 2471 generis
963 2441 975 2465 ,
1014 2417 1124 2455 non
1145 2400 1436 2456 creationis
1457 2394 1712 2466 genitura
1733 2391 1822 2445 vel

210 2484 485 2547 tempore,
540 2470 645 2529 sed
685 2473 951 2545 dignitate
988 2476 1238 2539 virtutis,
1280 2490 1342 2527 ac
1373 2471 1422 2525 si
1453 2464 1826 2520 connaturalis

211 2566 339 2619 pars
360 2552 435 2605 sit
454 2550 615 2603 unita
642 2549 857 2603 iustitia
878 2562 1005 2602 cum
1024 2550 1278 2619 paritate.
1357 2536 1829 2621 Quartmquanflq-

212 2623 449 2693 quidem
470 2630 711 2694 quatuor
732 2630 861 2677 sunt
879 2622 1150 2676 elementa
1166 2661 1178 2684 ‚
1209 2628 1385 2673 terrae
1401 2656 1413 2679 ‚
1445 2626 1617 2681 aquae
1633 2650 1646 2672 ¹)
1691 2626 1830 2664 aens

214 2706 269 2753 et
287 2699 445 2771 ignis
466 2696 716 2769 species:
758 2695 909 2769 ignis
935 2694 1172 2767 figuram
1198 2691 1422 2747 sortitus
1455 2693 1538 2740 est
1565 2684 1834 2751 homony-
