2125 3084
135 204 386 274 [mna]
501 210 581 255 m
621 208 979 256 GENEsm.
1021 210 1275 258 sunno
1302 212 1389 261 lv.
1448 197 1473 227 '
1648 208 1749 262 253

139 312 452 444 pretiosius
481 309 763 383 voluptate
791 310 1097 375 existimat,
1137 302 1245 367 ii'on
1274 328 1407 368 vero
1432 313 1613 369 solum
1639 314 1753 370 uti-

165 406 282 444 ius.

151 511 290 571 Quid
311 521 394 561 ‘est
427 507 594 575 „Non
630 511 826 575 agnovit
859 526 984 573 eum,
1043 511 1159 575 quia
1193 511 1381 575 pilosae
1412 520 1549 561 erant
1590 528 1753 563 manu·

406 579 529 640 eius,
568 578 690 627 sicut
726 580 952 642 (manus)
985 577 1208 629 Εεαιιῑῑὶ
1242 581 1349 645 (27,
1390 580 1501 643 23.)

262 701 386 756 ΞΗ.
444 695 614 752 Paulo
651 704 778 751 ante
813 696 1026 753 dictum
1066 698 1243 771 magis
1273 714 1337 753 ao
1365 698 1543 771 magis
1570 696 1754 754 oonsi-

147 792 329 849 gnans
351 770 603 837 affirmat,
627 787 876 838 monens,
895 772 1046 844 quod
1066 772 1387 829 huiusmodi
1404 790 1571 845 opera
1591 772 1753 841 laude

147 850 323 925 digna
360 864 526 920 saepe
559 856 818 903 exercent
843 856 1185 919 prosuntque
1211 857 1322 904 tam
1352 848 1559 921 probus
1586 865 1753 921 quam

147 922 444 996 improbus
459 964 472 986 ,
497 920 595 978 sed
615 938 724 978 non
745 922 940 979 eodem
958 923 1211 979 consilio.
1262 924 1417 979 Unus
1438 924 1586 979 enim
1606 932 1753 979 certe

145 1000 372 1057 iudicat
389 997 592 1053 bonum
613 1014 734 1055 esse
749 1040 762 1065 ,
786 998 925 1054 alter
944 1016 1076 1054 vero
1090 1040 1103 1063 ,
1124 997 1304 1053 malus
1323 998 1565 1065 scilicet:
1579 998 1753 1055 hone-

145 1084 262 1132 stat
283 1080 340 1129 et
359 1072 563 1129 bonum
582 1089 843 1145 apparere
865 1072 998 1130 facit
1025 1072 1239 1144 aliquid
1254 1115 1269 1138 ‚
1311 1074 1462 1146 quod
1490 1074 1753 1130 avaritiae

147 1160 238 1205 est
264 1148 571 1221 proprium.
648 1148 942 1222 Siquidem
968 1166 1131 1204 nemo
1159 1166 1421 1221 umquam
1444 1151 1647 1221 poterit
1664 1150 1754 1205 in·-

149 1224 352 1281 venire
373 1222 722 1294 insipientem
736 1265 750 1290 ‚
781 1234 842 1280 ut
861 1224 1098 1299 dignum
1117 1224 1415 1296 quicquam
1435 1224 1616 1289 faciat,
1640 1225 1751 1279 nisi

149 1300 422 1357 moliatur
449 1286 672 1371 aliqu⁰od
697 1308 1023 1373 strategema
1044 1300 1135 1356 vel
1156 1300 1429 1373 excogitet
1446 1300 1630 1373 aliqua
1652 1316 1752 1355 no·-

153 1394 253 1442 va‚
295 1375 442 1429 sicut
472 1365 764 1448 dagoedus
793 1377 1007 1432 asserit.
1084 1374 1424 1449 Quapropter
1444 1377 1751 1450 aenigmate

153 1452 356 1515 utitur,
401 1448 612 1506 addens
627 1490 640 1515 ‚
680 1450 830 1523 quod
859 1449 972 1509 fere
999 1451 1206 1507 similia
1234 1460 1389 1515 sunt,
1432 1468 1539 1508 non
1567 1461 1750 1508 tamen

153 1705 209 1752 et
237 1692 436 1751 frivola
463 1693 746 1748 mirantes.
849 1692 1054 1750 Cautus
1088 1702 1272 1750 autem
1301 1702 1357 1749 et
1382 1694 1747 1766 gerendorum

152 1786 354 1826 causas
371 1809 383 1832 ‚
416 1776 470 1822 et
488 1768 718 1822 consilia
737 1784 920 1823 rerum
943 1770 1206 1840 requirit,
1237 1768 1631 1840 vituperabilia
1660 1782 1749 1821 re·

152 1841 554 1919 prehendendo
568 1884 582 1907 ,
623 1842 812 1897 doctus
833 1852 887 1899 et
904 1845 1185 1915 responsis
1204 1842 1429 1897 divinae
1448 1843 1751 1913 scripturae

154 1935 304 1993 quae
321 1917 591 1990 permittit
613 1918 947 1975 iustitia-um
966 1916 1158 1975 titulos
1185 1918 1331 1971 iuste
1357 1916 1554 1971 sectari
1584 1930 1749 1988 quam

151 1995 384 2051 iniuste.

163 2118 296 2179 Quia
335 2128 407 2170 eet
451 2114 614 2183 „Non
657 2118 878 2185 coynovz't
923 2134 1052 2179 eum
1112 2126 1249 2167 erunt
1289 2117 1409 2167 enim
1450 2131 1616 2167 manus
1655 2109 1755 2163 eim

483 2185 629 2251 quasi
656 2204 823 2237 manns
855 2185 994 2236 Esau
1020 2186 1203 2251 fratris
1247 2185 1425 2236 eius“?

267 2293 387 2348 ΞΗ.
445 2288 606 2356 Quod
642 2288 810 2361 paulo
839 2295 964 2343 ante
990 2286 1203 2343 dictum
1240 2297 1351 2353 est,
1408 2304 1475 2343 eo
1510 2284 1753 2357 amplius

161 2367 448 2439 consIgnat
466 2362 793 2420 instruendo
809 2380 972 2435 posse
990 2363 1283 2436 aliquoties
1302 2362 1559 2420 similiter
1584 2360 1757 2415 bene-

161 2442 336 2498 facere
361 2440 568 2496 bonum
589 2446 645 2493 et
663 2455 922 2510 pravum,
957 2438 1055 2494 sed
1074 2456 1183 2494 non
1204 2456 1274 2495 ex
1292 2456 1403 2495 uno
1423 2435 1752 2493 ministerio.

161 2516 257 2573 llle
295 2516 445 2571 enim
479 2511 722 2586 perfecte
769 2513 1004 2581 bonum,
1065 2514 1171 2571 iste
1214 2510 1598 2587 desponsando
1644 2510 1756 2566 sihi

161 2589 372 2646 fraudis
411 2596 714 2657 momenta3
773 2588 916 2643 nihil
953 2591 1103 2645 enim
1123 2588 1403 2662 ‘probatur
1435 2586 1755 2660 insipientia

167 2682 323 2739 agere
339 2707 352 2729 ,
390 2663 493 2719 sed
514 2671 706 2719 votum
725 2664 835 2718 nisi
855 2660 1169 2719 maehin'am
1190 2664 1593 2721 fraudulentam
1613 2679 1758 2736 quae

165 2741 406 2797 nascitur
434 2756 466 2794 a
493 2738 764 2795 Mercurio
777 2780 791 2802 ‚
831 2748 895 2795 ut
927 2741 1171 2813 tragicus
1206 2740 1299 2797 ait.
1375 2739 1505 2798 Ideo
1532 2738 1753 2803 adiecit.
