2125 3084
128 184 216 258 m,
244 178 369 254 302]
492 189 570 233 IN
614 188 969 234 GENESIN.
1011 190 1264 237 emmo
1301 194 1392 240 lv.
1649 188 1744 243 ⁴23

126 294 239 346 rios
270 307 380 362 per
412 288 789 343 adorationem
816 297 981 360 atque
1010 288 1123 344 sibi
1150 291 1448 345 concilians
1475 295 1738 359 suaviter,

127 373 411 437 quantum
438 362 739 434 putabatur
764 362 1029 434 expedire
1058 364 1129 418 ad
1159 364 1542 431 alliciendum,
1580 369 1654 423 ita
1683 377 1743 424 ut

129 458 237 495 non
280 438 561 501 dimittat,
622 438 733 491 nisi
770 439 929 509 prius
970 446 1250 493 mortuum
1287 456 1452 494 suum
1477 441 1738 513 deponat,

131 517 227 569 vix
256 512 492 568 tradens
521 529 749 584 corpuS,
804 512 904 566 sed
936 514 1344 583 possessionem
1373 515 1612 585 sepulcri
1647 534 1744 571 su-

132 606 289 643 mens
303 630 317 653 ‚
364 604 478 641 non
504 586 582 642 ita
600 585 939 657 sepulcrum.
1020 586 1309 642 Caeterum
1331 605 1569 660 aequum
1591 600 1746 646 estet

130 662 276 719 illud
296 662 627 725 ohservare,
670 660 819 732 quod
846 662 944 733 qui
966 660 1268 733 loquuntur
1297 664 1443 719 sicut
1468 664 1740 735 exempla,

126 738 461 809 sepulcrum
492 737 834 791 monumenti
870 735 1031 790 titulo
1068 737 1339 802 vocitant,
1383 738 1607 808 sapiens
1646 756 1746 793 au·
1825 756 1839 774 ¹

124 824 239 869 tem
287 829 405 866 non
448 810 768 882 sepulcrum
816 818 879 865 ut
922 796 1368 876 monumentum,
1411 811 1512 867 sed
1547 829 1746 869 monu-

116 888 307 943 menti
336 885 701 946 hereditatem
730 887 851 940 sive
878 886 1287 955 possessionem
1311 887 1554 957 sepulcri
1583 888 1740 943 dicit.

114 959 352 1029 Quare?
410 958 681 1025 Quoniam
718 959 804 1014 illi
842 961 1108 1015 memoria
1145 959 1380 1033 dignum
1423 961 1743 1018 existimant

116 1052 336 1107 corpus
356 1043 571 1090 tantum
590 1046 643 1093 et
662 1033 911 1107 singulas
932 1051 1021 1089 res
1041 1036 1284 1107 corporis
1301 1076 1313 1099 ,
1357 1037 1462 1091 iste
1482 1054 1613 1092 vero
1633 1054 1741 1091 non

114 1114 270 1165 haec
284 1152 297 1173 ,
330 1109 433 1164 sed
454 1109 763 1165 dominium
784 1110 906 1166 sive
923 1110 1333 1183 possessionem
1353 1128 1542 1167 eorum
1556 1153 1569 1177 ,
1608 1121 1669 1168 ut
1689 1121 1741 1167 et

116 1185 397 1257 superius
416 1183 628 1241 dictum
648 1191 751 1239 est.

126 1368 303 1427 Quare
354 1366 497 1417 dicit.-
550 1402 585 1430 „
599 1366 664 1417 Si
698 1366 881 1418 habetis
912 1370 963 1418 in
998 1369 1160 1419 anima
1193 1378 1374 1432 vestra,
1429 1380 1482 1421 ut
1513 1372 1736 1437 sepeliam

267 1444 499 1485 mortuum
537 1436 742 1499 (meum)
779 1452 813 1483 a
839 1436 979 1501 facie
1017 1453 1147 1500 mea,
1204 1437 1365 1488 audite
1399 1456 1470 1488 me
1506 1449 1552 1489 et
1587 1440 1736 1507 loqui·

266 1502 389 1551 mini
412 1519 507 1567 pro
545 1518 617 1550 me
653 1518 755 1551 cum
787 1502 991 1568 Ephron
1018 1504 1130 1565 filio
1171 1503 1364 1569 Sohar,
1417 1516 1470 1557 ut
1503 1507 1583 1557 det
1621 1510 1738 1561 mihi

265 1569 541 1635 speluncam
577 1568 828 1633 duplicem,
878 1588 999 1634 quae
1034 1580 1104 1621 est
1133 1573 1198 1635 ei,
1251 1590 1373 1637 quae
1413 1585 1480 1624 eat
1515 1576 1564 1624 in
1589 1586 1735 1641 parte

268 1637 388 1701 ayri
421 1636 535 1685 eius.
606 1635 843 1702 Aryento,
900 1648 1124 1703 quantum
1157 1638 1308 1703 valet,
1366 1640 1446 1690 det
1479 1642 1595 1691 mihi
1630 1660 1732 1695 eam

267 1720 433 1753 coram
456 1704 589 1753 vobis
598 1702 646 1767 ²⁸)
671 1706 720 1753 in
737 1706 1078 1769 possessionem
1100 1708 1457 1758 monumenti“?
1495 1711 1601 1771 (23,
1621 1713 1732 1775 82.)

240 1839 333 1893 78.
394 1838 575 1893 Sensu
615 1856 797 1895 rerum
834 1848 1126 1911 usurpat0,
1170 1856 1337 1911 quem
1373 1842 1735 1912 praecedente

125 1912 452 1968 adoratione
470 1914 583 1968 iam
602 1914 881 1971 intimavit
904 1912 977 1990 [*]
1004 1914 1380 1978 auditoribu3‚
1421 1914 1586 1970 dicit:
1628 1916 1735 1983 Qui

124 1988 304 2043 verba
326 2005 435 2043 non
457 1988 526 2043 ad
547 1987 822 2045 fallaciam
842 1990 1125 2061 usurpatis
1140 2030 1152 2053 ,
1195 1989 1296 2045 sed
1323 1988 1393 2043 ad
1421 1991 1661 2046 animam
1683 2002 1738 2049 et

125 2072 375 2118 mentem
390 2104 403 2127 ,
447 2063 507 2118 id
536 2061 813 2129 fatemini,
862 2064 1011 2135 quod
1040 2081 1266 2136 corpore
1299 2073 1512 2121 mortuo
1551 2067 1732 2124 induti

126 2154 356 2203 eumue,
401 2146 455 2193 et
481 2147 695 2210 oportet
721 2139 873 2194 istud
902 2140 1165 2211 sepelire,
1207 2157 1316 2196 non
1346 2157 1477 2197 vero
1501 2145 1734 2215 permit-

127 2220 246 2267 tere
268 2212 673 2284 cupiditatibus
695 2230 1011 2286 exsurgere,
1035 2222 1091 2269 et
1110 2232 1414 2272 recrescere
1433 2234 1498 2272 ac
1517 2220 1726 2293 vigere,

128 2286 231 2341 sed
250 2304 283 2341 a
304 2285 444 2342 facie
469 2288 674 2363 proculx
691 2296 876 2343 tenere
890 2329 903 2353 ,
933 2296 994 2343 ut
1014 2290 1252 2362 impetus
1268 2333 1280 2355 ,
1305 2293 1403 2363 qui
1424 2294 1730 2348 secundum

130 2363 490 2433 cogitationes
522 2372 788 2435 aguntur,
830 2364 1116 2434 impediat.
1195 2366 1524 2438 Loquamini
1544 2368 1732 2437 itaque

130 2437 189 2489 in
210 2438 444 2491 consilio
464 2438 682 2492 animae
701 2454 801 2509 pro
820 2454 909 2492 me
923 2479 935 2502 ,
979 2446 1033 2493 et
1057 2447 1314 2510 apparete
1339 2439 1480 2493 mihi
1502 2448 1556 2495 et
1576 2440 1733 2495 festi-

130 2518 281 2574 nate,
324 2520 389 2566 ut
416 2521 689 2584 quantum
720 2512 953 2585 dignum
980 2522 1063 2569 est
1089 2515 1332 2587 pretium
1360 2514 1599 2587 argenti,
1643 2514 1733 2568 di-

228 2683 274 2731 1ὓ)
300 2684 351 2723 In
370 2686 497 2725 codd.
516 2685 639 2725 Arm.
658 2694 735 2735 pro
754 2696 896 2726 coram
912 2688 1027 2725 vobis
1045 2688 1250 2735 seriptum
1269 2688 1362 2724 erat
1379 2686 1416 2723 et
1433 2686 1573 2731 vobin
1601 2684 1732 2725 Grae-

134 2742 227 2773 cum
243 2724 399 2775 habet:
427 2736 473 2775 in
490 2736 620 2783 vobis,
648 2736 691 2775 ἐν
706 2734 823 2785 ὑμῖν.
875 2735 1037 2777 Auen.
1377 2760 1382 2765 -
