2125 3084
184 189 283 254 [11‚
310 183 432 250 481]
581 190 662 235 ΙΝ
696 191 1035 237 Exontm.
1075 193 1328 239 sEnMo
1365 197 1427 240 11.
1705 193 1802 246 329

191 291 459 365 angelum
492 289 925 345 existimandum·
959 299 1043 345 est
1071 291 1355 359 denotare3
1410 294 1510 363 qui
1545 296 1695 349 enim
1732 296 1802 350 ab

188 368 302 421 isto
338 365 545 420 dicitur
579 365 874 439 propheta,
927 364 1160 438 angelus
1198 375 1280 421 est
1316 367 1604 422 veraciter.
1691 371 1802 424 Ne—

191 457 349 496 cesse
370 447 455 494 est
474 454 605 510 ergo
626 440 678 492 ei
699 441 799 510 qui
817 443 1076 494 audiendo
1093 444 1268 503 audit,
1311 439 1371 494 id
1393 449 1475 496 est
1493 451 1801 499 constanter

188 515 393 586 recipit
410 513 587 578 dicta,
632 530 799 584 opera
834 529 1059 585 quoque
1091 529 1155 567 ea
1192 514 1482 585 perficere3
1527 532 1655 569 nam
1684 535 1802 572 ser-

188 591 376 645 monis
404 587 545 642 fides
572 603 737 659 opera
767 596 871 642 est.
946 587 1056 653 Qui
1083 601 1219 644 vero
1249 588 1416 643 dictis
1453 592 1800 646 consentiens

190 666 249 719 in
278 678 505 734 operam
531 661 687 718 ducit
704 662 1019 717 ordinatum
1035 679 1138 734 per
1157 664 1602 718 enunciationem
1616 704 1629 729 ,
1671 683 1802 736 pro-

188 747 453 794 tectorem
479 737 791 792 necessario
822 737 935 791 sibi
957 738 1196 810 acquirit
1213 739 1542 810 magistrum
1557 778 1570 801 ,
1613 747 1676 794 ut
1692 757 1802 812 pu·

188 821 364 876 tatur,
404 811 701 868 adiuvante
722 812 899 866 amico
920 810 1029 884 (vel
1050 811 1409 868 adiuvantem
1430 813 1701 888 alumno),
1741 831 1800 869 re

188 898 375 943 tamen
394 903 525 942 vera
544 886 769 958 propria
786 887 1070 942 voluntate
1092 887 1236 960 legis
1250 929 1264 952 ,
1303 903 1472 960 quam
1493 888 1797 944 adversarii

187 972 241 1018 et
262 962 480 1016 inimici
500 969 761 1032 optarunt
782 959 1086 1016 destruere.

264 1115 394 1174 Qndd
424 1127 513 1180 est,
574 1117 707 1181 quod
734 1116 1092 1181 „De-struendo
1123 1117 1336 1168 destriaes
1369 1128 1414 1168 et
1449 1119 1730 1170 conterendo

492 1193 705 1234 conteres
735 1193 924 1235 statum
958 1187 1202 1235 eorum“?
1252 1187 1358 1250 (23,
1381 1187 1492 1248 24.)

306 1285 386 1338 ⁴7.
427 1283 706 1360 Statuae*)
736 1293 867 1342 sunt
890 1285 1197 1360 symbolice
1223 1296 1408 1360 gratae
1430 1287 1609 1362 leges,
1653 1305 1796 1362 quae

182 1366 421 1416 statutae
456 1357 792 1432 fulcitaeque
821 1370 1132 1417 constanter
1160 1362 1452 1418 videntur.
1529 1364 1797 1439 Accepta-

181 1451 312 1490 rum
342 1443 523 1490 autem
558 1435 772 1508 legum,
824 1442 1035 1491 statuae
1070 1438 1245 1492 instar
1283 1445 1613 1504 erectarum,
1665 1448 1796 1495 sunt

183 1509 458 1584 quaedam
475 1551 488 1574 ‚
526 1524 671 1582 quae
692 1509 1009 1583 probandae
1030 1519 1161 1566 sunt
1179 1529 1430 1586 quasque
1450 1530 1688 1586 aequum
1711 1522 1796 1571 est

182 1595 329 1641 stare
359 1592 413 1641 et
440 1584 661 1638 firmum
688 1583 894 1639 habere
928 1587 1099 1640 situm
1137 1588 1414 1656 stationis3
1469 1597 1600 1643 sunt
1635 1591 1788 1654 item,

182 1674 329 1732 quae
358 1659 755 1732 improbandae
784 1668 939 1726 sunt,
984 1677 1123 1733 quas
1152 1679 1284 1716 sane
1310 1662 1523 1717 destrui
1544 1664 1790 1734 expedit.

180 1733 520 1790 Huiusmodi
540 1741 695 1798 sunt,
738 1751 1122 1808 quaecumque
1149 1737 1470 1808 insipientia
1498 1745 1682 1791 contra
1715 1735 1790 1810 [Ἴ

178 1808 540 1882 prudentiam
586 1809 800 1874 statuit,
864 1818 917 1866 et
961 1825 1346 1883 quaecumque
1393 1811 1792 1865 incontinentia

180 1883 457 1940 adversus
486 1879 832 1939 sobrietatem
848 1927 861 1950 ,
906 1893 961 1940 et
988 1901 1372 1958 quaecumque
1399 1883 1672 1938 iniustitia
1692 1902 1792 1957 pro

176 1958 426 2023 iustitia,
480 1965 533 2012 et
570 1973 951 2031 quaecumque
995 1959 1272 2014 iniustitia
1307 1974 1407 2030 pro
1445 1957 1686 2024 iustitia,
1739 1969 1793 2014 et

177 2032 350 2088 simul
373 2033 646 2105 quicquid
666 2034 910 2090 malitiae
931 2041 1117 2090 contra
1138 2034 1398 2087 virtutem
1425 2041 1526 2086 est.
1585 2034 1790 2090 Verum
1869 2043 1894 2064 ‘

177 2108 327 2163 illud
350 2149 386 2171 ‚‚
400 2109 721 2164 Destruendo
736 2114 970 2164 destrues
989 2119 1037 2164 et
1058 2112 1360 2164 conterendo
1381 2117 1608 2164 conteres
1622 2115 1658 2139 ‘⁴
1683 2109 1791 2164 hu—

178 2183 427 2238 iusmodi
462 2181 679 2238 inducit
714 2185 1070 2239 sententiam:
1123 2181 1392 2248 Quoniam
1431 2189 1513 2236 est
1550 2183 1784 2254 aliquid,

179 2257 332 2329 quod
355 2257 647 2312 destruunt
673 2257 742 2314 ad
762 2276 985 2314 rursum
1006 2258 1334 2332 erigendum
1349 2299 1362 2323 ‚
1405 2256 1791 2330 confringunt-

178 2349 292 2403 que
314 2340 375 2386 ut
393 2333 595 2386 iterum
615 2340 894 2404 coaptent,
936 2334 987 2387 is
1018 2341 1201 2388 tamen
1229 2332 1352 2389 vult
1375 2333 1547 2387 semel
1570 2332 1790 2388 destru—

178 2415 333 2460 ctum
362 2403 814 2479 confractumque
843 2423 953 2461 non
975 2408 1216 2479 amplius
1237 2407 1637 2480 reparationem
1659 2424 1790 2464 con-

178 2481 371 2552 sequi,
416 2480 515 2534 sed
545 2497 765 2554 semper
792 2483 852 2537 in
882 2483 1231 2554 corruptione
1259 2483 1464 2547 iacere,
1517 2479 1790 2556 quicquid

181 2556 517 2610 contrarium
540 2564 623 2610 est
642 2557 787 2611 bono
806 2557 1144 2629 optimoque.

280 2730 325 2778 ¹³)
374 2727 441 2768 Cf.
470 2730 599 2776 stipi-a.
623 2727 721 2768 Vol.
746 2727 823 2767 VI.
850 2737 892 2776 p.
922 2729 1010 2768 273.
