2125 3084
168 191 253 257 [[1,
274 188 400 255 σοι]
796 194 894 241 DE
932 195 1135 261 lois-A,
1663 191 1759 245 449

168 295 417 353 moribus
444 296 505 350 in
533 294 761 351 meliora
775 335 787 359 ,
819 301 1030 349 tantum
1060 310 1164 367 ego
1191 302 1284 349 tua
1301 312 1438 350 usus
1457 312 1581 351 sum
1599 315 1761 370 prae-

170 372 461 435 dicatione,
485 377 751 441 quantum
770 377 831 424 tu
850 386 1041 425 revera
1062 369 1263 424 falsum
1281 368 1493 425 dixisse
1511 388 1762 445 comper-

168 456 257 503 tus
284 463 368 501 es.
446 444 547 501 Sin
572 461 703 501 vero
730 451 842 499 tam
870 452 965 499 tua
982 443 1320 515 praedicatio
1344 443 1760 503 subversionem

168 519 521 595 significabat
534 561 547 585 ‚
588 535 756 591 quam
786 518 1194 590 praedicatione
1232 518 1499 574 admoniti
1528 521 1763 577 subver-

167 599 383 653 sionem
402 594 525 668 (ceu
542 593 978 667 couversionem)
1008 610 1301 665 suscepere
1315 633 1328 658 ‚
1362 595 1636 664 quomodo
1665 614 1763 651 su-

166 669 380 745 perfluo
404 669 595 727 dolore
622 668 857 725 afficeris
870 709 885 733 ,
922 668 1332 740 praedicatione
1359 660 1639 740 perfecta‘?
1692 672 1763 727 At

165 747 365 803 civitas
378 786 393 810 ‚
424 746 529 810 ait,
558 743 782 801 illorum
800 759 908 797 non
929 744 1196 800 subversa
1217 752 1302 798 est
1319 759 1423 798 nec
1442 743 1638 801 domus
1659 762 1762 801 nec

162 820 333 877 muri.
409 820 797 877 Verumtamen
834 834 928 874 cor
966 828 1021 873 et
1054 835 1174 873 mos
1212 818 1272 873 in
1304 819 1566 890 pietatem
1603 838 1760 875 versa

160 904 321 961 sunt,
362 912 537 967 eaque
564 910 707 966 quae
734 892 1031 949 evertenda
1056 892 1318 956 fuissent,
1361 892 1570 950 firmata
1599 905 1756 964 sunt;

161 988 275 1027 non
304 970 453 1025 enim
478 970 631 1025 saxis
656 978 712 1025 et
744 966 817 1044 [*]
856 967 1126 1023 aedificiis
1165 968 1478 1025 evertendis
1511 967 1756 1045 indigeo.

159 1046 309 1115 Quia
328 1044 615 1101 subversio
636 1045 868 1100 istorum
876 1042 929 1116 *)
954 1042 1174 1097 facilem
1193 1041 1359 1098 habet
1379 1046 1753 1110 mutationem,

161 1136 342 1193 quum
368 1120 471 1175 ista
502 1119 571 1175 ab
600 1119 951 1175 inimicorum
978 1120 1144 1173 etiam
1170 1127 1224 1174 et
1243 1118 1569 1175 bellantium
1589 1121 1756 1177 armis

159 1194 411 1266 superati
440 1194 759 1251 concidunt:
809 1212 841 1249 a
868 1194 1013 1249 malo
1039 1210 1171 1250 vero
1201 1194 1440 1251 animam
1467 1196 1528 1250 in
1555 1195 1757 1252 melius

162 1269 309 1325 verti
328 1270 522 1325 divina
538 1269 725 1325 dextra
750 1277 932 1324 movet
950 1277 1256 1341 mutatque.

278 1360 363 1413 49.
412 1356 522 1413 Sed
552 1357 797 1413 fortassis
832 1358 965 1430 quia
990 1376 1060 1413 ex
1089 1353 1179 1413 his
1209 1360 1634 1429 cogitationibus
1659 1378 1758 1434 per

158 1432 332 1490 verba
360 1432 573 1488 absolvi
602 1441 765 1505 atque
793 1450 853 1487 se
880 1442 1136 1490 excutere
1167 1452 1198 1487 a
1225 1450 1324 1489 suo
1353 1437 1632 1509 proposito
1656 1438 1758 1493 vix

156 1508 624 1582 persuadebatur,
684 1508 1028 1579 percutiebat
1069 1508 1326 1564 dominus
1371 1510 1757 1567 umbraculum

158 1584 301 1650 eius,
325 1583 603 1639 denudata
622 1583 935 1639 cucurbita:
958 1585 1033 1638 ita
1051 1593 1114 1639 ut
1131 1584 1200 1639 ad
1216 1584 1499 1657 planctum
1519 1596 1572 1642 et
1593 1587 1757 1643 lacri-

156 1676 278 1715 mas
306 1657 632 1733 prophetam
664 1658 1011 1727 conduceret.
1089 1660 1229 1714 Dum
1264 1677 1394 1734 ergo
1429 1661 1756 1717 lacrimaba-

153 1743 251 1791 tur
272 1733 340 1788 de
360 1734 578 1805 planta,
610 1742 879 1805 apparens
907 1751 1232 1807 responsum
1259 1734 1312 1789 ei
1341 1735 1459 1790 dat:
1520 1736 1756 1791 Pulchra

156 1807 372 1865 esttibi
393 1806 711 1862 cucurbitae
729 1808 944 1880 planta,
986 1828 1018 1864 0
1044 1808 1338 1880 propheta!
1381 1816 1434 1863 et
1461 1809 1602 1863 mihi
1627 1810 1757 1881 pul-

154 1883 360 1939 chrum
378 1889 462 1937 est
480 1898 657 1955 genus
676 1880 999 1938 humanum.
1073 1882 1395 1955 Protegebat
1415 1891 1578 1954 caput
1595 1892 1754 1938 tuum

154 1957 451 2015 cucurbita
479 1956 549 2012 ab
576 1956 771 2013 inferis
796 1974 1018 2013 sursum
1038 1973 1289 2012 crescens
1309 1966 1362 2011 et
1379 1974 1544 2028 supra
1565 1967 1757 2015 exten-

153 2052 247 2101 sa3
273 2032 568 2088 adornatur
587 2041 641 2088 et
661 2033 823 2090 homo
843 2033 1035 2089 divina
1052 2034 1255 2087 virtute
1270 2073 1283 2096 ,
1321 2031 1390 2085 ab
1409 2030 1602 2086 inferis
1623 2049 1756 2087 con-

154 2108 384 2165 trahens
404 2108 625 2180 pietatis
643 2109 833 2165 verba.
883 2110 966 2164 Tu
986 2126 1119 2163 sane
1139 2100 1385 2162 divinam
1407 2108 1664 2161 virtutem
1687 2108 1756 2163 ad

154 2182 547 2240 humiditatem
566 2184 671 2241 soli
692 2184 973 2240 efficacem
993 2200 1115 2238 esse
1140 2181 1365 2238 volebas
1381 2222 1394 2245 ‚
1425 2199 1494 2237 ne
1522 2181 1756 2237 arefacta

154 2268 211 2315 et
230 2257 487 2315 deflorata
513 2258 666 2315 fieret
692 2258 1007 2315 cucurbita:
1050 2266 1106 2313 et
1132 2273 1234 2331 ego
1262 2273 1370 2319 non
1397 2272 1615 2327 parcam
1632 2298 1645 2322 ‚
1686 2274 1755 2313 ne

157 2335 361 2397 animis
377 2334 629 2391 arefactis
642 2350 867 2407 corpora
879 2330 1392 2405 corrumperentur?
1414 2333 1492 2387 Tu
1504 2331 1750 2397 volebas,

156 2419 217 2466 ut
238 2410 395 2465 irrita
413 2417 559 2466 esset
578 2408 772 2465 divina
790 2409 997 2463 virtus:
1045 2416 1424 2463 verumtamen
1453 2407 1639 2464 iudica
1657 2424 1756 2479 per

157 2494 208 2541 te
237 2486 427 2556 ipsum
454 2483 653 2541 videns
679 2499 917 2539 errorem
943 2490 1122 2537 tuum.
1199 2481 1346 2549 Quid
1374 2491 1458 2538 est
1485 2482 1590 2537 tibi
1609 2491 1752 2537 tanta

160 2560 225 2616 ad
245 2562 409 2616 istam
428 2560 675 2631 plantam
694 2556 1131 2615 commiseratio?
1163 2572 1342 2613 nonne
1362 2558 1495 2628 quia
1516 2557 1756 2614 delecta-

258 2700 303 2747 ·)
350 2699 419 2739 Sic
450 2700 569 2749 lego,
604 2705 680 2740 aut
702 2700 740 2739 sl
765 2699 854 2737 vis:
889 2708 1128 2743 murorum:
1171 2698 1245 2737 nbi
1272 2697 1396 2736 codd.
1421 2698 1638 2741 habebant
1662 2703 1754 2739 ani-

159 2760 341 2797 morum,
389 2750 503 2798 quod
529 2751 743 2791 subvertit
767 2754 901 2789 totam
927 2750 1182 2789 sententiam
1208 2758 1257 2787 ac
1288 2749 1538 2800 analogiam.
1592 2753 1756 2792 Auch.

222 2804 453 2855 Primo
492 2800 611 2853 Vn.
1259 2798 1350 2849 Fr
