2125 3084
186 168 421 235 [11,220.]
543 172 625 217 m
664 172 1017 218 GENEsm.
1056 172 1310 221 annito
1348 176 1434 221 m.
1727 173 1790 225 47

186 291 309 329 men
339 270 551 329 nudato
578 289 681 344 per
708 272 1188 329 circumcisionem
1214 274 1550 332 refocillatur
1567 287 1620 333 et
1641 296 1790 343 mor-

188 350 293 405 bus
343 347 690 419 depellitur?
756 349 1049 421 Propterea
1097 356 1290 421 gentes
1336 354 1789 423 septentrionales

186 432 545 495 caeteraeque
562 421 773 494 quibus
793 423 1092 478 distributa
1113 431 1198 478 est
1217 440 1334 479 sors
1352 429 1590 496 partium
1610 437 1788 491 terrae

184 516 410 555 serenae
426 540 441 563 ,
471 514 582 552 non
606 497 1109 567 circumciduntur3
1157 498 1300 553 lenis
1321 499 1470 554 enim
1491 504 1650 557 estin
1671 504 1787 559 illis

182 574 437 647 partibus
472 581 597 627 tum
631 572 829 627 solaris
868 573 1043 637 calor,
1091 581 1210 627 tum
1247 574 1476 629 morbus
1505 576 1700 631 caloris
1727 579 1788 632 in

184 648 525 705 membranis
544 647 939 702 membrorum.
1017 648 1296 703 Iudicium
1315 648 1538 703 firmum
1557 652 1792 722 accipiat

183 726 427 796 quisque
456 730 513 777 et
538 740 610 777 ex
635 730 907 795 tempore,
950 738 1061 793 quo
1091 724 1272 796 magis
1303 724 1506 779 accidit
1527 725 1624 780 ille
1645 742 1791 780 mor-

183 799 321 855 bus:
383 814 514 852 nam
542 797 727 852 hieme
756 812 1059 869 numquam
1090 797 1176 863 fit,
1227 797 1328 853 sed
1364 799 1652 871 pullulans
1691 798 1792 855 flo-

183 874 353 929 rescit
382 880 585 927 aestate
613 880 669 927 et
698 873 1043 939 maturescit3
1109 881 1254 928 amat
1281 875 1456 939 enim,
1502 883 1564 930 ut
1592 876 1668 930 ita
1698 875 1787 929 di-

184 966 306 1004 cam
320 990 335 1013 ,
368 954 649 1019 tamquam
669 948 821 1022 ignis
845 945 919 1023 [Ἴ
944 946 1134 1002 ardere
1151 949 1211 1003 in
1235 948 1350 1003 illis
1373 950 1644 1021 partibus

298 1038 562 1093 Secundo
590 1053 703 1092 non
742 1036 922 1091 solum
959 1046 1183 1111 propter
1219 1040 1510 1096 sanitatem
1553 1043 1787 1096 maiores

186 1131 383 1169 curam
402 1113 539 1168 hanc
563 1112 863 1185 diligenter
880 1112 1188 1169 adhibuere
1202 1155 1215 1178 ,
1257 1113 1354 1169 sed
1384 1116 1548 1169 etiam
1568 1124 1790 1186 propter

184 1188 705 1260 multiplicationem
732 1187 960 1241 humani
982 1189 1232 1262 generis,
1263 1188 1518 1244 videntes
1538 1197 1788 1244 naturam

185 1266 441 1319 vivacem
479 1272 532 1319 et
568 1262 739 1317 nimis
779 1270 1050 1317 amantem
1089 1263 1450 1319 humanitatis
1486 1262 1789 1337 (adaugen-

185 1339 328 1413 dae).
405 1339 683 1394 Noverant
701 1338 889 1407 itaque
910 1340 1054 1394 sicut
1073 1339 1377 1410 sapienteS,
1421 1340 1696 1411 quomodo
1728 1340 1784 1394 in

184 1416 370 1469 sinum
408 1412 762 1468 membranae
798 1411 983 1467 fusum
1021 1430 1210 1468 semen
1250 1432 1414 1485 saepe
1444 1416 1665 1486 saepius
1696 1415 1787 1470 di-

185 1490 371 1562 spergi
391 1496 447 1543 et
466 1488 873 1543 infructuosum
894 1504 1015 1543 esse
1034 1488 1232 1557 soleat3
1288 1489 1438 1560 quod
1459 1491 1508 1544 si
1529 1489 1672 1544 nihil
1691 1507 1787 1545 oc-

184 1572 365 1619 currat
394 1563 697 1627 obstaculi,
741 1562 802 1617 in
835 1562 945 1617 sibi
976 1571 1375 1636 competentem
1395 1566 1565 1619 situm
1585 1581 1786 1635 perve-

184 1640 301 1694 nire
342 1638 511 1694 facile
546 1644 755 1711 posset.
834 1636 1199 1703 Quamobrem
1241 1648 1294 1694 et
1322 1649 1514 1711 gentes
1545 1640 1788 1694 circum-

183 1714 411 1770 cisionis
456 1730 625 1768 usum
672 1711 940 1767 habentes
978 1714 1037 1767 in
1076 1714 1490 1785 populationem
1529 1730 1786 1784 magnam

183 1790 423 1844 nimium
442 1794 821 1843 accreverunt.
890 1788 1197 1861 Legislator
1217 1794 1400 1841 autem
1420 1795 1605 1841 noster
1623 1786 1789 1840 etiam

182 1865 633 1935 consequentiam
660 1861 1008 1934 perpendens
1036 1862 1204 1915 citius
1233 1860 1351 1914 fieri
1373 1860 1588 1914 monuit
1606 1857 1790 1913 infan-

181 1940 322 1993 tium
354 1938 865 1999 circumcisionem,
907 1935 1142 1992 eandem
1171 1934 1531 1988 intentionem
1551 1933 1789 1989 circum-

182 2013 411 2069 cisionis
440 2011 513 2067 ob
538 2010 954 2084 populationem
991 2009 1297 2065 attendens.
1373 2008 1505 2064 Ideo
1531 2026 1688 2075 sane,
1727 2018 1790 2065 ut

180 2088 322 2143 mihi
352 2086 605 2151 videtur,
657 2086 917 2159 Aegyptii
945 2101 1168 2157 quoque
1195 2084 1285 2139 bis
1323 2085 1557 2156 septimo
1595 2087 1786 2141 aetatis

183 2179 351 2227 anno,
393 2178 505 2233 quo
535 2159 607 2217 ad
632 2161 1046 2233 generationem
1082 2160 1358 2231 cupiditas
1394 2160 1526 2215 ferri
1565 2162 1781 2233 incipit,

183 2238 478 2293 convenire
508 2233 911 2292 circumcidere
942 2234 1302 2307 designarunt
1331 2236 1389 2289 in
1422 2234 1666 2291 favorem
1686 2252 1787 2305 po-

182 2312 503 2383 pulationis.
584 2311 977 2367 Verumtamen
1004 2310 1206 2365 melius
1236 2326 1298 2365 ac
1327 2310 1656 2381 diligentius
1682 2309 1789 2362 fuit

186 2386 331 2459 apud
360 2402 459 2449 nos
490 2402 663 2456 super
690 2383 928 2439 infantes
956 2385 1249 2439 decernere
1276 2383 1783 2438 circumcisionem:

183 2462 446 2531 quoniam
482 2460 710 2514 adultus
749 2457 977 2513 fortasse
1014 2475 1222 2514 moram
1259 2458 1526 2529 gessisset
1563 2454 1634 2507 ob
1674 2470 1792 2506 me-

182 2544 298 2589 tum
315 2576 327 2599 ,
369 2551 433 2589 eo
461 2533 614 2606 quod
656 2532 832 2588 libero
860 2533 1097 2607 gaudeat
1124 2532 1351 2587 arbitrio
1367 2570 1379 2592 ‚
1423 2528 1492 2581 ad
1518 2526 1790 2597 operanda

183 2609 454 2683 legitima.
628 2664 639 2678 ,

292 2697 483 2753 Tertio
519 2702 745 2767 propter
780 2694 1116 2749 munditiam
1153 2690 1291 2744 dicit
1327 2688 1467 2741 etin
1497 2687 1668 2754 sacris
1697 2684 1798 2739 ob-
