2125 3084
354 192 385 241 2
610 192 803 238 PHIL.
842 192 989 237 ΠΗ).
1030 192 1351 249 ρυΑΕετ.
1391 192 1491 237 ΕΤ
1531 194 1686 238 soL.
1733 189 1958 256 [11,1sa.]

354 292 636 356 convenit,
680 300 743 346 ut
770 291 907 346 deus
939 300 1204 347 monstret
1233 292 1400 347 alicui
1432 291 1491 346 id
1502 292 1556 366 ⁴¹⁵)
1583 293 1732 364 quod
1770 303 1960 365 potest

354 368 712 422 variationem
760 375 853 421 aut
900 368 1258 422 mutationem
1305 366 1521 422 subire:
1589 376 1960 423 monstratum

354 443 504 497 enim
541 442 609 496 ab
648 441 983 496 immutabili
1024 449 1077 496 et
1110 450 1392 497 constante
1425 443 1690 497 exsistere
1717 452 1954 514 oportet.

352 516 511 583 Quod
551 525 731 571 autem
772 515 879 570 sub
916 518 1218 571 mutatione
1252 525 1360 579 est,
1403 524 1465 571 ut
1493 534 1710 588 semper
1738 516 1958 573 fluxum

351 593 468 663 pati
488 592 731 657 solitum,
756 608 936 663 neque
956 592 1234 664 propriam
1257 608 1320 645 ac
1339 590 1588 647 divinam
1611 590 1959 647 demonstra-

354 668 559 723 tionem
578 666 798 738 recipit.

421 791 517 841 Gur
550 789 690 840 dicit.-
750 824 784 853 ‚,
797 786 1023 849 Domine,
1071 788 1318 838 secundum
1355 788 1474 853 quid
1504 806 1715 853 noscam,
1763 789 1896 853 quod

777 854 1051 903 hereditabo
1087 860 1268 905 eam“?
1311 859 1417 919 (15,
1455 857 1530 916 8.)

466 944 519 997 2.
560 939 835 994 Indicium
855 940 1071 1011 quaerit
1088 958 1187 1011 pro
1208 942 1352 995 scitu
1370 941 1775 1012 promissionis,
1844 942 1956 995 Ve-

351 1032 475 1071 rum
505 1014 614 1069 duo
650 1013 1037 1069 describuntur
1077 1014 1262 1070 studio
1300 1015 1496 1088 digna:
1557 1032 1758 1078 unum,
1801 1017 1956 1086 quod

353 1090 553 1145 mentis
584 1099 665 1145 est
694 1088 933 1153 affectio,
981 1090 1204 1144 credere
1233 1090 1334 1143 deo
1361 1091 1516 1144 iuxta
1543 1090 1753 1144 dictum
1791 1107 1956 1162 prae-

356 1168 618 1233 missum3
672 1173 725 1220 et
743 1165 975 1220 alterum
989 1204 1001 1227 ‚
1035 1180 1250 1217 summo
1273 1162 1548 1217 desiderio
1569 1163 1726 1227 ferri,
1760 1173 1956 1220 utnon

348 1242 602 1311 privetur
626 1240 792 1293 etiam
810 1238 989 1309 signis
1018 1236 1384 1306 quibusdam,
1428 1238 1634 1307 quibus
1665 1240 1958 1294 sensibili-

351 1322 434 1368 ter
462 1322 650 1367 noscat
678 1311 1146 1366 confirmationem
1174 1310 1576 1382 promissioni&
1663 1309 1754 1364 Illi
1796 1330 1950 1378 vero,

352 1388 452 1459 qui
479 1386 759 1459 promisit,
805 1384 1212 1439 venerationem
1239 1384 1570 1456 condignam
1595 1393 1832 1455 praestat
1850 1405 1956 1459 per

352 1462 590 1516 dictum:
657 1462 891 1515 Domine.
982 1458 1110 1513 Scio
1147 1460 1296 1512 enim
1333 1466 1412 1523 te,
1457 1458 1619 1523 dicit,
1664 1460 1951 1517 dominum

350 1536 775 1608 principemque
805 1534 1220 1597 universorum.
1259 1534 1358 1604 qui
1378 1535 1542 1587 etiam
1563 1536 1746 1589 omnia
1771 1545 1948 1607 poteS‚

352 1619 405 1665 et
426 1627 533 1666 non
555 1618 637 1665 est
658 1609 806 1682 apud
831 1618 883 1663 te
906 1609 1246 1679 impotentia.
1324 1608 1440 1680 Ego
1461 1627 1591 1663 sane
1614 1612 1716 1665 etsi
1738 1612 1951 1667 credidi

353 1686 465 1739 iam
493 1684 848 1756 promissioni
876 1692 1002 1738 tuae
1018 1725 1030 1747 ,
1074 1682 1440 1738 nihilominus
1467 1692 1593 1755 opto
1613 1687 1778 1740 citius
1800 1704 1953 1741 asse-

352 1760 479 1831 qui,
522 1762 570 1815 si
602 1777 710 1814 non
741 1758 1217 1830 adimpletionem,
1261 1766 1404 1812 certe
1432 1767 1611 1813 tamen
1642 1761 1800 1833 signa
1832 1764 1954 1815 evi—

354 1836 565 1900 dentia,
634 1834 842 1907 quibus
893 1833 1289 1889 consummatio
1335 1833 1631 1889 indicetur.
1734 1836 1952 1890 Etenim

354 1919 599 1965 creatura
624 1928 775 1975 sum;
830 1909 980 1989 quod
1001 1911 1050 1963 si
1073 1910 1238 1965 etiam
1257 1910 1316 1962 in
1337 1926 1610 1963 summam
1631 1911 1950 1982 perveniam

352 1986 707 2055 probitatem,
754 1987 1023 2056 impetum
1056 1982 1130 2057 [³¹⁵]
1165 1982 1429 2038 desiderii
1459 2002 1676 2055 semper
1707 1985 1952 2039 detinere

354 2075 461 2112 non
483 2075 709 2130 possum
725 2099 737 2121 ‚
779 2060 856 2112 ita
881 2066 969 2121 ut,
1013 2065 1304 2129 postquam
1323 2059 1564 2113 viderim
1586 2059 1798 2130 aliquid
1818 2057 1950 2114 boni

356 2140 449 2187 aut
478 2130 777 2195 audierim,
820 2131 973 2186 tarde
1000 2139 1053 2184 et
1073 2148 1179 2186 non
1201 2134 1386 2186 statim
1405 2133 1549 2187 illud
1570 2134 1832 2203 consequi
1853 2152 1954 2189 ve-

355 2206 475 2260 lim.
553 2206 681 2260 Ideo
717 2221 910 2277 precor
944 2206 1195 2259 notitiam
1226 2206 1470 2277 aliquam
1496 2207 1636 2260 mihi
1665 2208 1947 2278 praebere,

354 2298 453 2353 per
482 2298 651 2354 quam
680 2280 864 2335 futura
894 2279 1355 2352 comprehendam
1384 2282 1500 2335 illa.

362 2420 523 2479 Quare
544 2422 683 2472 dicit.-
720 2421 945 2486 „Accipe
964 2422 1080 2471 mihi
1095 2422 1334 2471 iuvencam
1364 2424 1546 2473 trimam
1578 2432 1623 2471 et
1649 2438 1844 2487 capram
1871 2426 1953 2473 tri-

408 2508 529 2540 mam
550 2500 595 2541 et
613 2491 805 2540 arietem
825 2490 1021 2554 trimum,
1044 2498 1266 2539 turturem
1286 2500 1331 2539 et
1349 2491 1680 2559 columbam‘f?
1699 2496 1806 2553 (15,
1829 2494 1899 2539 93.

468 2597 518 2646 3.
578 2592 835 2664 Quinque
873 2600 1136 2647 memorat
1175 2592 1462 2656 animalia,
1519 2610 1662 2663 quae
1701 2593 1759 2645 in
1800 2609 1954 2647 sacro

464 2732 506 2781 ⁸²)
532 2744 569 2773 s.
596 2736 847 2775 monstretur
871 2737 943 2774 aut
958 2734 1172 2783 fiquretur
1193 2734 1304 2773 velut
1329 2732 1510 2781 aliquid,
1541 2734 1652 2780 quod
1677 2734 1748 2771 etc.
