<?xml version="1.0" encoding="UTF-8"?>
<!DOCTYPE html PUBLIC "-//W3C//DTD XHTML 1.0 Transitional//EN"
    "http://www.w3.org/TR/xhtml1/DTD/xhtml1-transitional.dtd">
<html xmlns="http://www.w3.org/1999/xhtml" xml:lang="en" lang="en">
 <head>
  <title>
</title>
<meta http-equiv="Content-Type" content="text/html;charset=utf-8" />
  <meta name='ocr-system' content='tesseract 3.04.00' />
  <meta name='ocr-capabilities' content='ocr_page ocr_carea ocr_par ocr_line ocrx_word'/>
</head>
<body>
  <div class='ocr_page' id='page_1' title='image "./philonisiudaeio00alejgoog_0347.png"; bbox 0 0 2125 3084; ppageno 0'>
   <div class='ocr_carea' id='block_1_1' title="bbox 345 131 1955 210">
    <p class='ocr_par' dir='ltr' id='par_1_1' title="bbox 345 131 1955 210">
     <span class='ocr_line' id='line_1_1' title="bbox 345 131 1955 210; baseline -0.002 -10"><span class='ocrx_word' id='word_1_1' title='bbox 345 149 446 200; x_wconf 76' lang='lat'><strong>332</strong></span> <span class='ocrx_word' id='word_1_2' title='bbox 593 151 790 196; x_wconf 78' lang='lat' dir='ltr'><strong>Pmt..</strong></span> <span class='ocrx_word' id='word_1_3' title='bbox 832 149 980 195; x_wconf 81' lang='lat' dir='ltr'><strong>mn.</strong></span> <span class='ocrx_word' id='word_1_4' title='bbox 1019 148 1349 206; x_wconf 75' lang='lat' dir='ltr'><strong>QUAEsT.</strong></span> <span class='ocrx_word' id='word_1_5' title='bbox 1384 149 1485 193; x_wconf 78' lang='lat' dir='ltr'><strong>ET</strong></span> <span class='ocrx_word' id='word_1_6' title='bbox 1526 131 1684 193; x_wconf 75' lang='lat' dir='ltr'><strong>soi..</strong></span> <span class='ocrx_word' id='word_1_7' title='bbox 1730 143 1955 210; x_wconf 47' lang='lat' dir='ltr'><strong>[naam]</strong></span> 
     </span>
    </p>
   </div>
   <div class='ocr_carea' id='block_1_2' title="bbox 289 245 1955 915">
    <p class='ocr_par' dir='ltr' id='par_1_2' title="bbox 289 245 1955 328">
     <span class='ocr_line' id='line_1_2' title="bbox 289 245 1955 328; baseline -0.001 -21"><span class='ocrx_word' id='word_1_8' title='bbox 289 308 304 328; x_wconf 81' lang='lat'><strong>.</strong></span> <span class='ocrx_word' id='word_1_9' title='bbox 344 255 432 307; x_wconf 86' lang='lat' dir='ltr'><strong>vis</strong></span> <span class='ocrx_word' id='word_1_10' title='bbox 461 251 806 322; x_wconf 80' lang='lat' dir='ltr'><strong>apprehensa</strong></span> <span class='ocrx_word' id='word_1_11' title='bbox 833 248 1201 303; x_wconf 84' lang='lat' dir='ltr'><strong>convincitur.</strong></span> <span class='ocrx_word' id='word_1_12' title='bbox 1278 245 1367 300; x_wconf 77' lang='lat' dir='ltr'><strong>Ad</strong></span> <span class='ocrx_word' id='word_1_13' title='bbox 1394 256 1639 303; x_wconf 82' lang='lat' dir='ltr'><strong>mentem</strong></span> <span class='ocrx_word' id='word_1_14' title='bbox 1656 265 1791 304; x_wconf 82' lang='lat' dir='ltr'><strong>vero</strong></span> <span class='ocrx_word' id='word_1_15' title='bbox 1808 249 1955 305; x_wconf 87' lang='lat' dir='ltr'><strong>duae</strong></span> 
     </span>
    </p>

    <p class='ocr_par' dir='ltr' id='par_1_3' title="bbox 343 320 1953 915">
     <span class='ocr_line' id='line_1_3' title="bbox 345 320 1945 395; baseline -0.002 -14"><span class='ocrx_word' id='word_1_16' title='bbox 345 335 475 382; x_wconf 85' lang='lat' dir='ltr'><strong>sunt</strong></span> <span class='ocrx_word' id='word_1_17' title='bbox 493 327 730 380; x_wconf 81' lang='lat' dir='ltr'><strong>rationes</strong></span> <span class='ocrx_word' id='word_1_18' title='bbox 745 367 757 388; x_wconf 90' lang='lat'>,</span> <span class='ocrx_word' id='word_1_19' title='bbox 781 323 992 395; x_wconf 78' lang='lat' dir='ltr'><strong>quibus</strong></span> <span class='ocrx_word' id='word_1_20' title='bbox 1011 321 1365 376; x_wconf 77' lang='lat' dir='ltr'><strong>divinitatem</strong></span> <span class='ocrx_word' id='word_1_21' title='bbox 1383 320 1639 377; x_wconf 82' lang='lat' dir='ltr'><strong>homines</strong></span> <span class='ocrx_word' id='word_1_22' title='bbox 1651 323 1945 379; x_wconf 85' lang='lat' dir='ltr'><strong>honorant:</strong></span> 
     </span>
     <span class='ocr_line' id='line_1_4' title="bbox 347 397 1951 462; baseline -0.002 -6"><span class='ocrx_word' id='word_1_23' title='bbox 347 417 527 456; x_wconf 85' lang='lat' dir='ltr'><strong>amore</strong></span> <span class='ocrx_word' id='word_1_24' title='bbox 546 407 600 455; x_wconf 83' lang='lat' dir='ltr'><strong>et</strong></span> <span class='ocrx_word' id='word_1_25' title='bbox 619 401 834 455; x_wconf 83' lang='lat' dir='ltr'><strong>timore.</strong></span> <span class='ocrx_word' id='word_1_26' title='bbox 893 400 1095 452; x_wconf 78' lang='lat' dir='ltr'><strong>Amare</strong></span> <span class='ocrx_word' id='word_1_27' title='bbox 1114 405 1299 450; x_wconf 80' lang='lat' dir='ltr'><strong>autem</strong></span> <span class='ocrx_word' id='word_1_28' title='bbox 1313 403 1399 450; x_wconf 85' lang='lat' dir='ltr'><strong>est</strong></span> <span class='ocrx_word' id='word_1_29' title='bbox 1416 397 1635 452; x_wconf 79' lang='lat' dir='ltr'><strong>tardius</strong></span> <span class='ocrx_word' id='word_1_30' title='bbox 1648 439 1660 462; x_wconf 88' lang='lat'>,</span> <span class='ocrx_word' id='word_1_31' title='bbox 1684 399 1743 452; x_wconf 87' lang='lat' dir='ltr'><strong>in</strong></span> <span class='ocrx_word' id='word_1_32' title='bbox 1764 400 1951 453; x_wconf 82' lang='lat' dir='ltr'><strong>senio-</strong></span> 
     </span>
     <span class='ocr_line' id='line_1_5' title="bbox 344 469 1951 544; baseline -0.002 -15"><span class='ocrx_word' id='word_1_33' title='bbox 344 474 501 530; x_wconf 86' lang='lat' dir='ltr'>ribus</span> <span class='ocrx_word' id='word_1_34' title='bbox 523 475 706 530; x_wconf 87' lang='lat' dir='ltr'><strong>locum</strong></span> <span class='ocrx_word' id='word_1_35' title='bbox 726 472 964 540; x_wconf 81' lang='lat' dir='ltr'><strong>habens3</strong></span> <span class='ocrx_word' id='word_1_36' title='bbox 1005 473 1205 526; x_wconf 88' lang='lat' dir='ltr'><strong>timere</strong></span> <span class='ocrx_word' id='word_1_37' title='bbox 1221 485 1353 526; x_wconf 87' lang='lat' dir='ltr'><strong>vero</strong></span> <span class='ocrx_word' id='word_1_38' title='bbox 1374 469 1437 524; x_wconf 86' lang='lat' dir='ltr'><strong>fit</strong></span> <span class='ocrx_word' id='word_1_39' title='bbox 1453 472 1631 542; x_wconf 74' lang='lat' dir='ltr'><strong>ptine.</strong></span> <span class='ocrx_word' id='word_1_40' title='bbox 1678 473 1796 526; x_wconf 90' lang='lat' dir='ltr'><strong>Non</strong></span> <span class='ocrx_word' id='word_1_41' title='bbox 1817 489 1951 544; x_wconf 83' lang='lat' dir='ltr'><strong>ergo</strong></span> 
     </span>
     <span class='ocr_line' id='line_1_6' title="bbox 343 548 1953 616; baseline -0.002 -12"><span class='ocrx_word' id='word_1_42' title='bbox 343 551 583 604; x_wconf 88' lang='lat' dir='ltr'><strong>inaniter</strong></span> <span class='ocrx_word' id='word_1_43' title='bbox 602 548 814 603; x_wconf 89' lang='lat' dir='ltr'><strong>dictum</strong></span> <span class='ocrx_word' id='word_1_44' title='bbox 831 556 916 601; x_wconf 84' lang='lat' dir='ltr'><strong>est</strong></span> <span class='ocrx_word' id='word_1_45' title='bbox 937 563 1281 615; x_wconf 74' lang='lat' dir='ltr'><strong>praecurrere</strong></span> <span class='ocrx_word' id='word_1_46' title='bbox 1302 551 1533 599; x_wconf 70' lang='lat' dir='ltr'><strong>timorem</strong></span> <span class='ocrx_word' id='word_1_47' title='bbox 1546 587 1559 608; x_wconf 85' lang='lat'>‚</span> <span class='ocrx_word' id='word_1_48' title='bbox 1602 561 1774 616; x_wconf 85' lang='lat' dir='ltr'><strong>quum</strong></span> <span class='ocrx_word' id='word_1_49' title='bbox 1797 563 1953 601; x_wconf 85' lang='lat' dir='ltr'><strong>amor</strong></span> 
     </span>
     <span class='ocr_line' id='line_1_7' title="bbox 343 618 1949 696; baseline -0.003 -17"><span class='ocrx_word' id='word_1_50' title='bbox 343 626 612 696; x_wconf 82' lang='lat' dir='ltr'><strong>posterior</strong></span> <span class='ocrx_word' id='word_1_51' title='bbox 631 625 706 677; x_wconf 83' lang='lat' dir='ltr'><strong>sit</strong></span> <span class='ocrx_word' id='word_1_52' title='bbox 725 629 779 676; x_wconf 85' lang='lat' dir='ltr'><strong>et</strong></span> <span class='ocrx_word' id='word_1_53' title='bbox 795 639 918 676; x_wconf 83' lang='lat' dir='ltr'><strong>sero</strong></span> <span class='ocrx_word' id='word_1_54' title='bbox 938 622 1273 692; x_wconf 77' lang='lat' dir='ltr'><strong>acquiratur.</strong></span> <span class='ocrx_word' id='word_1_55' title='bbox 1336 619 1418 674; x_wconf 88' lang='lat' dir='ltr'><strong>Ne</strong></span> <span class='ocrx_word' id='word_1_56' title='bbox 1437 618 1571 674; x_wconf 79' lang='lat' dir='ltr'><strong>forte</strong></span> <span class='ocrx_word' id='word_1_57' title='bbox 1590 619 1785 673; x_wconf 87' lang='lat' dir='ltr'><strong>timere</strong></span> <span class='ocrx_word' id='word_1_58' title='bbox 1802 637 1949 690; x_wconf 88' lang='lat' dir='ltr'><strong>quo-</strong></span> 
     </span>
     <span class='ocr_line' id='line_1_8' title="bbox 343 693 1947 770; baseline -0.003 -17"><span class='ocrx_word' id='word_1_59' title='bbox 343 715 452 770; x_wconf 92' lang='lat' dir='ltr'><strong>que</strong></span> <span class='ocrx_word' id='word_1_60' title='bbox 473 699 546 752; x_wconf 83' lang='lat' dir='ltr'><strong>sit</strong></span> <span class='ocrx_word' id='word_1_61' title='bbox 567 700 687 752; x_wconf 88' lang='lat' dir='ltr'><strong>iure</strong></span> <span class='ocrx_word' id='word_1_62' title='bbox 700 696 1001 770; x_wconf 80' lang='lat' dir='ltr'>digneque.</span> <span class='ocrx_word' id='word_1_63' title='bbox 1081 694 1237 748; x_wconf 85' lang='lat' dir='ltr'><strong>Sicut</strong></span> <span class='ocrx_word' id='word_1_64' title='bbox 1256 695 1407 748; x_wconf 88' lang='lat' dir='ltr'><strong>enim</strong></span> <span class='ocrx_word' id='word_1_65' title='bbox 1428 693 1743 766; x_wconf 79' lang='lat' dir='ltr'><strong>insipientia</strong></span> <span class='ocrx_word' id='word_1_66' title='bbox 1760 695 1947 748; x_wconf 87' lang='lat' dir='ltr'><strong>minor</strong></span> 
     </span>
     <span class='ocr_line' id='line_1_9' title="bbox 343 768 1945 843; baseline -0.003 -16"><span class='ocrx_word' id='word_1_67' title='bbox 343 772 636 843; x_wconf 84' lang='lat' dir='ltr'><strong>prudentia</strong></span> <span class='ocrx_word' id='word_1_68' title='bbox 657 779 740 826; x_wconf 83' lang='lat' dir='ltr'><strong>est</strong></span> <span class='ocrx_word' id='word_1_69' title='bbox 757 778 888 825; x_wconf 87' lang='lat' dir='ltr'><strong>natu</strong></span> <span class='ocrx_word' id='word_1_70' title='bbox 904 811 916 833; x_wconf 89' lang='lat'>‚</span> <span class='ocrx_word' id='word_1_71' title='bbox 959 770 1042 823; x_wconf 83' lang='lat' dir='ltr'><strong>sic</strong></span> <span class='ocrx_word' id='word_1_72' title='bbox 1063 777 1117 823; x_wconf 89' lang='lat' dir='ltr'><strong>et</strong></span> <span class='ocrx_word' id='word_1_73' title='bbox 1144 770 1309 822; x_wconf 89' lang='lat' dir='ltr'><strong>timor</strong></span> <span class='ocrx_word' id='word_1_74' title='bbox 1328 785 1536 836; x_wconf 86' lang='lat' dir='ltr'><strong>amore;</strong></span> <span class='ocrx_word' id='word_1_75' title='bbox 1580 768 1837 840; x_wconf 88' lang='lat' dir='ltr'><strong>quoniam</strong></span> <span class='ocrx_word' id='word_1_76' title='bbox 1867 769 1945 822; x_wconf 87' lang='lat' dir='ltr'><strong>ti-</strong></span> 
     </span>
     <span class='ocr_line' id='line_1_10' title="bbox 343 841 1943 915; baseline -0.003 -14"><span class='ocrx_word' id='word_1_77' title='bbox 343 864 460 902; x_wconf 86' lang='lat' dir='ltr'><strong>mor</strong></span> <span class='ocrx_word' id='word_1_78' title='bbox 479 847 723 901; x_wconf 83' lang='lat' dir='ltr'><strong>nascitur</strong></span> <span class='ocrx_word' id='word_1_79' title='bbox 741 846 800 899; x_wconf 88' lang='lat' dir='ltr'><strong>in</strong></span> <span class='ocrx_word' id='word_1_80' title='bbox 821 851 1130 915; x_wconf 87' lang='lat' dir='ltr'><strong>contempto</strong></span> <span class='ocrx_word' id='word_1_81' title='bbox 1145 883 1157 906; x_wconf 87' lang='lat'>‚</span> <span class='ocrx_word' id='word_1_82' title='bbox 1184 858 1337 897; x_wconf 88' lang='lat' dir='ltr'><strong>amor</strong></span> <span class='ocrx_word' id='word_1_83' title='bbox 1356 859 1485 898; x_wconf 85' lang='lat' dir='ltr'><strong>vero</strong></span> <span class='ocrx_word' id='word_1_84' title='bbox 1505 843 1562 896; x_wconf 85' lang='lat' dir='ltr'><strong>in</strong></span> <span class='ocrx_word' id='word_1_85' title='bbox 1584 841 1803 898; x_wconf 88' lang='lat' dir='ltr'><strong>homine</strong></span> <span class='ocrx_word' id='word_1_86' title='bbox 1822 845 1943 898; x_wconf 83' lang='lat' dir='ltr'><strong>vir-</strong></span> 
     </span>
    </p>
   </div>
   <div class='ocr_carea' id='block_1_3' title="bbox 343 930 684 977">
    <p class='ocr_par' dir='ltr' id='par_1_4' title="bbox 343 930 684 977">
     <span class='ocr_line' id='line_1_11' title="bbox 343 930 684 977; baseline -0.012 0"><span class='ocrx_word' id='word_1_87' title='bbox 343 930 458 977; x_wconf 75' lang='lat' dir='ltr'><strong>tute</strong></span> <span class='ocrx_word' id='word_1_88' title='bbox 477 937 574 976; x_wconf 67' lang='grc' dir='ltr'><strong>ΟΠ)</strong></span> <span class='ocrx_word' id='word_1_89' title='bbox 580 931 665 976; x_wconf 73' lang='lat' dir='ltr'><strong>ato</strong></span> <span class='ocrx_word' id='word_1_90' title='bbox 674 962 684 972; x_wconf 93' lang='lat'>.</span> 
     </span>
    </p>
   </div>
   <div class='ocr_carea' id='block_1_4' title="bbox 444 1073 1857 1208">
    <p class='ocr_par' dir='ltr' id='par_1_5' title="bbox 444 1073 1857 1208">
     <span class='ocr_line' id='line_1_12' title="bbox 444 1073 1857 1139; baseline -0.001 -13"><span class='ocrx_word' id='word_1_91' title='bbox 444 1076 573 1133; x_wconf 72' lang='lat' dir='ltr'><strong>Quid</strong></span> <span class='ocrx_word' id='word_1_92' title='bbox 604 1087 674 1126; x_wconf 72' lang='lat' dir='ltr'><strong>est</strong></span> <span class='ocrx_word' id='word_1_93' title='bbox 707 1112 742 1139; x_wconf 89' lang='lat'><strong>,‚</strong></span> <span class='ocrx_word' id='word_1_94' title='bbox 763 1073 1058 1136; x_wconf 66' lang='lat' dir='ltr'><strong>Tenificabo</strong></span> <span class='ocrx_word' id='word_1_95' title='bbox 1091 1083 1285 1137; x_wconf 73' lang='lat' dir='ltr'><strong>stupore</strong></span> <span class='ocrx_word' id='word_1_96' title='bbox 1318 1090 1475 1122; x_wconf 66' lang='lat' dir='ltr'><strong>omna</strong></span> <span class='ocrx_word' id='word_1_97' title='bbox 1508 1074 1717 1123; x_wconf 73' lang='lat' dir='ltr'><strong>ethnicos</strong></span> <span class='ocrx_word' id='word_1_98' title='bbox 1750 1075 1857 1138; x_wconf 80' lang='lat' dir='ltr'><strong>(vel</strong></span> 
     </span>
     <span class='ocr_line' id='line_1_13' title="bbox 623 1139 1655 1208; baseline -0.002 -16"><span class='ocrx_word' id='word_1_99' title='bbox 623 1145 844 1208; x_wconf 70' lang='lat' dir='ltr'><strong>yentes),</strong></span> <span class='ocrx_word' id='word_1_100' title='bbox 889 1141 959 1190; x_wconf 82' lang='lat' dir='ltr'><strong>ad</strong></span> <span class='ocrx_word' id='word_1_101' title='bbox 990 1157 1107 1204; x_wconf 78' lang='lat' dir='ltr'><strong>quos</strong></span> <span class='ocrx_word' id='word_1_102' title='bbox 1142 1139 1501 1204; x_wconf 51' lang='lat' dir='ltr'><strong>ingredia-im?</strong></span> <span class='ocrx_word' id='word_1_103' title='bbox 1536 1142 1655 1206; x_wconf 88' lang='lat' dir='ltr'><strong>(ib.)</strong></span> 
     </span>
    </p>
   </div>
   <div class='ocr_carea' id='block_1_5' title="bbox 339 1257 1942 2006">
    <p class='ocr_par' dir='ltr' id='par_1_6' title="bbox 339 1257 1942 2006">
     <span class='ocr_line' id='line_1_14' title="bbox 454 1257 1942 1330; baseline -0.004 -12"><span class='ocrx_word' id='word_1_104' title='bbox 454 1266 540 1318; x_wconf 76' lang='lat'><strong>22.</strong></span> <span class='ocrx_word' id='word_1_105' title='bbox 607 1262 1020 1328; x_wconf 78' lang='lat' dir='ltr'><strong>Terrificatorem</strong></span> <span class='ocrx_word' id='word_1_106' title='bbox 1057 1275 1164 1312; x_wconf 71' lang='lat' dir='ltr'><strong>esse</strong></span> <span class='ocrx_word' id='word_1_107' title='bbox 1202 1257 1272 1312; x_wconf 86' lang='lat' dir='ltr'><strong>ad</strong></span> <span class='ocrx_word' id='word_1_108' title='bbox 1312 1257 1549 1313; x_wconf 81' lang='lat' dir='ltr'>litteram</span> <span class='ocrx_word' id='word_1_109' title='bbox 1574 1275 1676 1330; x_wconf 89' lang='lat' dir='ltr'><strong>par</strong></span> <span class='ocrx_word' id='word_1_110' title='bbox 1706 1267 1788 1312; x_wconf 87' lang='lat' dir='ltr'><strong>est</strong></span> <span class='ocrx_word' id='word_1_111' title='bbox 1818 1276 1942 1313; x_wconf 92' lang='lat' dir='ltr'><strong>cum</strong></span> 
     </span>
     <span class='ocr_line' id='line_1_15' title="bbox 343 1327 1941 1406; baseline -0.003 -14"><span class='ocrx_word' id='word_1_112' title='bbox 343 1339 471 1392; x_wconf 89' lang='lat' dir='ltr'><strong>hoc:</strong></span> <span class='ocrx_word' id='word_1_113' title='bbox 540 1337 756 1388; x_wconf 81' lang='lat' dir='ltr'><strong><em>Terrore</em></strong></span> <span class='ocrx_word' id='word_1_114' title='bbox 782 1336 1011 1402; x_wconf 71' lang='lat' dir='ltr'><strong>afficiam</strong></span> <span class='ocrx_word' id='word_1_115' title='bbox 1051 1337 1276 1394; x_wconf 72' lang='lat' dir='ltr'><strong>timor-ia,</strong></span> <span class='ocrx_word' id='word_1_116' title='bbox 1310 1327 1385 1406; x_wconf 54' lang='lat'>[³¹³]</span> <span class='ocrx_word' id='word_1_117' title='bbox 1415 1331 1565 1404; x_wconf 88' lang='lat' dir='ltr'><strong>quod</strong></span> <span class='ocrx_word' id='word_1_118' title='bbox 1603 1331 1747 1386; x_wconf 84' lang='lat' dir='ltr'><strong>dixit</strong></span> <span class='ocrx_word' id='word_1_119' title='bbox 1786 1335 1941 1404; x_wconf 88' lang='lat' dir='ltr'><strong>prius</strong></span> 
     </span>
     <span class='ocr_line' id='line_1_16' title="bbox 343 1403 1941 1478; baseline -0.002 -14"><span class='ocrx_word' id='word_1_120' title='bbox 343 1413 557 1464; x_wconf 88' lang='lat' dir='ltr'><strong>mittere</strong></span> <span class='ocrx_word' id='word_1_121' title='bbox 587 1423 753 1478; x_wconf 90' lang='lat' dir='ltr'><strong>super</strong></span> <span class='ocrx_word' id='word_1_122' title='bbox 782 1407 1123 1462; x_wconf 86' lang='lat' dir='ltr'><strong>adversarios</strong></span> <span class='ocrx_word' id='word_1_123' title='bbox 1154 1406 1223 1460; x_wconf 89' lang='lat' dir='ltr'><strong>ad</strong></span> <span class='ocrx_word' id='word_1_124' title='bbox 1262 1403 1682 1461; x_wconf 88' lang='lat' dir='ltr'><strong>dissolutionem</strong></span> <span class='ocrx_word' id='word_1_125' title='bbox 1720 1407 1941 1462; x_wconf 81' lang='lat' dir='ltr'><strong>virtutis</strong></span> 
     </span>
     <span class='ocr_line' id='line_1_17' title="bbox 341 1479 1942 1546; baseline -0.002 -7"><span class='ocrx_word' id='word_1_126' title='bbox 341 1499 560 1546; x_wconf 86' lang='lat' dir='ltr'><strong>eorum;</strong></span> <span class='ocrx_word' id='word_1_127' title='bbox 623 1497 751 1535; x_wconf 85' lang='lat' dir='ltr'><strong>nam</strong></span> <span class='ocrx_word' id='word_1_128' title='bbox 779 1482 942 1536; x_wconf 90' lang='lat' dir='ltr'><strong>timor</strong></span> <span class='ocrx_word' id='word_1_129' title='bbox 970 1479 1275 1535; x_wconf 83' lang='lat' dir='ltr'><strong>debilitatis</strong></span> <span class='ocrx_word' id='word_1_130' title='bbox 1306 1497 1473 1535; x_wconf 85' lang='lat' dir='ltr'><strong>causa</strong></span> <span class='ocrx_word' id='word_1_131' title='bbox 1505 1488 1606 1536; x_wconf 87' lang='lat' dir='ltr'><strong>est.</strong></span> <span class='ocrx_word' id='word_1_132' title='bbox 1688 1481 1942 1536; x_wconf 87' lang='lat' dir='ltr'><strong>Secundo</strong></span> 
     </span>
     <span class='ocr_line' id='line_1_18' title="bbox 343 1553 1941 1629; baseline -0.001 -17"><span class='ocrx_word' id='word_1_133' title='bbox 343 1559 602 1614; x_wconf 80' lang='lat' dir='ltr'><strong>virtutem</strong></span> <span class='ocrx_word' id='word_1_134' title='bbox 646 1555 885 1629; x_wconf 83' lang='lat' dir='ltr'><strong>amplam</strong></span> <span class='ocrx_word' id='word_1_135' title='bbox 921 1554 1145 1612; x_wconf 79' lang='lat' dir='ltr'><strong>videtur</strong></span> <span class='ocrx_word' id='word_1_136' title='bbox 1184 1555 1392 1609; x_wconf 86' lang='lat' dir='ltr'><strong>nationi</strong></span> <span class='ocrx_word' id='word_1_137' title='bbox 1431 1553 1741 1620; x_wconf 83' lang='lat' dir='ltr'><strong>testificari,</strong></span> <span class='ocrx_word' id='word_1_138' title='bbox 1794 1555 1941 1629; x_wconf 91' lang='lat' dir='ltr'><strong>quod</strong></span> 
     </span>
     <span class='ocr_line' id='line_1_19' title="bbox 342 1629 1941 1696; baseline -0.003 -8"><span class='ocrx_word' id='word_1_139' title='bbox 342 1651 450 1688; x_wconf 86' lang='lat' dir='ltr'><strong>non</strong></span> <span class='ocrx_word' id='word_1_140' title='bbox 469 1649 600 1688; x_wconf 80' lang='lat' dir='ltr'><strong>suos</strong></span> <span class='ocrx_word' id='word_1_141' title='bbox 619 1640 832 1688; x_wconf 86' lang='lat' dir='ltr'><strong>tantum</strong></span> <span class='ocrx_word' id='word_1_142' title='bbox 847 1673 859 1696; x_wconf 88' lang='lat'>‚</span> <span class='ocrx_word' id='word_1_143' title='bbox 885 1631 985 1686; x_wconf 86' lang='lat' dir='ltr'><strong>sed</strong></span> <span class='ocrx_word' id='word_1_144' title='bbox 1006 1631 1173 1686; x_wconf 87' lang='lat' dir='ltr'><strong>etiam</strong></span> <span class='ocrx_word' id='word_1_145' title='bbox 1192 1629 1449 1685; x_wconf 86' lang='lat' dir='ltr'><strong>inimicos</strong></span> <span class='ocrx_word' id='word_1_146' title='bbox 1472 1638 1779 1685; x_wconf 84' lang='lat' dir='ltr'><strong>convertat:</strong></span> <span class='ocrx_word' id='word_1_147' title='bbox 1834 1633 1941 1684; x_wconf 89' lang='lat' dir='ltr'><strong>ini-</strong></span> 
     </span>
     <span class='ocr_line' id='line_1_20' title="bbox 341 1703 1935 1776; baseline -0.003 -12"><span class='ocrx_word' id='word_1_148' title='bbox 341 1711 512 1764; x_wconf 84' lang='lat' dir='ltr'><strong>micos</strong></span> <span class='ocrx_word' id='word_1_149' title='bbox 555 1716 735 1764; x_wconf 87' lang='lat' dir='ltr'><strong>autem</strong></span> <span class='ocrx_word' id='word_1_150' title='bbox 771 1706 895 1762; x_wconf 89' lang='lat' dir='ltr'><strong>dico</strong></span> <span class='ocrx_word' id='word_1_151' title='bbox 935 1723 1042 1761; x_wconf 91' lang='lat' dir='ltr'><strong>non</strong></span> <span class='ocrx_word' id='word_1_152' title='bbox 1082 1705 1263 1759; x_wconf 89' lang='lat' dir='ltr'><strong>solum</strong></span> <span class='ocrx_word' id='word_1_153' title='bbox 1299 1703 1447 1758; x_wconf 84' lang='lat' dir='ltr'><strong>bello</strong></span> <span class='ocrx_word' id='word_1_154' title='bbox 1474 1721 1696 1776; x_wconf 88' lang='lat' dir='ltr'><strong>operam</strong></span> <span class='ocrx_word' id='word_1_155' title='bbox 1725 1704 1935 1770; x_wconf 82' lang='lat' dir='ltr'><strong>danteS,</strong></span> 
     </span>
     <span class='ocr_line' id='line_1_21' title="bbox 340 1776 1940 1840; baseline -0.004 -2"><span class='ocrx_word' id='word_1_156' title='bbox 340 1802 534 1840; x_wconf 85' lang='lat' dir='ltr'><strong>verum</strong></span> <span class='ocrx_word' id='word_1_157' title='bbox 568 1785 733 1839; x_wconf 85' lang='lat' dir='ltr'><strong>etiam</strong></span> <span class='ocrx_word' id='word_1_158' title='bbox 761 1779 1141 1837; x_wconf 84' lang='lat' dir='ltr'><strong>heterodoxos.</strong></span> <span class='ocrx_word' id='word_1_159' title='bbox 1221 1776 1307 1834; x_wconf 87' lang='lat' dir='ltr'><strong>Ad</strong></span> <span class='ocrx_word' id='word_1_160' title='bbox 1336 1786 1575 1834; x_wconf 85' lang='lat' dir='ltr'><strong>mentem</strong></span> <span class='ocrx_word' id='word_1_161' title='bbox 1608 1796 1738 1835; x_wconf 89' lang='lat' dir='ltr'><strong>vero</strong></span> <span class='ocrx_word' id='word_1_162' title='bbox 1766 1781 1825 1834; x_wconf 92' lang='lat' dir='ltr'><strong>id</strong></span> <span class='ocrx_word' id='word_1_163' title='bbox 1855 1781 1940 1834; x_wconf 91' lang='lat' dir='ltr'><strong>di-</strong></span> 
     </span>
     <span class='ocr_line' id='line_1_22' title="bbox 340 1853 1936 1926; baseline -0.003 -14"><span class='ocrx_word' id='word_1_164' title='bbox 340 1859 606 1914; x_wconf 90' lang='lat' dir='ltr'><strong>cendum:</strong></span> <span class='ocrx_word' id='word_1_165' title='bbox 680 1855 909 1924; x_wconf 89' lang='lat' dir='ltr'><strong>Quando</strong></span> <span class='ocrx_word' id='word_1_166' title='bbox 945 1865 1228 1926; x_wconf 84' lang='lat' dir='ltr'><strong>tamquam</strong></span> <span class='ocrx_word' id='word_1_167' title='bbox 1266 1853 1325 1907; x_wconf 87' lang='lat' dir='ltr'><strong>iu</strong></span> <span class='ocrx_word' id='word_1_168' title='bbox 1366 1862 1565 1908; x_wconf 87' lang='lat' dir='ltr'><strong>terram</strong></span> <span class='ocrx_word' id='word_1_169' title='bbox 1604 1858 1663 1908; x_wconf 85' lang='lat' dir='ltr'><strong>in</strong></span> <span class='ocrx_word' id='word_1_170' title='bbox 1702 1856 1936 1908; x_wconf 84' lang='lat' dir='ltr'><strong>animam</strong></span> 
     </span>
     <span class='ocr_line' id='line_1_23' title="bbox 339 1927 1931 2006; baseline -0.004 -17"><span class='ocrx_word' id='word_1_171' title='bbox 339 1934 682 2006; x_wconf 82' lang='lat' dir='ltr'><strong>ingredietur</strong></span> <span class='ocrx_word' id='word_1_172' title='bbox 725 1931 1020 2003; x_wconf 86' lang='lat' dir='ltr'><strong>prudentia</strong></span> <span class='ocrx_word' id='word_1_173' title='bbox 1059 1937 1249 1983; x_wconf 87' lang='lat' dir='ltr'><strong>acutae</strong></span> <span class='ocrx_word' id='word_1_174' title='bbox 1289 1927 1645 2002; x_wconf 86' lang='lat' dir='ltr'><strong>videntisque</strong></span> <span class='ocrx_word' id='word_1_175' title='bbox 1692 1938 1931 1990; x_wconf 84' lang='lat' dir='ltr'><strong>naturae,</strong></span> 
     </span>
    </p>
   </div>
   <div class='ocr_carea' id='block_1_6' title="bbox 337 2003 2033 2084">
    <p class='ocr_par' dir='ltr' id='par_1_7' title="bbox 337 2003 2033 2084">
     <span class='ocr_line' id='line_1_24' title="bbox 337 2003 2033 2084; baseline -0.002 -21"><span class='ocrx_word' id='word_1_176' title='bbox 337 2026 528 2064; x_wconf 87' lang='lat' dir='ltr'><strong>omnes</strong></span> <span class='ocrx_word' id='word_1_177' title='bbox 557 2024 935 2080; x_wconf 84' lang='lat' dir='ltr'><strong>quaecumque</strong></span> <span class='ocrx_word' id='word_1_178' title='bbox 966 2006 1024 2059; x_wconf 88' lang='lat' dir='ltr'><strong>in</strong></span> <span class='ocrx_word' id='word_1_179' title='bbox 1055 2022 1119 2059; x_wconf 89' lang='lat' dir='ltr'><strong>ea</strong></span> <span class='ocrx_word' id='word_1_180' title='bbox 1146 2011 1276 2058; x_wconf 91' lang='lat' dir='ltr'><strong>sunt</strong></span> <span class='ocrx_word' id='word_1_181' title='bbox 1310 2003 1562 2062; x_wconf 82' lang='lat' dir='ltr'><strong>ethnicae</strong></span> <span class='ocrx_word' id='word_1_182' title='bbox 1603 2004 1755 2080; x_wconf 82' lang='lat' dir='ltr'><strong>leges</strong></span> <span class='ocrx_word' id='word_1_183' title='bbox 1791 2005 1939 2061; x_wconf 84' lang='lat' dir='ltr'><strong>insa-</strong></span> <span class='ocrx_word' id='word_1_184' title='bbox 2018 2070 2033 2084; x_wconf 38' lang='grc' dir='ltr'><em>Ι</em></span> 
     </span>
    </p>
   </div>
   <div class='ocr_carea' id='block_1_7' title="bbox 339 2079 1935 2231">
    <p class='ocr_par' dir='ltr' id='par_1_8' title="bbox 339 2079 1935 2231">
     <span class='ocr_line' id='line_1_25' title="bbox 340 2079 1933 2156; baseline -0.001 -20"><span class='ocrx_word' id='word_1_185' title='bbox 340 2084 500 2138; x_wconf 90' lang='lat' dir='ltr'><strong>niunt</strong></span> <span class='ocrx_word' id='word_1_186' title='bbox 520 2100 583 2138; x_wconf 87' lang='lat' dir='ltr'><strong>ao</strong></span> <span class='ocrx_word' id='word_1_187' title='bbox 604 2080 875 2137; x_wconf 77' lang='lat' dir='ltr'><strong>ferociunt</strong></span> <span class='ocrx_word' id='word_1_188' title='bbox 893 2089 1057 2152; x_wconf 88' lang='lat' dir='ltr'><strong>atque</strong></span> <span class='ocrx_word' id='word_1_189' title='bbox 1088 2096 1118 2133; x_wconf 91' lang='lat' dir='ltr'><strong>a</strong></span> <span class='ocrx_word' id='word_1_190' title='bbox 1149 2079 1442 2156; x_wconf 83' lang='lat' dir='ltr'><strong>condignis</strong></span> <span class='ocrx_word' id='word_1_191' title='bbox 1473 2081 1781 2155; x_wconf 80' lang='lat' dir='ltr'><strong>cogitandis</strong></span> <span class='ocrx_word' id='word_1_192' title='bbox 1812 2081 1933 2136; x_wconf 86' lang='lat' dir='ltr'><strong>abs·</strong></span> 
     </span>
     <span class='ocr_line' id='line_1_26' title="bbox 339 2155 1935 2231; baseline -0.004 -16"><span class='ocrx_word' id='word_1_193' title='bbox 339 2157 542 2218; x_wconf 83' lang='lat' dir='ltr'><strong>cedunt</strong></span> <span class='ocrx_word' id='word_1_194' title='bbox 556 2199 572 2226; x_wconf 64' lang='lat'>2</span> <span class='ocrx_word' id='word_1_195' title='bbox 599 2157 926 2231; x_wconf 83' lang='lat' dir='ltr'><strong>nequientes</strong></span> <span class='ocrx_word' id='word_1_196' title='bbox 945 2155 1197 2214; x_wconf 80' lang='lat' dir='ltr'><strong>habitare</strong></span> <span class='ocrx_word' id='word_1_197' title='bbox 1218 2165 1271 2212; x_wconf 89' lang='lat' dir='ltr'><strong>et</strong></span> <span class='ocrx_word' id='word_1_198' title='bbox 1290 2165 1434 2214; x_wconf 81' lang='lat' dir='ltr'><strong>stare</strong></span> <span class='ocrx_word' id='word_1_199' title='bbox 1454 2173 1581 2213; x_wconf 88' lang='lat' dir='ltr'><strong>cum</strong></span> <span class='ocrx_word' id='word_1_200' title='bbox 1603 2157 1765 2212; x_wconf 86' lang='lat' dir='ltr'><strong>bonis</strong></span> <span class='ocrx_word' id='word_1_201' title='bbox 1784 2156 1935 2212; x_wconf 82' lang='lat' dir='ltr'><strong>mali.</strong></span> 
     </span>
    </p>
   </div>
   <div class='ocr_carea' id='block_1_8' title="bbox 480 2317 1815 2388">
    <p class='ocr_par' dir='ltr' id='par_1_9' title="bbox 480 2317 1815 2388">
     <span class='ocr_line' id='line_1_27' title="bbox 480 2317 1815 2388; baseline -0.003 -12"><span class='ocrx_word' id='word_1_202' title='bbox 480 2325 610 2383; x_wconf 79' lang='lat' dir='ltr'><strong><em>Quid</em></strong></span> <span class='ocrx_word' id='word_1_203' title='bbox 634 2335 702 2375; x_wconf 74' lang='lat' dir='ltr'><strong>est</strong></span> <span class='ocrx_word' id='word_1_204' title='bbox 735 2324 927 2387; x_wconf 84' lang='lat' dir='ltr'><strong>„Dabo</strong></span> <span class='ocrx_word' id='word_1_205' title='bbox 961 2324 1172 2373; x_wconf 73' lang='lat' dir='ltr'><strong>inimicos</strong></span> <span class='ocrx_word' id='word_1_206' title='bbox 1209 2333 1312 2372; x_wconf 75' lang='lat' dir='ltr'><strong>tuoe</strong></span> <span class='ocrx_word' id='word_1_207' title='bbox 1332 2322 1649 2388; x_wconf 71' lang='lat' dir='ltr'><strong>fhyitt&#39;vos“?</strong></span> <span class='ocrx_word' id='word_1_208' title='bbox 1686 2317 1815 2387; x_wconf 78' lang='lat' dir='ltr'><strong>(ib.)</strong></span> 
     </span>
    </p>
   </div>
   <div class='ocr_carea' id='block_1_9' title="bbox 337 2439 1940 2736">
    <p class='ocr_par' dir='ltr' id='par_1_10' title="bbox 337 2439 1940 2736">
     <span class='ocr_line' id='line_1_28' title="bbox 448 2439 1939 2512; baseline -0.006 -10"><span class='ocrx_word' id='word_1_209' title='bbox 448 2449 534 2502; x_wconf 80' lang='lat'><strong>23.</strong></span> <span class='ocrx_word' id='word_1_210' title='bbox 577 2441 761 2499; x_wconf 82' lang='lat' dir='ltr'><strong>Refert</strong></span> <span class='ocrx_word' id='word_1_211' title='bbox 779 2441 1095 2496; x_wconf 85' lang='lat' dir='ltr'><strong>evidentius</strong></span> <span class='ocrx_word' id='word_1_212' title='bbox 1120 2457 1183 2495; x_wconf 89' lang='lat' dir='ltr'><strong>ac</strong></span> <span class='ocrx_word' id='word_1_213' title='bbox 1204 2439 1418 2496; x_wconf 82' lang='lat' dir='ltr'><strong>firmius</strong></span> <span class='ocrx_word' id='word_1_214' title='bbox 1438 2439 1747 2512; x_wconf 84' lang='lat' dir='ltr'><strong>praedieta3</strong></span> <span class='ocrx_word' id='word_1_215' title='bbox 1812 2454 1939 2494; x_wconf 88' lang='lat' dir='ltr'><strong>nam</strong></span> 
     </span>
     <span class='ocr_line' id='line_1_29' title="bbox 339 2514 1940 2590; baseline -0.003 -18"><span class='ocrx_word' id='word_1_216' title='bbox 339 2520 436 2589; x_wconf 90' lang='lat' dir='ltr'><strong>qui</strong></span> <span class='ocrx_word' id='word_1_217' title='bbox 455 2524 874 2590; x_wconf 83' lang='lat' dir='ltr'><strong>supervenerat,</strong></span> <span class='ocrx_word' id='word_1_218' title='bbox 912 2515 1137 2570; x_wconf 87' lang='lat' dir='ltr'><strong>initium</strong></span> <span class='ocrx_word' id='word_1_219' title='bbox 1158 2514 1290 2570; x_wconf 86' lang='lat' dir='ltr'><strong>facit</strong></span> <span class='ocrx_word' id='word_1_220' title='bbox 1315 2515 1498 2589; x_wconf 78' lang='lat' dir='ltr'><strong>fugae.</strong></span> <span class='ocrx_word' id='word_1_221' title='bbox 1577 2517 1785 2570; x_wconf 88' lang='lat' dir='ltr'><strong>Littera</strong></span> <span class='ocrx_word' id='word_1_222' title='bbox 1803 2514 1940 2569; x_wconf 86' lang='lat' dir='ltr'><strong>haec</strong></span> 
     </span>
     <span class='ocr_line' id='line_1_30' title="bbox 337 2589 1940 2663; baseline -0.001 -18"><span class='ocrx_word' id='word_1_223' title='bbox 337 2601 438 2645; x_wconf 86' lang='lat' dir='ltr'><strong>est.</strong></span> <span class='ocrx_word' id='word_1_224' title='bbox 517 2592 601 2645; x_wconf 85' lang='lat' dir='ltr'><strong>Ad</strong></span> <span class='ocrx_word' id='word_1_225' title='bbox 630 2599 869 2646; x_wconf 85' lang='lat' dir='ltr'><strong>mentem</strong></span> <span class='ocrx_word' id='word_1_226' title='bbox 898 2607 1029 2645; x_wconf 86' lang='lat' dir='ltr'><strong>vero</strong></span> <span class='ocrx_word' id='word_1_227' title='bbox 1057 2589 1209 2663; x_wconf 83' lang='lat' dir='ltr'><strong>leges</strong></span> <span class='ocrx_word' id='word_1_228' title='bbox 1240 2599 1421 2662; x_wconf 79' lang='lat' dir='ltr'><strong>gratas</strong></span> <span class='ocrx_word' id='word_1_229' title='bbox 1450 2591 1735 2654; x_wconf 84' lang='lat' dir='ltr'><strong>enunciat,</strong></span> <span class='ocrx_word' id='word_1_230' title='bbox 1778 2590 1940 2662; x_wconf 77' lang='lat' dir='ltr'><strong>igno·</strong></span> 
     </span>
     <span class='ocr_line' id='line_1_31' title="bbox 337 2664 1938 2736; baseline 0.001 -20"><span class='ocrx_word' id='word_1_231' title='bbox 337 2673 418 2717; x_wconf 84' lang='lat' dir='ltr'><strong>tas</strong></span> <span class='ocrx_word' id='word_1_232' title='bbox 438 2666 626 2733; x_wconf 82' lang='lat' dir='ltr'><strong>pueris</strong></span> <span class='ocrx_word' id='word_1_233' title='bbox 641 2705 654 2728; x_wconf 92' lang='lat'>‚</span> <span class='ocrx_word' id='word_1_234' title='bbox 687 2667 808 2735; x_wconf 83' lang='lat' dir='ltr'><strong>ipse</strong></span> <span class='ocrx_word' id='word_1_235' title='bbox 827 2667 1109 2720; x_wconf 74' lang='lat' dir='ltr'><strong>conscius:</strong></span> <span class='ocrx_word' id='word_1_236' title='bbox 1171 2666 1432 2734; x_wconf 81' lang='lat' dir='ltr'><strong>quoniam</strong></span> <span class='ocrx_word' id='word_1_237' title='bbox 1456 2665 1637 2720; x_wconf 87' lang='lat' dir='ltr'><strong>omnis</strong></span> <span class='ocrx_word' id='word_1_238' title='bbox 1665 2664 1938 2736; x_wconf 88' lang='lat' dir='ltr'><strong>insipiens</strong></span> 
     </span>
    </p>
   </div>
  </div>
 </body>
</html>
