2125 3084
318 194 418 246 310
482 197 679 242 PHIL.
716 195 868 242 mn.
906 195 1238 253 QUABST.
1277 194 1377 240 ΕΤ
1413 194 1570 239 soL.
1597 188 1939 256 [11,458.459.]

318 299 557 370 migrare
588 294 663 370 [Ἴ
698 313 927 350 necesse
952 295 1120 351 habet
1133 337 1148 359 ‚
1187 303 1252 349 ut
1275 295 1569 366 participet
1593 295 1936 367 sanguinem

318 380 612 445 cognatum
636 371 827 426 virtuti
838 370 893 442 *)
908 412 921 423 .

394 477 561 586 Quare·
586 527 787 578 amaa
816 537 955 577 ..κω
987 543 1178 577 m
1208 527 1402 577 1³11«,oe
1434 527 1604 578 «aaut
1645 529 1858 592 (12,s.)

434 635 517 686 13.
564 629 651 686 Ad
686 631 953 694 litteram,
998 629 1270 685 beneficio
1295 639 1456 686 nocte
1489 629 1632 684 facto
1645 670 1660 693 ‚
1710 638 1930 684 rectum

318 706 427 760 fuit
445 705 751 760 secundum
768 703 1023 760 ordinem
1040 705 1206 759 etiam
1225 705 1580 760 mactationes
1601 721 1698 776 pro
1717 705 1932 777 gratia-

318 799 445 836 rum
472 781 685 836 actione
714 779 883 836 factas
910 779 1106 834 eodem
1125 787 1370 850 tempore
1387 781 1640 834 consumi
1661 779 1732 833 ab
1753 778 1929 834 eden-

318 855 490 910 tibus.
577 854 663 909 Ad
702 864 942 910 mentem
977 870 1136 917 vero,
1186 853 1551 909 invisibiliter
1593 862 1758 924 atque
1800 854 1924 908 sine

317 930 679 994 ostentatione
704 929 988 1001 oportebat
1024 927 1205 984 facere
1239 930 1550 984 animarum
1587 928 1922 984 munditiam

318 1022 439 1068 eos,
482 1005 583 1076 qui
602 1005 870 1059 veraciter
884 1004 1281 1076 poenitentiam
1307 1004 1517 1060 vellent
1543 1019 1733 1076 agere,
1776 1003 1920 1057 nihil

318 1080 553 1134 ulterius
589 1079 856 1144 dicendo,
908 1079 1018 1135 nisi
1060 1078 1271 1144 solum,
1329 1078 1482 1150 quod
1516 1096 1624 1133 non
1665 1079 1728 1133 in
1763 1085 1922 1133 nocte

318 1163 373 1208 et
389 1153 633 1208 tenebris
662 1171 723 1208 se
750 1163 893 1208 stare
929 1160 1152 1225 putent,
1200 1170 1266 1208 eo
1302 1152 1453 1224 qumi
1481 1153 1638 1208 nulla
1665 1151 1922 1208 videatur

318 1229 645 1302 imaginaria
676 1230 822 1283 visio
860 1228 1146 1283 simulacri
1183 1226 1458 1282 idolorum
1492 1229 1693 1295 instat-3
1747 1241 1922 1300 quum

320 1320 427 1358 non
465 1320 636 1374 parva
674 1312 937 1374 sequatur
970 1303 1260 1376 religiosos
1301 1302 1588 1357 humilitas
1623 1319 1686 1357 ac
1720 1303 1916 1375 gloria,

318 1375 771 1448 quandoquidem
798 1377 986 1431 stellas
1015 1394 1124 1432 non
1153 1376 1471 1432 invisibiles
1501 1376 1741 1433 reddunt
1766 1385 1922 1432 tene-

317 1449 451 1505 brae
465 1491 479 1513 ,
522 1449 846 1504 sed‘clarius
866 1460 1133 1522 apparent
1149 1460 1327 1507 nocte.

409 1604 635 1655 Amatam
670 1607 842 1672 offerre
875 1623 1065 1657 comem
1097 1608 1226 1659 iubet
1263 1607 1515 1660 Dan-sitm
1545 1607 1834 1673 (Pace-halis

806 1673 1013 1740 scilicet)
1043 1675 1240 1726 hostiae.
1314 1677 1434 1742 (ib.)

436 1780 515 1832 ⁴4.
574 1777 820 1832 Primum
859 1785 1083 1850 propter
1121 1777 1598 1841 accelerationem,
1655 1779 1916 1848 quoniam

319 1869 575 1928 egressus
594 1853 939 1926 migrationis
959 1869 1251 1926 properare
1273 1853 1528 1909 faciebat.
1571 1851 1829 1908 Secundo
1847 1852 1916 1908 ob

320 1928 759 2000 simplicitatem3
804 1937 981 1984 assata
1003 1930 1152 1984 enim
1172 1930 1280 1983 sim
1323 1927 1487 1983 licius
1508 1937 1562 1983 et
1580 1928 1916 2000 incomptius

318 2011 561 2072 paratur.
642 2005 823 2060 Tertio
851 2021 960 2059 non
987 2003 1240 2059 concedit
1292 2001 1344 2078 *]
1380 2003 1703 2058 commorari
1725 2003 1785 2057 in
1805 2003 1914 2058 vita

319 2077 600 2149 voluptate
637 2087 877 2134 saturata
909 2095 1011 2150 per
1044 2079 1280 2133 multum
1309 2079 1602 2150 temporis,
1653 2079 1915 2149 quoniam

319 2160 534 2206 coctum
552 2153 832 2208 varietatis
850 2153 1300 2226 condimentique
1319 2152 1594 2209 indicium
1614 2160 1718 2208 est.
1896 2175 1902 2182 ’

504 2309 729 2375 Azymum
763 2326 865 2359 cum
899 2309 1202 2372 amaruh“)
1237 2311 1308 2360 ait
1335 2327 1433 2362 una
1465 2327 1568 2361 cum
1601 2309 1729 2360 dicto

802 2376 1040 2438 sacrificio
1081 2379 1268 2442 offerre.
1289 2379 1429 2450 ⁸(ib.)

383 2551 389 2564 .
434 2479 515 2530 ⁴5.
565 2483 793 2544 Azymus
826 2477 1031 2532 multae
1071 2478 1482 2534 accelerationis
1519 2478 1915 2535 festinationis-

419 2612 461 2658 *)
504 2623 540 2652 ι.
566 2619 611 2653 ut
635 2618 962 2666 commuuimus
981 2619 1209 2667 participet
1233 2621 1436 2659 virtutem.
1489 2617 1662 2658 Auch-

423 2674 493 2722 ““)
520 2677 615 2718 Lat.
635 2681 763 2730 Vulg.
792 2685 954 2723 lactuca
977 2685 1148 2732 aureati,
1179 2685 1272 2723 allis
1301 2685 1463 2724 Graeca
1487 2697 1594 2726 voce
1611 2675 1796 2736 miride,
1823 2688 1916 2728 aliis

318 2726 571 2772 ammaim,
616 2733 831 2772 nonnullis
857 2735 1152 2773 amaritudine.
1205 2735 1367 2774 Auch.
