2125 3084
170 184 397 262 [11,21s.]
524 196 605 240 IN
646 196 1013 245 GENEsm.
1056 198 1310 244 senno
1347 200 1438 245 111.
1720 198 1786 251 45

176 342 300 401 Quid
338 354 411 394 est
452 380 489 406 „
508 342 876 395 Gircumcidetur
920 362 1052 395 omne
1095 357 1297 397 vestrum
1339 350 1667 413 masculinum,
1734 363 1782 402 et

300 410 651 461 circumcidetis
697 413 774 475 (s.
823 412 1254 477 circumcidemini)
1300 430 1487 466 carnem
1531 418 1790 483 praeputii

297 478 534 528 vestm‘?
578 476 689 543 (17,
730 484 793 528 10
812 481 880 543 s.)

280 584 368 635 46.
402 580 701 652 Duplicem
720 580 887 636 video
906 584 1418 639 circumcisionem:
1468 602 1636 640 unam
1663 606 1781 643 ma-

166 656 341 719 sculi,
375 655 607 711 alteram
632 656 843 723 carnis3
888 672 1033 728 quae
1054 660 1238 712 carnis
1260 667 1370 723 est,
1401 676 1502 731 per
1520 661 1783 733 genitalia

166 739 277 798 est3
326 746 478 802 quae
496 746 627 785 vero
648 730 884 785 masculi
898 772 911 795 ,
936 740 1000 787 ut
1019 732 1162 786 mihi
1184 732 1406 790 videtur
1419 776 1434 799 ‚
1455 750 1558 805 per
1578 738 1784 821 cogita-

166 807 399 861 tionem.
480 804 757 871 Quoniam
782 808 1043 879 proprius
1065 824 1184 863 mas
1205 808 1264 862 in
1283 810 1444 865 nobis
1466 810 1782 867 intellectus

164 890 276 943 est,
324 880 491 935 cuius
516 878 799 952 superflua
835 882 1088 954 germina
1123 892 1406 955 amputare
1444 892 1498 939 et
1537 884 1779 941 abiicere

166 971 399 1009 necesse
418 962 503 1009 est
516 996 528 1019 ,
558 963 622 1009 ut
640 955 885 1011 mundus
906 973 969 1011 ac
989 956 1174 1012 nudus
1193 958 1263 1013 ab
1282 960 1436 1015 omni
1455 960 1668 1017 malitia
1689 963 1778 1018 vi-

166 1031 363 1100 tioque
402 1028 567 1084 deum
596 1031 741 1086 colat
775 1039 835 1085 ut
863 1032 1140 1088 sacerdos.
1217 1032 1280 1088 Id
1309 1050 1438 1107 ergo
1460 1034 1779 1107 designavit

166 1122 271 1176 per
292 1104 771 1161 circumcisionem
794 1106 1123 1170 secundam,
1168 1106 1290 1180 lege
1318 1116 1520 1163 statuta
1549 1109 1770 1165 dicens:

172 1180 541 1235 circumcidite
564 1185 821 1237 duritiam
846 1186 1018 1237 cordis
1042 1186 1203 1236 vestri
1229 1188 1402 1250 (Dent.
1425 1190 1506 1249 10,
1531 1188 1638 1246 16),
1673 1183 1780 1238 du-

168 1272 257 1309 ras
286 1253 553 1311 videlicet
584 1272 649 1310 ac
678 1254 915 1310 rebelles
942 1257 1302 1331 cogitationes
1322 1265 1378 1312 et
1397 1256 1772 1323 ambitionem,

169 1328 379 1459 quihlus
398 1331 594 1385 recisis
616 1344 681 1385 ac
700 1332 968 1401 separatis
989 1331 1166 1387 libera
1185 1330 1450 1391 reddatur
1469 1349 1598 1407 pars
1618 1334 1776 1407 prin-

171 1420 292 1477 cipa
316 1418 389 1459 ιε.

280 1561 381 1613 Gur
416 1561 651 1611 mascuks
686 1571 867 1612 tantum
908 1562 1036 1612 iubet
1073 1562 1374 1621 circumcidi?
1412 1565 1518 1630 (17,
1556 1566 1660 1631 12.)

275 1665 363 1721 47.
415 1664 665 1719 Primum
704 1664 855 1721 enim
883 1662 1144 1739 Aegyptii
1182 1682 1282 1736 per
1315 1666 1774 1723 consuetudinem

168 1740 412 1813 regionis
434 1756 577 1795 anno
598 1740 793 1795 aetatis
818 1735 893 1813 [³⁸⁵]
916 1739 1134 1795 decimo
1153 1749 1348 1811 quarto
1362 1782 1375 1805 ,
1414 1740 1638 1812 quando
1657 1759 1776 1795 mas

170 1815 370 1887 incipit
402 1815 637 1869 seminis
678 1830 847 1868 usum
884 1830 1077 1886 gerere
1131 1823 1185 1868 et
1231 1814 1439 1869 femina
1485 1816 1776 1886 sanguinis

169 1890 513 1961 eruptionem
544 1890 754 1943 sentire
767 1929 780 1952 ,
834 1896 947 1944 tam
977 1904 1247 1961 sponsum
1260 1928 1275 1951 ,
1313 1904 1483 1958 quam
1519 1904 1778 1958 sponsam

170 1964 596 2019 circumcidunt.
696 1964 1016 2019 Dominicus
1065 1970 1252 2017 autem
1291 1961 1574 2034 legislator
1595 1965 1777 2034 'super

170 2056 347 2095 mares
394 2038 579 2094 solum
625 2038 915 2094 constituit
952 2038 1436 2095 circumcisionem
1474 2036 1666 2093 multis
1706 2038 1774 2093 de

170 2116 379 2170 causis:
422 2130 663 2185 quarum
684 2114 865 2184 prima
884 2122 995 2178 est,
1024 2112 1177 2185 quod
1197 2130 1314 2167 mas
1333 2130 1625 2169 veneream
1646 2131 1776 2169 sen-

170 2190 233 2244 tit
252 2189 594 2260 voluptatem
614 2205 681 2243 ac
698 2195 853 2259 optat
866 2190 1278 2250 matrimonium
1297 2189 1477 2262 magis
1501 2205 1672 2261 quam
1692 2188 1776 2244 fe-

171 2264 345 2329 mina,
396 2263 767 2335 quamobrem
794 2264 913 2318 iure
950 2265 1156 2319 omissa
1195 2262 1400 2319 femina
1415 2305 1427 2328 ‚
1477 2264 1587 2319 viri
1625 2280 1775 2319 com-

170 2339 385 2409 pescuit
402 2339 683 2410 impetum
706 2336 1045 2409 superfluum
1072 2339 1180 2394 sub
1207 2340 1369 2412 signo
1395 2339 1778 2393 circumcisio-

173 2414 276 2467 nis.
357 2412 617 2468 Secunda
641 2418 852 2476 autem,
874 2421 937 2467 ut
956 2415 1184 2469 materia
1203 2412 1442 2469 feminae
1464 2428 1535 2466 ex
1553 2410 1776 2465 residuo

172 2488 459 2559 sanguinis
499 2487 689 2559 erupti
728 2487 1053 2545 exhibeatur
1092 2496 1218 2544 nato
1233 2528 1246 2551 ,
1291 2488 1454 2541 cuius
1489 2482 1690 2567 artifex
1717 2500 1780 2537 ac

172 2578 333 2617 causa
372 2571 459 2617 est
490 2579 645 2629 m-as3
712 2563 845 2632 quia
876 2564 1070 2634 itaque
1105 2563 1290 2633 magis
1317 2557 1780 2643 necessarium-in

176 2645 295 2691 actu
336 2638 716 2709 generationis
744 2637 832 2691 vir
857 2644 1125 2708 praestat,
1166 2634 1363 2688 merito
1392 2637 1634 2684 coercuit
1661 2645 1782 2715 eius

176 2711 495 2783 superbiam
514 2728 618 2783 per
638 2709 930 2781 figuratam
950 2709 1433 2765 circumcisionem
1446 2745 1458 2768 ‚
1482 2704 1785 2757 materialis
