2125 3084
354 173 443 225 tt8
786 176 1152 225 1³111LON18
1199 178 1466 225 IUDAEI
1661 223 1672 234 ‚
1711 170 1780 239 [1,
1805 174 1954 241 129]

345 278 455 333 sibi
476 277 681 345 datam3
724 279 1043 349 praesertim
1062 296 1194 333 vero
1219 279 1296 333 ita
1323 277 1498 333 edocti
1517 292 1704 351 reges,
1745 278 1956 351 impe—-

342 362 545 408 ratores
558 392 572 417 ,
597 362 961 425 angustosque
980 361 1033 408 et
1052 353 1262 407 similes
1285 353 1576 408 laudabant
1587 353 1662 427 *).

460 464 540 516 ⁴4.
580 462 673 515 Isti
692 460 914 532 quidem
934 460 1182 515 solebant
1201 462 1424 516 initium
1444 462 1621 516 facere
1640 462 1844 527 verbi,
1895 472 1952 517 et

346 537 647 607 antiquitus
669 535 852 590 audita
871 553 968 607 per
986 537 1301 590 memoriam
1323 537 1677 592 renovabant.
1727 538 1948 593 Verum

346 612 499 667 aiunt
518 610 622 665 sub
642 610 985 668 Macedoniae
1002 610 1227 683 regibus
1241 651 1254 675 ‚
1293 612 1475 681 potius
1495 620 1680 666 autem
1699 613 1813 667 sub
1833 614 1950 667 La-

346 688 432 759 gis
452 685 807 759 (Ptolemaeis)
830 686 887 739 in
906 685 1151 758 Aegypto
1180 702 1366 739 corvos
1393 685 1526 741 adeo
1546 688 1796 741 imitatos
1817 705 1946 742 esse

352 762 646 816 humanam
678 777 889 824 vocem,
932 768 991 814 ut
1018 761 1239 815 exeunti
1260 758 1401 815 foras
1430 761 1547 833 regi
1579 761 1820 816 salutem
1852 762 1944 816 di-

350 854 471 892 cere
492 836 725 891 solerent
746 833 847 889 hoc
866 844 1074 889 tenore:
1128 834 1304 898 Salve,
1354 836 1466 889 Rex
1484 834 1794 892 Ptolemaee.
1870 836 1942 891 Et

347 912 536 967 multis
558 911 679 966 aliis
701 909 952 965 convenit
973 909 1218 981 linguam
1238 926 1423 962 veram
1449 926 1511 963 ac
1543 920 1752 965 certam
1774 928 1938 965 exae-

348 1004 542 1058 quare,
576 987 688 1039 illis
708 986 870 1040 etiam
884 1024 897 1048 ,
928 1001 1068 1055 quae
1097 1000 1202 1037 non
1227 991 1355 1037 sunt
1373 984 1595 1040 omnino
1615 986 1767 1040 inter
1787 987 1936 1040 cieu-

348 1079 455 1117 res.
524 1060 689 1132 Atqui
708 1076 920 1130 semper
938 1076 1044 1113 vox
1067 1058 1324 1130 dirigitur
1343 1058 1411 1112 ad
1434 1058 1600 1113 fidem
1621 1059 1935 1115 faciendam

350 1136 419 1193 de
448 1134 876 1189 inevidentibus.
952 1133 1115 1188 Porro
1145 1133 1294 1187 vocis
1325 1132 1534 1205 duplex
1563 1144 1648 1189 est
1685 1138 1927 1206 species:

348 1227 457 1266 una
478 1212 534 1262 in
556 1208 812 1272 dicendo,
836 1208 1002 1263 altera
1022 1208 1078 1262 in
1102 1207 1386 1262 cantando.
1465 1207 1648 1274 Quum
1681 1226 1818 1283 ergo
1851 1228 1932 1264 sa-

351 1286 423 1341 tis
454 1283 520 1337 de
556 1285 734 1354 priore
762 1284 1136 1347 retulerimuS,
1178 1282 1474 1337 secundam
1508 1283 1928 1354 perlustremus.

346 1358 683 1415 Probationis
706 1367 882 1413 autem
905 1358 1055 1413 nulla
1078 1366 1160 1413 est
1183 1360 1477 1413 necessitas
1498 1358 1646 1429 apud
1669 1376 1764 1414 eos
1779 1402 1793 1424 ‚
1839 1360 1931 1432 qui

350 1450 455 1489 non
482 1430 702 1487 omnino
723 1432 876 1488 surdi
893 1442 1047 1497 sunt,
1089 1432 1186 1487 sed
1207 1434 1325 1487 sani
1346 1433 1591 1488 auribus.

469 1544 547 1595 ⁴5.
593 1540 829 1595 Merulae
864 1542 1012 1595 enim
1042 1550 1096 1597 et
1132 1550 1368 1597 turtures
1397 1541 1526 1613 (imo
1559 1541 1734 1615 turdi)
1764 1542 1932 1599 lusci-

346 1618 579 1687 niaeque
606 1632 711 1670 non
740 1615 915 1671 solum
945 1632 1136 1672 canere
1157 1616 1356 1681 solent,
1398 1634 1590 1671 verum
1610 1616 1779 1671 etiam
1800 1635 1928 1673 voce

350 1692 630 1749 articulata
656 1688 725 1765 [*]
751 1700 951 1745 canunt
962 1691 1049 1764 *Ἴ
1065 1733 1077 1757 ,
1120 1693 1194 1746 ita
1211 1700 1271 1747 ut
1292 1700 1344 1745 et
1362 1690 1473 1745 dici
1492 1700 1544 1745 et
1569 1692 1745 1746 scribi
1771 1710 1924 1763 posse

348 1767 637 1824 videantur
670 1766 931 1822 vocabula
960 1776 1237 1822 cantuum.
1315 1765 1469 1832 Quod
1498 1768 1547 1820 si
1565 1768 1692 1836 quis
1715 1766 1776 1821 id
1797 1768 1923 1821 velit

350 1846 466 1900 suis
495 1846 614 1917 ipse
644 1842 867 1897 auribus
896 1841 1106 1897 discere
1122 1878 1148 1905 ‚.
1185 1849 1272 1895 eat
1307 1842 1487 1895 statim
1526 1842 1584 1893 in
1612 1843 1918 1913 proximum

350 1920 594 1983 hortum,
634 1918 731 1972 ubi
761 1935 889 1971 vera
918 1927 998 1971 est
1026 1917 1236 1971 musica
1271 1918 1455 1970 avium
1493 1916 1671 1970 omnis
1710 1918 1918 1988 generis

351 1995 749 2049 concinentium
783 2002 942 2063 atque
970 1993 1124 2047 iuxta
1151 1992 1444 2046 mixturam
1472 1990 1791 2046 harmoniae
1811 2008 1918 2047 cer-

448 2171 491 2217 *)
517 2170 626 2209 Plin.
648 2170 760 2207 Hist.
787 2170 875 2207 nst.
900 2166 953 2212 X,
981 2167 1051 2205 58:
1089 2164 1254 2213 „Super
1279 2166 1421 2203 omnia
1445 2166 1650 2205 humanas
1677 2174 1808 2205 voces
1831 2164 1916 2205 red·

353 2221 478 2266 dunt,
532 2220 699 2269 psittaci
733 2218 904 2266 quidem
936 2218 1062 2255 etiam
1098 2216 1441 2254 sermocinantes.
1495 2216 1623 2253 India.
1653 2216 1766 2255 hanc
1806 2226 1914 2255 avem

349 2273 501 2317 mittit,
536 2272 713 2309 sittacen
738 2272 879 2307 vocat.
906 2294 919 2307 .
942 2295 953 2305 .
973 2294 985 2305 .
1011 2266 1290 2314 Imperatores
1323 2266 1502 2313 salutat,
1553 2269 1596 2305 et
1629 2275 1739 2313 quae
1773 2266 1914 2313 accipit

348 2323 478 2361 verbs
502 2320 787 2369 pronunciat“
815 2322 895 2357 etc.
938 2317 1128 2356 ld.ib1d.
1156 2318 1218 2355 60.
1247 2316 1299 2355 de
1327 2326 1474 2355 corvo:
1513 2315 1716 2363 „Mature
1742 2316 1910 2356 sermoni

348 2372 627 2417 assuefactus,
668 2368 859 2407 omnibus
885 2368 1105 2406 matutinis
1131 2367 1304 2406 evolans
1330 2368 1375 2405 in
1399 2370 1556 2411 rostra.
1593 2367 1736 2405 forum
1759 2376 1907 2410 versus,

348 2423 581 2466 Tiberium,
634 2420 731 2458 dein
774 2418 1070 2457 Germanicum
1111 2420 1156 2456 et
1191 2417 1378 2455 Drusum
1411 2416 1614 2457 Caesares
1657 2418 1906 2461 nominatim,

347 2481 448 2508 mox
473 2473 760 2509 transeuntem
784 2468 986 2516 populum
1011 2468 1245 2505 Romanum
1272 2468 1495 2505 salutabat.
1510 2468 1536 2487 ‘⁸
1585 2466 1750 2507 Auen.

446 2518 513 2563 n)
556 2520 662 2558 Plin.
687 2518 744 2565 X,
787 2520 855 2556 59:
902 2517 1173 2564 „Agrippina
1199 2516 1363 2555 claudii
1391 2516 1585 2555 Caesaris
1613 2516 1802 2564 (coniux)
1833 2520 1908 2555 tur-

349 2567 449 2603 dum
482 2568 647 2613 habuit,
692 2568 805 2615 quod
834 2576 1050 2614 nunquam
1085 2570 1204 2611 ante.
1257 2568 1496 2605 imitantem
1533 2576 1752 2607 sermones
1791 2566 1910 2606 homi-

350 2623 473 2655 num.
518 2625 613 2653 cum
646 2618 751 2655 haec
776 2618 1009 2664 proderem.
1062 2616 1287 2655 Habebam
1313 2620 1356 2655 et
1382 2615 1584 2655 Caesares
1611 2617 1788 2657 Iuvenes
1811 2620 1909 2655 stur-

346 2671 488 2745 Rulmgh
505 2662 605 2701 item
630 2666 847 2712 luscinias,
883 2666 1041 2705 Graeco
1068 2668 1193 2713 atque
1220 2666 1374 2705 Latino
1399 2676 1592 2705 sermone
1619 2666 1780 2707 dociles
1791 2668 1814 2689 ·‘
1837 2670 1911 2704 ete.
