2125 3084
42 24 253 31 ...ff-w<
272 26 295 30 -v

193 189 274 254 m,
303 184 424 249 aaa]
537 190 618 234 ΙΝ
658 188 1014 235 GENESIN.
1061 188 1321 236 sunno
1355 192 1441 239 Ν.
1701 184 1796 239 477

192 295 328 347 tium
367 289 674 362 procreatio
709 289 1083 361 quadraginta
1114 289 1331 343 dierum
1360 293 1539 362 spatio
1568 292 1797 347 confici-

193 377 279 422 tur
292 408 305 431 ‚
335 364 546 436 quibas
568 363 856 435 completis
877 366 1034 417 aiunt
1052 363 1257 418 medici
1280 366 1452 419 creari
1478 378 1663 421 semen
1687 368 1796 422 im-

192 444 424 496 missum
454 440 513 493 in
542 446 788 502 uterum,
833 439 1081 493 maxime
1094 452 1269 510 quum
1287 453 1413 493 mas·
1428 443 1795 511 comperiatur

189 514 580 589 perficiendus.
660 512 932 580 Quoniam
961 530 1026 569 eo
1051 522 1298 585 tempore
1329 531 1443 569 non
1468 524 1690 586 propter
1716 519 1797 572 ir-

189 590 513 647 rationalem
541 588 878 659 volupta-tem
907 596 1101 659 sponte
1134 588 1299 643 faciet
1332 586 1406 663 [³¹⁶]
1438 600 1795 662 congressum

190 682 314 721 cum
361 680 564 729 uxore,
634 664 738 718 sed
782 664 1013 717 seminis
1053 665 1234 737 gratia
1268 664 1549 736 genuinae
1590 665 1789 736 prolis,

189 742 390 797 decens
437 756 502 795 ao
548 746 920 811 opportunum
965 737 1075 793 fuit
1111 739 1342 794 totidem
1380 750 1649 794 annorum
1689 755 1795 795 uu·-

184 818 330 889 ptias
358 830 523 889 agere
537 855 550 879 ,
601 823 738 886 quot
762 813 962 871 dicbus
1003 810 1183 869 foetus
1222 815 1283 869 in
1321 822 1477 869 utero
1519 814 1797 870 vivificari

185 892 404 947 soleret.
712 908 716 915 ’

309 1021 407 1071 C‘ur
440 1022 538 1070 ait.-
592 1055 626 1082 „
641 1018 707 1068 Si
735 1020 805 1068 sic
839 1018 956 1067 mihi
974 1018 1194 1083 ficturum
1229 1030 1360 1082 erat,
1401 1021 1572 1084 utquid
1606 1031 1675 1071 est

687 1086 776 1135 hoc
811 1086 1006 1135 ndhi‘w
1041 1086 1149 1147 (25,
1179 1088 1289 1147 223)

305 1190 422 1243 ⁴55.
462 1186 674 1243 Virtute
695 1204 826 1242 sane
847 1184 1133 1259 praeditus
1154 1195 1239 1245 cst*
1259 1196 1315 1243 et
1330 1189 1555 1244 virtutis
1576 1189 1789 1244 studio-

181 1280 284 1319 sus
299 1304 312 1327 ‚
357 1262 460 1334 qui
489 1262 622 1317 haec
647 1278 756 1318 non
785 1278 919 1318 voce
940 1262 1119 1335 magis
1141 1276 1308 1334 quam
1329 1262 1627 1319 condolens
1649 1264 1707 1318 in
1730 1282 1789 1317 se

179 1336 431 1411 proferat
469 1345 521 1391 et
559 1337 626 1392 de
665 1354 725 1393 se
766 1339 966 1411 cogitet
1005 1338 1243 1393 animus.
1331 1337 1609 1406 Quidnam
1649 1338 1788 1393 mihi

181 1423 328 1478 erat,
370 1414 478 1477 ait,
523 1414 789 1467 contraria
816 1414 932 1485 pati
964 1420 1022 1468 et*
1044 1414 1390 1486 oppositione
1421 1423 1702 1486 tamquam
1730 1416 1788 1469 in

180 1490 466 1561 oppositas
507 1496 961 1560 partesstaterae
999 1488 1287 1545 inclinari:
1353 1506 1503 1544 nunc
1542 1508 1573 1544 a
1610 1490 1786 1564 gloria

179 1732 241 1787 In
263 1726 705 1803 quadragenaria
732 1737 838 1793 est,
882 1730 1187 1785 secundum
1207 1744 1376 1801 quam
1398 1732 1563 1784 etiam
1584 1730 1789 1785 medici

183 1812 457 1869 asserunt,
482 1813 562 1860 tot
581 1804 779 1859 diebus
801 1804 1145 1859 reconditum
1164 1820 1353 1858 semen
1375 1805 1433 1858 in
1456 1803 1621 1857 vulva
1647 1802 1791 1875 figu-

182 1888 336 1935 ratur
345 1882 406 1935 in
417 1880 808 1943 masculinum,
837 1880 1163 1951 praesertim
1183 1876 1451 1931 hactenus
1472 1894 1580 1930 non
1600 1893 1700 1948 pro
1720 1877 1792 1930 li-

181 1955 379 2011 bidine
397 1972 572 2026 prona
587 1997 599 2019 ,
633 1952 732 2009 sed
751 1971 854 2026 pro
872 1954 1115 2010 filiorum
1136 1968 1365 2026 syncera
1384 1951 1650 2023 progenie
1672 1951 1793 2005 cul-

180 2038 305 2084 tum
343 2030 581 2103 dignum
621 2028 883 2087 facientes
898 2071 910 2095 ‚
960 2030 1131 2087 huius
1172 2026 1363 2083 aetatis
1393 2028 1615 2099 nuptias
1646 2026 1794 2081 cele-

180 2105 365 2160 brant.

264 2244 455 2309 thuid
480 2242 703 2294 Rebecca
736 2244 833 2295 ait.-
892 2242 1005 2307 „Si
1035 2245 1103 2293 sic
1125 2244 1343 2309 ficturum
1378 2254 1446 2292 est
1480 2244 1616 2304 mihi,
1657 2243 1727 2291 ad
1734 2235 1741 2239 ⁴

761 2311 879 2375 quid
910 2312 1025 2361 mihi
1057 2312 1224 2361 hocv‘

301 2414 417 2467 ⁴53.
470 2412 738 2467 Studiosa
761 2420 818 2468 et‘
842 2414 1129 2485 ingeniosa
1158 2424 1313 2467 mens
1344 2411 1481 2466 haec
1508 2423 1616 2463 non
1637 2407 1793 2463 fasti-

181 2487 282 2543 dio
320 2489 509 2560 potius
547 2501 716 2559 quam
750 2488 946 2543 dolore·-
969 2486 1264 2543 affectabili
1292 2484 1673 2557 prosequitur,
1717 2483 1792 2537 ita

181 2564 338 2616 enim
359 2562 642 2617 recordata
661 2564 764 2619 ait:
817 2562 1026 2634 thuid
1047 2562 1185 2617 mihi
1208 2560 1347 2615 hoc?
1397 2558 1516 2615 Sub
1534 2556 1795 2612 differen-

179 2639 262 2692 tia
303 2653 428 2691 esse
467 2646 750 2709 tamquam
784 2639 1036 2710 superior
1066 2641 1473 2711 compensatam
1501 2638 1790 2694 aestuaret,

181 2714 396 2783 partim
415 2728 488 2765 ex
508 2714 817 2784 suspitione
832 2753 845 2777 ‚
879 2712 1081 2784 partim
1103 2728 1134 2764 a
1153 2710 1409 2830 veritaltve:
1462 2706 1798 2780 ambiguitas

256 2785 488 2835 Primo
525 2786 645 2836 Vn.
1612 2800 1623 2804 ’
