2125 3084
340 181 403 231 66
583 184 779 229 rim..
818 172 967 229 lim.
1009 182 1328 240 QUAEST.
1367 182 1466 227 ET
1507 182 1665 227 soL.
1717 178 1948 247 [12:243]

335 301 583 357 pernam.
662 284 867 340 Verum
894 301 1007 337 una
1036 300 1164 338 cum
1198 284 1398 356 primis
1425 284 1732 338 virtutibus
1761 302 1950 339 annu-

337 368 577 414 meratus
592 401 604 422 ,
648 361 887 413 ereativa
908 360 1175 413 nimirum
1197 368 1251 413 et
1269 359 1423 430 regia
1437 400 1449 422 ,
1495 360 1697 412 trinam
1719 362 1950 431 appari-

338 424 543 489 {ionem
560 442 817 504 operatur
836 434 1146 489 intellectui
1166 434 1428 488 humano.
1501 434 1555 487 ls
1577 434 1727 487 enim
1745 437 1950 505 nequit

336 518 449 564 tam
469 517 661 564 acutus
682 526 804 564 esse
822 509 951 563 visu
964 550 979 572 ,
1020 518 1086 563 ut
1104 509 1264 563 illum
1281 550 1294 572 ,
1337 508 1439 579 qui
1464 517 1690 579 superat
1706 510 1947 564 virtutes

338 585 449 639 sibi
472 586 807 649 assistentes,
822 584 977 638 velut
994 582 1320 639 distinctum
1339 582 1508 636 deum
1529 582 1722 637 videre
1742 585 1943 655 possit.

336 660 407 715 Ut
432 676 563 733 ergo
592 661 899 715 intueretur
926 658 1125 722 deum,
1177 675 1286 712 una
1315 674 1442 711 cum
1479 657 1577 711 illo
1612 658 1946 713 exsistentes

338 742 602 807 apparent
619 742 674 789 et
690 735 925 789 virtutes
950 734 1263 797 ministrae,
1307 750 1372 787 ac
1399 733 1449 785 si
1477 750 1577 803 pro
1605 750 1718 786 nno
1745 733 1946 787 triadis

340 810 741 882 apparitionem
758 808 981 863 faceret.
1060 810 1200 863 Nam
1220 806 1442 878 quando
1461 806 1776 861 intellectus
1797 808 1946 861 inei-

338 886 457 956 piat
476 886 726 955 accipere
746 891 951 937 certam
972 882 1470 954 apprehensionem
1496 881 1566 935 de
1593 882 1732 935 Ente
1748 922 1760 945 ‚
1803 881 1943 936 illuc

338 968 393 1013 et
421 959 542 1030 ipse
571 958 893 1029 pervenisse
926 958 1286 1030 intelligitur,
1339 956 1680 1029 singularem
1715 973 1776 1009 se
1814 957 1944 1010 red-

338 1034 477 1087 dens
492 1075 505 1096 ‚
548 1041 712 1104 atque
732 1040 794 1087 ut
813 1033 1027 1104 primus
1048 1041 1105 1087 et
1122 1034 1383 1104 princeps
1411 1048 1706 1101 apparens3
1749 1048 1938 1101 quem,

340 1117 401 1163 ut
427 1108 595 1180 paulo
624 1117 749 1163 ante
778 1107 927 1172 dixi,
970 1108 1094 1161 sine
1122 1107 1296 1160 ullius
1325 1108 1586 1161 societate
1614 1103 1807 1159 videre
1832 1123 1941 1160 non

339 1192 549 1256 poterat
576 1182 882 1256 (Abraham
912 1182 999 1238 vel
1038 1181 1313 1252 animus),
1358 1182 1468 1234 nisi
1499 1198 1626 1235 cum
1653 1180 1755 1243 iis,
1797 1198 1940 1251 quae

338 1276 467 1313 eum
492 1257 591 1312 illo
616 1258 892 1311 exsistunt
929 1256 1082 1310 illico
1117 1256 1350 1310 virtutes
1386 1257 1624 1327 primae,
1679 1257 1935 1319 creativa,

338 1350 481 1403 quae
511 1338 737 1386 vocatur
764 1330 930 1393 deus,
974 1338 1029 1384 et
1061 1331 1242 1402 regia,
1289 1347 1432 1402 quae
1461 1331 1720 1387 dominus
1749 1332 1943 1402 appel-

339 1408 502 1461 latur.

448 1508 607 1575 Quod
638 1518 821 1564 autem
852 1510 1016 1565 dicit:
1056 1510 1298 1566 'Elevavit
1324 1516 1524 1579 οοαὶοε,
1563 1530 1672 1567 non
1699 1515 1941 1585 corporis

340 1584 551 1656 inquit,
597 1603 626 1638 a
645 1585 905 1640 sensibus
928 1587 1076 1640 enim
1096 1587 1234 1642 deus
1256 1586 1437 1642 videri
1461 1604 1568 1641 non
1595 1596 1798 1659 potest,
1845 1588 1943 1642 sed

340 1660 411 1714 ab
433 1661 641 1728 anima;
675 1670 982 1732 opportuno
1008 1663 1159 1716 enim
1178 1671 1422 1733 tempore
1443 1664 1746 1733 sapientiae
1767 1663 1943 1718 oculis

339 1736 601 1790 cernitur.
680 1736 885 1792 Verum
914 1738 1214 1792 multarum
1241 1754 1539 1807 earumque
1565 1735 1636 1811 [³¹⁵]
1663 1737 1945 1809 improba-

338 1828 463 1865 rum
494 1812 801 1867 animarum
831 1814 987 1868 visus
1013 1830 1232 1885 semper
1249 1812 1459 1867 occlusi
1481 1820 1636 1876 sunt,
1679 1814 1946 1882 quoniam

340 1887 397 1941 in
421 1888 529 1943 alto
550 1905 742 1943 somno
762 1888 944 1944 iacent
974 1898 1028 1944 et
1056 1894 1338 1960 nequeunt
1364 1904 1628 1957 umquam
1654 1888 1872 1941 resilire
1895 1896 1973 1942 et·

340 1964 700 2033 expergefieri
730 1964 799 2017 ad
828 1973 1053 2019 naturae
1083 1981 1171 2017 res
1201 1970 1255 2017 et
1282 1978 1426 2032 quae
1455 1962 1511 2014 in
1535 1979 1598 2015 ea
1627 1971 1757 2016 sunt
1787 1962 1948 2017 ideae

342 2045 395 2088 et
439 2039 841 2107 perceptiones.
931 2038 1210 2108 Sapientis
1255 2054 1388 2092 vero
1432 2036 1750 2106 spirituales
1796 2038 1950 2091 oculi

341 2110 714 2179 expergefacti
734 2111 1107 2181 perspiciunt,
1151 2113 1264 2165 imo
1284 2112 1404 2165 sine
1432 2126 1623 2165 somno
1647 2112 1949 2183 vigilantes

340 2189 496 2245 sunt,
540 2182 611 2237 ob
640 2182 983 2237 desiderium
1010 2185 1243 2239 videndi
1273 2185 1584 2239 resilientes
1612 2184 1682 2239 ad
1703 2186 1951 2258 vigilan-

340 2259 494 2310 tiam.
573 2256 753 2322 Quare
774 2256 916 2311 bene
934 2258 1146 2312 dictum
1169 2269 1252 2313 est
1278 2261 1336 2313 in
1358 2259 1562 2331 plurali
1578 2301 1590 2324 ‚
1635 2277 1743 2315 non
1770 2278 1950 2316 unum

342 2332 592 2387 elevasse
620 2331 873 2396 oculum,
916 2332 1015 2386 sed
1044 2334 1233 2389 oculos
1256 2336 1573 2397 univerSOS‚
1616 2336 1716 2405 qui
1745 2336 1804 2389 in
1827 2338 1956 2391 ani-

340 2425 429 2461 mo
466 2415 621 2472 sunt,
682 2408 758 2462 ita
797 2416 859 2461 ut
896 2414 1071 2463 totum
1110 2408 1348 2461 totaliter
1385 2410 1608 2463 oculum
1655 2426 1779 2463 esse
1820 2428 1954 2465 eum

340 2482 572 2536 dixeris.
651 2482 860 2537 Oculus
882 2482 1053 2553 igitur
1075 2480 1252 2535 factus
1273 2482 1472 2553 incipit
1490 2484 1682 2538 videre
1705 2484 1954 2539 domini·

340 2572 487 2620 cam,
540 2565 787 2611 sanctam
824 2555 1186 2625 divinamque
1225 2556 1524 2621 visionem,
1583 2574 1648 2612 eo
1687 2559 1852 2613 modo
1889 2567 1954 2614 ut

340 2631 505 2713 unica
526 2632 671 2686 visio
692 2639 977 2703 appareret
996 2631 1050 2683 ei
1069 2630 1216 2683 sicut
1234 2630 1470 2691 trinitas,
1485 2640 1538 2685 et
1555 2633 1773 2689 trinitas
1795 2633 1957 2689 velut

342 2711 544 2756 unitas.
