2125 3084
330 193 429 245 ⁴52
568 196 763 241 mm..
802 194 949 240 mn.
993 192 1319 251 QUAE-ST.
1353 192 1452 238 ΕΤ
1491 194 1668 261 δοῖ...
1701 182 1789 260 [11‚
1821 182 1955 261 aas]

335 454 432 504 Cur
468 451 645 502 Labant
686 450 830 501 dicit.-
900 448 1140 514 „Paravi
1174 448 1358 498 domum
1398 456 1444 499 et
1479 448 1627 500 lom
1665 450 1957 501 comeatu&

466 534 605 583 qm
642 516 864 569 Rebecca
902 518 1153 567 adieci-am
1189 516 1521 578 diversor-iun,
1571 516 1758 567 dicens.-
1819 554 1857 581 „
1872 516 1953 568 Et

456 585 689 651 pabulum
725 596 793 636 est
828 584 965 650 apud
996 601 1084 635 nos
1117 584 1306 635 mulum
1339 593 1386 633 et
1421 584 1550 634 locus
1591 585 1664 634 ad
1703 584 1950 635 diverten-

465 653 655 705 dum‘w
689 656 797 716 (24,
834 658 916 703 31.
939 654 1049 713 25.)

446 806 561 859 449.
618 801 990 858 Differentiam
1029 801 1390 857 excellentiae
1430 800 1598 857 refert
1631 804 1941 857 maximam

331 882 475 935 inter
505 885 744 932 mentem
773 877 1038 950 virginis,
1080 893 1224 949 quae
1251 876 1467 931 nullum
1489 878 1784 947 usurpavit
1805 895 1941 932 sen-

334 952 527 1015 sibile,
570 959 623 1006 et
648 952 791 1006 inter
811 952 1130 1024 exemplum
1152 952 1274 1005 eius
1289 992 1301 1016 ,
1346 951 1446 1021 qui
1466 950 1758 1005 sensibilia
1779 969 1940 1007 rece—

329 1028 415 1098 pit
444 1028 501 1079 in
533 1027 935 1099 cognationem.
1016 1026 1168 1081 Prior
1185 1026 1335 1080 enim
1356 1042 1585 1080 monens
1609 1024 1940 1082 dissolutio-

330 1118 457 1156 nem
489 1109 542 1157 et
570 1102 743 1155 otium
772 1101 1072 1157 iacentium
1100 1100 1208 1155 sub
1235 1101 1586 1173 generatione
1623 1102 1940 1173 corruptio-

330 1192 512 1247 neque
528 1217 540 1239 ‚
581 1175 780 1231 didicit
804 1172 877 1250 [⁴¹²]
903 1176 1085 1231 locum
1117 1175 1330 1230 animae
1349 1175 1792 1247 praeparandum
1811 1192 1938 1232 esse

331 1250 638 1305 decentem.
718 1249 1007 1304 Secundus
1038 1267 1167 1306 vero
1195 1267 1305 1305 non
1335 1249 1404 1304 ad
1431 1250 1792 1316 solutionem,
1833 1251 1934 1307 sed

332 1324 402 1379 ad
442 1324 811 1394 receptionem
850 1322 1138 1379 brutorum
1174 1325 1500 1380 animalium
1539 1341 1660 1379 sese
1706 1342 1936 1397 parasse

334 1398 500 1462 dicit,
543 1399 815 1469 nequiens
841 1414 1072 1471 negare,
1103 1398 1255 1472 quod
1283 1400 1344 1456 in
1371 1417 1432 1455 se
1459 1400 1702 1475 gerebat.

409 1670 571 1729 Quare
602 1670 679 1722 vir
711 1670 783 1722 ad
810 1680 1090 1723 senectutem
1123 1688 1322 1739 vergens
1353 1673 1518 1739 ἰπσίρίε
1549 1675 1620 1724 sic
1645 1672 1863 1739 (loqui).-

597 1738 774 1804 „Puer
804 1739 1036 1792 Abrahae
1067 1758 1170 1792 rum
1203 1744 1373 1808 eqo‘ff
1407 1744 1514 1808 (24,
1556 1746 1664 1805 34.)

450 1896 565 1950 ⁴20.
615 1894 788 1960 Illud,
830 1893 981 1967 quod
1008 1893 1080 1951 ad
1105 1902 1345 1950 mentem
1371 1892 1584 1949 dictum
1611 1902 1719 1958 est,
1760 1895 1926 1949 nimis

334 1976 419 2021 est
458 1968 621 2022 facile
657 1971 803 2026 scitu
841 1970 1324 2042 contemplatuque
1338 2010 1351 2033 ‚
1421 1969 1683 2041 quoniam
1721 1970 1925 2025 novelli

333 2042 493 2111 pueri
522 2041 591 2094 ad
618 2043 802 2097 virum
830 2044 1137 2115 perfectum
1168 2044 1334 2099 babet
1359 2042 1607 2099 ordinem
1648 2043 1925 2099 relationis

332 2112 485 2167 istud
500 2154 513 2174 ‚
556 2113 707 2183 quod
734 2117 1041 2173 secundum
1069 2119 1570 2191 pronuntiationem
1595 2127 1678 2173 est
1695 2118 1924 2175 verbum

335 2188 403 2255 (s.
434 2186 655 2259 oratio),
697 2205 827 2261 erga
854 2191 1025 2257 illud,
1069 2193 1222 2265 quod
1248 2194 1399 2248 intus
1419 2194 1578 2249 estin
1599 2192 1831 2249 consilio
1849 2192 1925 2265 (id

334 2269 419 2316 est
454 2261 631 2334 ratio).
711 2263 914 2318 Littera
953 2284 1086 2321 vero
1126 2268 1345 2323 laudem
1373 2269 1614 2323 continet
1640 2268 1789 2332 eius,
1830 2268 1924 2340 qui

336 2337 568 2392 senilem
590 2344 820 2394 aetatem
840 2340 1206 2413 transigebat:
1247 2342 1349 2397 ubi
1369 2342 1518 2397 enim
1539 2342 1634 2397 alii
1653 2342 1926 2398 declinant

334 2411 404 2466 ad
424 2410 856 2469 manifestandos
874 2431 997 2470 sese
1016 2432 1088 2471 ex
1106 2418 1458 2488 generatione
1474 2418 1766 2489 patriaque
1780 2458 1793 2480 ‚
1823 2418 1922 2472 iste

334 2502 405 2540 ex
426 2486 649 2543 domino
670 2488 749 2560 (id
770 2488 947 2563 facit),
988 2490 1176 2560 ipsum
1199 2492 1524 2545 existimans
1545 2500 1656 2546 tam
1675 2492 1919 2562 patriam,

334 2576 501 2628 quam
518 2565 861 2635 progeniem.
906 2564 1046 2618 Hinc
1063 2566 1171 2619 iter
1187 2562 1396 2618 faciens
1415 2564 1570 2619 dedit
1589 2567 1758 2621 trium
1777 2582 1925 2621 men-

336 2649 589 2688 surarum
610 2636 753 2691 hanc
771 2637 1158 2695 directionem:
1210 2637 1378 2701 Mihi,
1411 2640 1698 2709 inquiens,
1735 2641 1923 2696 civitas

338 2713 445 2768 est,
489 2707 769 2781 refugium
798 2721 852 2767 et
878 2713 998 2777 lex,
1038 2721 1152 2768 tam
1181 2711 1314 2766 iusti
1335 2727 1504 2782 quam
1525 2713 1720 2770 iniusti
1743 2717 1924 2771 cuius-
