2125 3084
176 190 333 258 [1,85.]
416 196 517 242 DE
556 197 1098 246 PROVIDENTIA
1133 199 1388 248 SERMO
1423 201 1485 245 11.
1681 193 1746 246 83

176 298 335 352 amice
362 297 467 361 mi,
509 314 609 368 per
635 298 1039 369 providentiam
1069 298 1223 370 globi
1251 301 1310 352 in
1339 297 1568 355 formam
1607 297 1750 355 facta

173 373 294 428 fuit:
332 374 592 444 primum,
618 374 749 444 quia
767 374 917 429 omni
940 373 1116 447 figura
1135 373 1381 428 velocius
1401 375 1636 428 mobilis
1645 384 1746 440 est,

172 456 223 502 et
240 447 430 512 deinde
451 449 661 526 magis
650 449 987 514 necessaria,
1030 465 1100 503 ne
1119 446 1258 504 forte
1278 449 1542 503 remissus
1569 448 1752 521 (mun-

172 522 287 596 dus)
298 522 549 579 deorsum
572 515 804 596 fer'retur
823 523 929 578 ad
913 541 1240 579 immensam
1252 524 1600 588 vacuitatem,
1615 531 1752 579 cun-

170 599 266 652 ctis
300 598 549 669 partibus
590 599 649 652 in
688 613 853 652 suum
892 598 1139 653 medium
1176 598 1600 668 inclinantibus;
1671 601 1753 654 sic

168 674 307 728 enim
334 672 677 728 solummodo
708 675 1118 733 consistentiam
1138 673 1430 728 habiturus
1451 682 1590 738 erat,
1625 691 1752 748 erga

167 764 225 802 se
252 748 487 804 invicem
526 747 595 802 ad
633 748 881 803 medium
920 747 1177 805 tendente
1217 748 1604 821 aequali-orbe
1643 748 1751 821 (vel

166 822 429 896 sphaera).
508 822 814 878 Occurrunt
835 831 1017 878 autem
1039 825 1098 878 in
1119 825 1340 880 Timaeo
1359 823 1628 888 Platonis,
1653 825 1751 896 qui

165 897 388 952 mirifice
429 897 655 954 laudent
692 897 943 972 figuram·
960 898 1202 970 perfecte
1241 899 1584 971 sphaericam
1626 917 1753 954 cum

163 989 261 1026 sua
296 973 531 1028 utilitate
569 982 732 1045 atque
760 973 1169 1038 commendent,
1212 976 1288 1030 ita
1317 983 1379 1030 ut
1407 975 1562 1030 nullo
1590 992 1754 1046 prae·-

162 1057 307 1102 terea
334 1047 581 1120 indigeat
611 1049 793 1104 laudis
824 1039 1214 1104 additamento.

271 1173 384 1228 57.-
406 1172 562 1239 Quod
590 1191 721 1229 vero
750 1174 943 1229 attinet
968 1173 1039 1228 ad
1058 1183 1277 1246 tempus
1298 1174 1442 1230 illud
1461 1175 1753 1230 confictum

158 1250 279 1303 sine
307 1250 616 1320 praeposito
644 1251 980 1320 inspectore,
1025 1250 1174 1321 quod
1206 1249 1518 1305 adducebas
1547 1251 1606 1306 in
1635 1267 1754 1306 me-

156 1323 315 1378 dium
330 1365 343 1388 ,
388 1323 527 1379 bene
548 1323 944 1379 advertendum
965 1333 1076 1389 est,
1105 1325 1255 1396 quod
1272 1325 1550 1381 infinitum
1571 1327 1754 1381 incor-

153 1415 496 1471 poreumque
537 1407 752 1472 tempus
790 1399 929 1456 deus
966 1401 1194 1456 minime
1223 1402 1456 1465 creavit,
1501 1401 1600 1456 sed
1631 1401 1751 1456 dies

152 1491 484 1547 mensesque
516 1491 796 1546 annosque
824 1475 939 1530 sole
970 1484 1023 1530 et
1051 1476 1181 1530 luna
1211 1494 1346 1531 usus
1374 1478 1434 1531 in
1463 1476 1568 1532 hac
1595 1495 1752 1533 men·—

149 1568 281 1605 sura
312 1559 478 1622 atque
508 1551 851 1621 reliquorum
876 1551 1220 1622 planetarum
1249 1551 1492 1623 periodis
1531 1561 1752 1626 propter

148 1627 413 1680 animalia
438 1623 975 1713 generationemque
1014 1624 1323 1692 fructuum,
1369 1625 1442 1702 [Ἴ
1481 1644 1624 1699 quae
1651 1647 1752 1682 ne—

146 1709 366 1770 queunt
404 1701 527 1754 sine
568 1701 765 1754 annuis
802 1702 1221 1773 tempestatibus
1261 1703 1576 1758 consistere.
1667 1703 1750 1758 Ad

146 1775 257 1828 hoc
286 1775 461 1846 dirigi
492 1773 815 1836 cumulatim
842 1783 991 1830 ortus
1021 1785 1076 1831 et
1103 1794 1328 1832 occasus
1355 1777 1490 1831 solis
1515 1793 1751 1832 consue-

145 1856 381 1912 verunt,
423 1847 573 1920 quod
600 1865 799 1920 nempe
828 1850 907 1904 sol
938 1858 991 1905 et
1014 1860 1188 1906 totum
1209 1852 1520 1906 universim
1535 1851 1750 1906 caelum

144 1943 212 1980 ac
235 1920 509 1987 mundus,
539 1923 1003 1994 quemadmodum
1024 1943 1151 1981 ecce
1172 1926 1601 1981 demonstratum
1619 1923 1743 1990 fuit,

140 2018 249 2072 per
266 1998 677 2071 providentiam
703 2009 979 2074 regantur.

260 2127 353 2180 58.
398 2126 525 2180 Post
551 2126 716 2193 haec,
757 2136 820 2182 ut
843 2127 983 2182 mihi
1010 2126 1257 2190 videtur,
1297 2124 1366 2180 de
1386 2122 1552 2178 rebus
1573 2123 1748 2178 diale-

138 2200 311 2255 cticis
341 2217 648 2258 sermonem
676 2202 1010 2266 inducebaS,
1052 2203 1212 2273 quasi
1235 2199 1365 2256 vero
1385 2215 1492 2253 non
1513 2198 1624 2253 sint
1645 2197 1746 2254 deo

136 2276 321 2348 digna
343 2277 497 2331 iuxta
517 2279 844 2333 sententiam
864 2276 1053 2350 (tuam)
1082 2284 1200 2331 tum
1227 2275 1466 2347 reliqua,
1509 2280 1627 2328 tum
1657 2273 1745 2328 di-

134 2359 227 2405 cta
262 2349 337 2404 de
360 2352 682 2423 speciebu3‚
727 2369 907 2424 neque
935 2353 1035 2416 iis,
1075 2353 1174 2422 qui
1194 2351 1253 2404 in
1273 2349 1457 2406 studio
1477 2347 1740 2414 claruere,

131 2428 503 2482 conveniant.·
575 2427 722 2494 Quid
741 2436 953 2491 tamen,
986 2443 1220 2497 quaeso,
1243 2426 1315 2480 sit
1335 2440 1598 2495 umquam
1615 2441 1745 2511 spe-

126 2491 285 2565 cieS‚
332 2502 445 2556 nisi
475 2502 809 2557 universalis
830 2501 1068 2556 alicuius
1087 2497 1536 2572 comprehensio?
1583 2507 1636 2554 et
1656 2500 1744 2554 in-

127 2575 395 2630 tellectui
420 2575 560 2647 quid
585 2585 833 2632 occurrat
862 2576 1177 2631 universale
1205 2574 1385 2638 aliud,
1425 2573 1575 2646 quod
1604 2573 1742 2629 deus

126 2650 303 2721 prius
316 2650 647 2716 nonfecerit‚
673 2653 844 2706 menti
864 2652 1114 2707 inserens
1135 2649 1577 2716 foecunditatem,
1599 2665 1743 2722 quae

127 2725 357 2798 optime
378 2732 461 2782 est
478 2733 603 2799 apta
624 2725 692 2782 ad
714 2725 1119 2783 admovendum
1139 2725 1520 2851 εἱΙιίΡείἐιςιιΙε,
1551 2741 1747 2782 occur-
