2125 3084
585 198 939 245 NOMINUM
984 201 1083 245 ΕΤ
1119 202 1405 247 RERUM.
1695 197 1793 249 213

266 316 561 366 interficitur
596 316 662 375 Π,
697 320 808 365 544.
1082 332 1113 365 a
1128 318 1239 380 lege
1256 318 1483 367 Mosaica
1501 321 1689 381 passim
1706 320 1793 367 do-

193 386 495 448 Flagrorum
505 382 976 441 differentiaII‚528.
1082 391 1219 432 cetur
1237 384 1307 443 11,
1330 387 1445 433 378.

191 454 369 501 Flatus
398 458 448 500 et
473 450 673 515 spiritus
701 449 980 498 differentia
1012 450 1263 499 Fortunae
1290 449 1589 500 instabilitas
1614 450 1683 509 11,
1708 456 1788 500 85.

265 520 309 579 Ι,
331 524 413 567 51.
1012 518 1187 567 Frater
1227 532 1407 581 corpus
1440 517 1721 566 subindicat
1746 519 1788 576 1,

193 586 424 637 Flosculi
461 592 512 634 et
550 583 882 633 tintinnabula
926 584 980 630 in
1082 587 1195 637 367.
1228 589 1341 633 559.

263 660 406 703 veste
422 651 672 715 pontificis
697 651 741 710 Ι,
761 655 879 699 452.
907 650 975 710 Π,
1013 652 1210 700 Fratres
1229 652 1435 715 quinam
1452 652 1521 711 H,
1543 655 1656 699 284.
1674 656 1788 700 285.

193 788 403 837 Fluviua
433 786 650 849 Aegypti
679 791 728 833 et
753 784 979 847 Euphra-
1013 786 1223 834 Fructus
1253 788 1370 834 anni
1396 786 1557 847 quarti
1578 785 1645 845 Π,
1666 789 1790 843 402;

263 863 340 903 tes
363 855 408 914 Ι,
438 856 551 903 518.
1078 854 1366 915 purgandus
1410 853 1454 911 Ι,
1498 853 1613 901 347.
1674 853 1793 901 anni

194 922 404 971 Fiuvius
435 921 654 984 paradisi
679 918 893 967 virtutem
926 918 979 967 in
1082 920 1241 982 quinti
1261 920 1598 969 comedendus
1618 918 1661 977 Ι,
1674 924 1788 967 349.
1860 941 1867 957 ·

266 1002 448 1051 genere
467 987 714 1051 sig-nificat
729 986 771 1045 Ι,
797 990 876 1033 56.
1082 988 1357 1049 sapientiae
1378 987 1441 1035 ad
1464 987 1627 1035 solum
1645 986 1794 1033 deum

194 1056 404 1105 Flavius
436 1056 678 1103 sermonis
704 1053 886 1116 prolati
914 1052 978 1101 si·
1078 1055 1293 1117 pertinet
1308 1055 1352 1114 Ι,
1374 1058 1489 1104 350.

267 1137 422 1185 gnum
438 1121 482 1181 Ι,
504 1127 615 1170 690.
1012 1121 1292 1184 Frugalitas
1328 1122 1382 1172 in
1421 1120 1555 1169 victu
1588 1118 1634 1180 Ι,
1675 1124 1789 1168 639.

195 1190 558 1239 Foeneratores
609 1188 796 1237 sordidi
841 1202 978 1236 vera-
1080 1190 1193 1237 eius
1210 1189 1345 1237 bona
1367 1188 1437 1248 Π,
1461 1192 1575 1237 666.
1618 1188 1681 1235 ad
1710 1188 1794 1235 de-

265 1270 378 1306 rum
404 1269 555 1319 opum
579 1256 737 1304 nescii
765 1255 833 1314 11,
861 1260 972 1303 389.
1078 1270 1166 1304 um
1192 1257 1397 1319 propius
1424 1255 1626 1306 adducit
1648 1253 1712 1302 ib.

267 1336 440 1372 eorum
464 1323 722 1387 impuritas
759 1322 828 1383 H,
859 1328 974 1372 284.
1011 1324 1227 1386 FrugeS,
1246 1336 1406 1372 novae
1425 1322 1466 1382 Ι,
1492 1323 1603 1371 178.
1626 1322 1793 1371 conci-

267 1394 382 1439 285.
1080 1405 1167 1439 sae
1185 1392 1228 1451 I,
1255 1392 1363 1439 179.
1394 1390 1729 1439 comminutae
1747 1388 1789 1447 1,

196 1459 386 1508 Foems
421 1472 596 1509 recens
629 1456 734 1505 nati
763 1471 796 1505 a
817 1464 976 1505 matre
1084 1463 1197 1507 180.
1226 1452 1389 1509 tostae
1408 1458 1451 1517 Ι,
1476 1459 1588 1505 178.

265 1541 329 1575 ne
380 1526 686 1574 abducantur
741 1524 809 1585 II,
859 1528 974 1573 396.
1010 1526 1265 1575 Frumenti
1289 1526 1539 1589 primitiae
1567 1524 1645 1573 die
1670 1538 1792 1587 pen-

267 1608 382 1643 eum
407 1601 565 1642 matre
595 1592 772 1641 eodem
805 1592 884 1639 die
911 1604 976 1639 ne
1078 1600 1295 1643 tecostes
1314 1594 1511 1643 oblatae
1529 1592 1597 1651 Π,
1621 1596 1737 1641 294.

264 1667 544 1709 mactentur
568 1660 636 1717 Π,
659 1661 774 1707 397.
1011 1661 1154 1723 Fuga
1170 1677 1202 1711 a
1219 1662 1313 1709 deo
1331 1662 1375 1721 I,
1397 1666 1479 1708 93.
1519 1658 1668 1720 fugae
1691 1666 1792 1705 tres

195 1725 384 1777 Fontes
409 1726 648 1775 exantlati
669 1725 914 1773 duleiores
931 1726 974 1784 Ι,
1080 1742 1287 1777 causae:
1353 1728 1548 1784 odium,
1607 1730 1789 1780 metue,

269 1797 382 1840 266.
423 1792 575 1839 fontis
601 1805 774 1838 sensus
793 1792 914 1838 varii
932 1792 974 1850 Ι,
1076 1793 1239 1855 pudor
1271 1793 1313 1851 Ι,
1349 1796 1463 1840 546.

269 1861 385 1907 572.
423 1858 603 1905 mentis
631 1856 911 1919 symbolum
932 1857 974 1917 Ι,
1011 1859 1113 1907 Fur
1128 1858 1409 1907 eommunis
1420 1857 1580 1905 hostis
1592 1856 1663 1915 11,
1676 1860 1791 1905 202.

271 1929 384 1976 573.
413 1924 529 1973 fona
549 1932 708 1973 terrae
727 1923 766 1983 Ι,
793 1927 875 1971 49.
904 1924 978 1971 in·
1081 1930 1197 1972 335.
1224 1925 1287 1971 ad
1296 1923 1597 1971 calumniam
1618 1929 1667 1971 et
1682 1937 1793 1985 per-

269 1993 531 2055 sipientiae
567 1991 609 2050 Ι,
651 1992 764 2039 574.
807 1990 978 2039 iudicii
1078 1992 1263 2040 iuriam
1276 1990 1513 2052 proclivis
1532 1990 1603 2051 H,
1630 1994 1745 2039 342.

265 2060 308 2121 Ι,
343 2062 458 2124 575τ
498 2058 796 2109 delictorum
819 2056 883 2105 ib.
1012 2058 1243 2107 Furtivae
1269 2057 1343 2106 rei
1370 2058 1575 2121 duplum
1607 2058 1794 2120 penda-

202 2129 404 2177 Fornax
452 2126 669 2189 uulgaris
718 2124 978 2173 hominum
1080 2132 1161 2175 tur
1180 2126 1250 2186 Π,
1280 2128 1393 2173 336.
1432 2134 1525 2187 pro
1554 2138 1645 2173 ove
1674 2138 1793 2186 qua·-

267 2195 397 2243 vitae
429 2195 597 2256 imago
633 2194 674 2253 Ι,
715 2194 829 2241 367.
860 2195 975 2240 518.
1080 2202 1215 2253 tuor,
1242 2207 1333 2256 pro
1363 2192 1489 2241 bove
1524 2192 1794 2243 reddantur

201 2260 484 2313 Fornicatio
511 2261 708 2309 animae
730 2260 797 2319 Π,
825 2264 940 2307 265.
1082 2262 1303 2323 quinque
1339 2260 1407 2319 11,
1446 2260 1563 2309 337.

200 2330 475 2388 Fortitudo,
497 2328 619 2391 quid
639 2328 681 2388 Ι,
706 2332 783 2376 56.
800 2328 882 2376 57.
907 2327 975 2386 Π,
1011 2330 1219 2377 Furtum
1253 2326 1542 2391 prohibetur
1575 2326 1644 2385 11,
1674 2331 1787 2373 202.

267 2400 384 2445 360.
423 2397 528 2444 eius
549 2396 691 2444 sedes
719 2396 763 2455 Ι,
785 2398 865 2444 57.
904 2394 978 2443 of·
1082 2400 1197 2445 335.
1233 2396 1338 2444 eius
1356 2394 1561 2443 nomine
1580 2393 1700 2456 quid
1718 2394 1792 2441 in-

265 2464 435 2511 ficiam
452 2462 494 2523 Ι,
520 2466 631 2511 153.
659 2463 728 2522 Π,
751 2466 863 2511 665.
887 2462 978 2510 fa]—
1080 2464 1319 2525 telligitur
1335 2463 1404 2521 11,
1426 2465 1542 2509 206.
1582 2460 1792 2510 manife-

269 2545 325 2579 so
347 2528 420 2579 sic
449 2530 582 2579 dicta
607 2529 678 2590 Π,
707 2532 822 2579 375.
861 2543 980 2578 vera
1080 2532 1145 2579 sti
1174 2538 1224 2579 et
1252 2530 1430 2579 secreti
1453 2542 1617 2592 poena
1655 2528 1793 2577 varia

269 2611 516 2661 quaenam
550 2596 618 2657 11,
653 2601 766 2648 376.
803 2598 859 2645 in
893 2597 979 2645 ad·
1078 2598 1148 2657 Π,
1170 2603 1284 2647 336.

266 2666 421 2715 versis
469 2665 688 2715 ferendis
729 2671 980 2727 spectatur
1012 2666 1312 2715 Eunu-orum
1330 2663 1550 2728 cognitio
1570 2662 1790 2727 piispro-

268 2734 330 2782 ib.
373 2748 438 2783 ex
463 2734 710 2797 sapientia
735 2733 892 2783 oritur
912 2732 973 2779 ib.
1082 2734 1291 2783 mittitur
1304 2733 1375 2795 11,
1398 2736 1513 2783 222.
