2125 3084
184 202 272 268 [11‚
294 197 417 263 3⁰5]
532 203 616 248 IN
662 201 1021 247 GENESIN.
1071 200 1328 247 smum
1363 204 1456 251 IV.
1699 199 1788 253 121

254 409 353 461 Gur
372 407 538 457 dixere
558 405 771 456 adeum.-
803 404 963 470 „Rex
982 423 1013 455 a
1032 406 1121 455 deo
1140 407 1256 456 eain
1275 407 1489 456 nobis‘w
1521 414 1625 471 (23,
1649 413 1722 469 6.)

286 544 383 599 76.
424 541 707 615 Imprimis
736 539 881 596 illud
900 541 1022 596 vult
1041 540 1364 615 designare,
1397 540 1546 612 quod
1573 542 1672 598 ille
1690 546 1788 614 qui

179 636 385 692 purae,
430 634 541 671 non
573 633 704 671 vero
742 616 962 672 dolosae
1003 616 1305 671 aemulator
1344 623 1429 671 est
1467 618 1785 685 sapientiae,

178 693 332 767 apud
360 708 584 757 omnes,
628 707 737 745 non
766 691 947 745 solum
978 691 1126 763 apud
1161 692 1439 763 sapientes
1476 692 1786 756 rationalem,

176 768 464 825 mirabilis
505 774 591 821 est
630 774 793 837 atque
831 765 1202 833 honorabilis3
1245 784 1356 825 non
1393 774 1608 820 tantum
1645 766 1790 823 sicut

173 844 476 916 princepS,
518 858 715 896 verum
754 842 919 896 etiam
958 848 1242 913 tamquam
1280 842 1542 913 princeps
1577 841 1784 911 princi-

170 936 348 990 pum,
410 919 575 987 isque
616 915 871 980 divinus,
933 924 987 970 et
1031 932 1132 970 rex
1167 932 1389 989 regum,
1455 918 1699 987 optimus
1739 926 1789 971 et

171 1009 513 1065 generosuS,
549 992 778 1062 quinon
800 990 869 1045 ab
889 989 1212 1046 hominibus
1228 1032 1240 1054 ‚
1273 991 1372 1046 sed
1393 1009 1422 1046 a
1443 990 1545 1046 deo
1567 990 1785 1046 ordina·
1819 996 1830 1007 ‘

172 1077 271 1121 tus
292 1068 385 1121 sit.
421 1064 682 1123 Secundo
702 1082 834 1121 vero
854 1066 1035 1139 legem
1058 1066 1252 1120 statuit
1268 1067 1438 1121 nimis
1457 1066 1782 1129 naturalem,

172 1158 349 1212 quam
369 1140 628 1195 nonnulli
647 1139 1106 1213 philosophorum
1125 1140 1236 1195 sibi
1259 1141 1643 1196 conciliarunt.
1674 1140 1784 1195 Lex

172 1224 267 1273 est
294 1224 476 1273 autem
490 1257 505 1281 ‚
538 1224 601 1271 ut
620 1231 691 1270 ex
710 1216 1110 1287 insipientibus
1129 1216 1320 1271 nullus
1343 1217 1422 1271 sit
1439 1232 1565 1279 rex,
1591 1232 1785 1286 quam-

174 1292 271 1346 vis
297 1298 471 1346 terrae
496 1298 557 1345 et
582 1292 753 1345 maris
780 1299 950 1347 totam
975 1292 1094 1347 vim
1123 1290 1465 1363 subiugarit‚
1508 1289 1608 1345 sed
1635 1291 1786 1346 solus

170 1368 403 1437 sapiens
444 1374 501 1421 et
534 1365 632 1421 dei
669 1382 886 1430 amans,
944 1376 1162 1437 praeter
1196 1376 1380 1439 parte·
1419 1372 1783 1438 apparatuum

170 1457 571 1512 armorumque
587 1482 599 1504 ‚
638 1440 847 1512 quibus
876 1441 1039 1497 multi
1065 1441 1360 1515 proficiunt
1386 1458 1488 1514 per
1513 1442 1634 1496 vim
1659 1442 1783 1497 vio-

174 1515 404 1571 lentam.
486 1516 735 1580 Etenim,
778 1516 923 1577 siout
956 1519 1208 1573 nauticae
1237 1517 1328 1574 vel
1355 1516 1664 1572 medicinae
1689 1517 1779 1575 vel

172 1593 427 1645 musicae
448 1591 648 1661 siquis
672 1592 963 1661 imperitus
984 1594 1057 1647 sit
1071 1634 1084 1657 ‚
1118 1610 1218 1664 pro
1233 1602 1558 1665 argumento
1575 1600 1707 1647 sunt
1727 1592 1781 1646 ei

172 1666 371 1721 clavus
404 1673 461 1720 et
486 1666 921 1721 medicaminum
948 1669 1314 1723 commixtura
1339 1676 1395 1722 et
1423 1668 1561 1723 tibia
1579 1675 1636 1721 et
1665 1666 1782 1738 lyra

170 1740 495 1796 —nullum
533 1741 682 1795 enim
718 1741 947 1796 istorum
984 1760 1254 1814 usurpare
1287 1751 1468 1813 potest
1508 1741 1578 1795 ad
1616 1756 1783 1793 usum

172 1814 519 1871 destinatum
534 1856 547 1879 ‚
590 1824 645 1871 at
682 1817 957 1873 navarcho
986 1826 1042 1873 et
1067 1817 1286 1873 medico
1315 1824 1370 1869 et
1395 1816 1611 1870 musico
1640 1813 1784 1869 dioi-

174 1898 268 1944 tur
310 1891 540 1945 omnino
578 1894 873 1947 convenire
900 1912 1004 1947 -z
1046 1892 1126 1947 ita
1168 1889 1413 1963 profecto
1428 1930 1440 1953 ,
1506 1886 1785 1958 siquidem

178 1981 267 2018 ars
297 1974 383 2021 est
406 1965 683 2036 quaedam
709 1968 927 2041 regium
955 1967 1061 2023 hoc
1089 1982 1295 2021 munus
1309 2006 1322 2027 ‚
1357 1972 1411 2019 et
1431 1964 1631 2019 artium
1657 1978 1786 2033 per-

176 2037 505 2095 fectissima.
584 2042 721 2099 Nam
758 2043 858 2113 qui
894 2042 1189 2116 imperitus
1233 2047 1320 2095 est
1351 2047 1408 2095 et
1440 2038 1661 2095 nescius
1695 2054 1785 2093 re·-

177 2130 303 2169 rum
342 2115 599 2171 homines
638 2116 951 2172 iuvantium
965 2159 977 2181 ‚
1020 2116 1098 2187 [ἡ
1140 2115 1298 2172 rudis
1338 2124 1502 2187 atque
1539 2115 1783 2170 rusticus

176 2196 263 2243 est
300 2190 643 2256 censendus,
705 2209 805 2251 rex
844 2200 1026 2247 autem
1065 2192 1336 2248 dicendus
1375 2192 1528 2247 solus
1567 2191 1782 2262 peritus

176 2278 520 2336 gnarusque.
548 2266 937 2322 Verumtamen
956 2269 1118 2324 tertio
1139 2266 1283 2325 illud
1299 2283 1522 2339 quoque
1544 2273 1776 2327 enarrat,

176 2338 329 2408 quod
350 2340 445 2395 dei
464 2340 678 2395 iudicia
698 2350 959 2415 superant
977 2342 1245 2398 humane:
1280 2342 1536 2397 homines
1555 2340 1783 2393 enimin

178 2416 410 2471 materia
428 2416 784 2487 corruptibili
813 2434 939 2473 eum
954 2459 967 2482 ‚
998 2420 1102 2489 qui
1121 2417 1370 2491 possidet
1387 2413 1784 2470 abundantiam

176 2504 373 2558 opum,
444 2491 763 2561 principem
808 2491 1205 2564 dominumque
1255 2491 1368 2547 sibi
1420 2488 1778 2553 arbitrantur3

180 2561 319 2619 deus
340 2581 503 2630 vero,
537 2564 686 2635 apud
713 2583 880 2637 quem
908 2568 1049 2623 nihil
1073 2584 1263 2623 eorum
1283 2580 1425 2635 quae
1451 2563 1783 2619 inanimatae

177 2635 487 2710 brutaeque
508 2640 773 2697 materiae
790 2650 945 2707 sunt,
975 2644 1220 2713 pretium
1241 2639 1463 2703 habent,
1493 2654 1670 2707 quum
1695 2638 1786 2691 vi-

177 2711 320 2768 derit
339 2714 597 2769 animum
621 2716 826 2787 optime
853 2725 1182 2789 purgatum,
1213 2730 1324 2769 una
1351 2730 1479 2771 cum
1504 2720 1687 2768 mente
1715 2710 1787 2766 li-
