2125 3084
552 176 913 223 NOMINUM
948 178 1045 223 ET
1084 178 1363 225 RERUM.
1449 172 1461 180 ²
1653 175 1754 229 2Βὸ

204 292 357 341 solus
378 300 493 340 cum
508 292 701 342 familia
718 300 939 342 servatus
973 291 1170 355 Nubes,
1219 301 1496 343 castrorum
1534 294 1755 347 Hebrae-

204 359 255 418 Ι,
281 362 405 407 455.
425 359 494 420 H,
518 365 565 408 8.
587 366 698 408 143.
719 360 941 423 agricola
1042 376 1186 409 orum
1213 362 1318 409 dux
1341 361 1384 421 Ι,
1416 366 1528 409 501.

203 426 258 485 Ι,
280 430 399 473 211.
430 432 543 475 300.
572 432 687 477 319.
718 432 834 476 328.
870 428 941 475 vi-
973 428 1186 477 Nuditas
1211 428 1255 488 Ι,
1281 429 1358 477 ⁷7.
1384 430 1499 477 357.
1540 428 1692 476 animi
1711 429 1754 488 1,

206 494 355 541 nitor
372 493 414 554 I,
437 495 551 543 329.
574 500 690 543 350.
712 496 876 544 nudus
893 496 936 555 Ι,
1041 500 1123 543 98.
1160 496 1215 544 in
1249 496 1400 543 domo
1438 495 1480 555 Ι,
1525 495 1603 544 77.
1651 495 1756 545 eius

206 564 336 608 358.
360 576 393 609 a
408 562 524 610 vino
543 562 753 623 resipuit
765 563 807 622 Ι,
820 567 935 611 392.
1042 577 1226 611 causae
1255 562 1298 623 Ι,
1328 566 1444 610 358.
1621 568 1638 575 “’

204 628 355 677 idem
392 629 477 690 qui
507 627 713 677 Graecis
740 630 939 679 Deuca·
972 628 1220 678 Numerus
1233 664 1246 689 ,
1311 629 1474 677 ordini
1509 642 1757 692 congruus

208 694 327 743 lion
343 695 413 755 H,
437 701 551 743 412.
1038 697 1082 757 Ι,
1114 702 1163 745 3.
1203 710 1296 760 par
1323 704 1374 745 et
1397 698 1584 759 impar,
1613 696 1756 745 euius

117 761 372 822 Noema,
394 762 576 811 Tubali
596 777 739 812 soror
753 762 797 823 Ι,
820 768 935 813 248.
1038 764 1114 813 rei
1123 764 1353 826 figuraib.
1377 779 1442 813 ex
1458 770 1602 812 motu
1619 770 1756 813 ortus

122 829 349 880 Nomen
384 830 465 878 dei
500 829 569 891 ΙΙ,
607 835 719 879 152.
774 832 829 878 in
854 846 938 880 va·
1036 831 1082 890 Ι,
1108 836 1185 879 12.
1204 836 1280 879 13.
1306 832 1494 879 mundo
1510 831 1758 894 posterior

209 910 341 944 num
377 910 481 945 non
510 898 867 947 assumendum
890 899 934 959 Ι,
1036 898 1082 958 Ι,
1105 901 1188 947 67.
1221 913 1540 948 numerorum
1559 899 1758 948 initium

211 965 338 1011 497.
376 962 443 1024 11,
480 969 591 1013 194.
624 968 742 1015 270.
788 972 937 1016 tetra-
1040 981 1106 1014 ex
1123 972 1346 1029 tempore
1363 965 1434 1026 ΙΙ,
1453 970 1570 1014 226.

210 1038 535 1093 grammaton
566 1032 637 1094 H,
683 1037 794 1082 155.
848 1049 938 1082 no·
970 1032 1188 1095 Nuptiae
1234 1034 1312 1082 vel
1365 1048 1632 1097 corporum
1678 1032 1756 1081 vel

210 1097 369 1145 minis
444 1100 597 1148 divini
666 1101 937 1163 appellatio
1039 1102 1320 1150 animorum
1352 1100 1421 1161 Π,
1461 1105 1508 1149 5.

211 1171 381 1213 morte
411 1167 662 1229 expianda
684 1168 753 1229 11,
788 1173 899 1217 166.

133 1231 425 1282 Nominum
458 1234 715 1297 impositio
744 1236 937 1284 homini
1333 1215 1396 1267 Ο·

210 1300 380 1363 primo
413 1314 659 1351 concessa
681 1302 724 1364 Ι,
748 1307 829 1351 35.
852 1308 934 1353 69.
974 1299 1276 1351 obedientia
1310 1302 1581 1351 maioribus
1611 1316 1755 1365 prae·

216 1368 335 1416 588.
384 1369 452 1429 H,
490 1374 605 1419 653.
660 1371 935 1433 sapientiae
1040 1369 1220 1417 standa
1237 1368 1306 1429 ΙΙ,
1331 1374 1445 1417 652.

216 1441 269 1484 et
296 1438 605 1487 auctoritatis
632 1445 755 1487 nota
778 1438 822 1499 Ι,
852 1443 932 1487 55.
973 1435 1268 1500 Obiurgatio
1283 1438 1490 1500 prodest
1504 1436 1547 1498 Ι,
1567 1442 1683 1487 454.

216 1505 351 1565 apud
368 1504 548 1555 Mosen
570 1506 837 1556 manifesta
858 1521 935 1556 re·
972 1502 1188 1554 Obseuri
1221 1505 1450 1555 homines
1485 1505 1754 1555 illustrium

213 1584 328 1619 rum
346 1572 617 1621 declaratio
634 1573 677 1633 Ι,
703 1578 817 1623 149.
842 1588 934 1623 no·
1034 1573 1218 1621 aemuli
1243 1573 1312 1633 H,
1343 1578 1454 1622 106.

216 1638 414 1685 minum⁴
474 1640 793 1702 impositores
856 1656 933 1690 sa·
970 1638 1278 1694 obstetrice·
1323 1640 1670 1690 Hebraeorum
1708 1641 1752 1698 Ι,

216 1704 413 1765 pientes
446 1705 515 1763 H,
558 1710 669 1753 186.
1038 1711 1150 1755 135.
1191 1712 1306 1753 491.
1352 1708 1494 1755 euius
1530 1708 1604 1755 rei
1639 1714 1756 1756 sunt

146 1769 422 1819 Nominum
438 1772 740 1820 mutationes
762 1774 931 1835 mysti-
1034 1773 1316 1835 symbolum
1340 1772 1382 1831 Ι,
1413 1775 1528 1821 470.

220 1850 335 1884 eum
347 1836 748 1887 habentsensum
760 1839 801 1898 Ι,
817 1843 930 1889 587.
970 1836 1131 1887 Ocelli
1165 1838 1364 1886 Lucani
1405 1840 1532 1887 liber
1569 1840 1634 1887 de
1667 1854 1754 1887 na-

222 1907 333 1951 588.
388 1918 585 1953 morum
630 1906 932 1954 emendatio·
1032 1912 1148 1953 tura
1169 1905 1387 1952 universi
1413 1905 1483 1965 H,
1514 1910 1628 1955 489.

220 1984 335 2019 nem
352 1970 635 2033 significant
651 1972 694 2032 1,
716 1977 831 2022 589.
968 1970 1116 2022 Oculi
1153 1972 1376 2033 eorporis
1409 1980 1458 2021 et
1483 1973 1680 2022 animae
1707 1972 1750 2034 1,

151 2036 435 2099 Nonaginta
453 2054 633 2088 novem
650 2039 691 2099 I,
715 2042 828 2089 578.
1032 2043 1150 2089 333.
1169 2037 1238 2098 ΙΙ,
1261 2041 1374 2087 607.
1401 2054 1572 2088 eorum
1589 2042 1754 2103 potior

152 2104 316 2154 Nosce
332 2113 381 2154 te
396 2106 564 2168 ipsum
577 2142 591 2167 ,
622 2105 843 2157 Socratis
862 2106 932 2157 ef·
1032 2106 1158 2155 fides
1179 2120 1330 2167 quam
1347 2108 1542 2157 aurium
1567 2108 1609 2168 Ι,
1636 2114 1748 2157 168.

221 2171 374 2219 fatum
391 2174 434 2234 Ι,
458 2178 573 2223 629.
1031 2174 1101 2233 Π,
1124 2177 1240 2221 345.
1276 2172 1548 2223 affectuum
1564 2176 1753 2223 indicia

153 2239 457 2290 Novenarius
494 2256 731 2291 numerus
768 2242 931 2290 inimi-
1030 2241 1102 2300 11,
1116 2245 1325 2290 23.331.
1341 2246 1455 2290 332.
1476 2242 1624 2305 primi
1641 2242 1751 2305 phi·

220 2306 443 2357 eissimus
461 2309 631 2369 1,532.
652 2310 823 2371 generi
840 2310 931 2358 hu·
1030 2307 1294 2370 Iosophiae
1307 2316 1534 2359 auctores
1549 2310 1617 2370 11,
1631 2314 1745 2358 330.

220 2388 365 2425 mano
388 2382 631 2439 cognatus
656 2376 723 2425 ib.
764 2389 931 2426 rerum
966 2374 1188 2439 Oedipus
1211 2375 1280 2435 11,
1302 2381 1417 2425 301.

224 2442 527 2491 sensibilium
544 2444 704 2507 figura
719 2444 763 2505 Ι,
786 2448 899 2493 534.
965 2442 1150 2493 Officia
1185 2444 1354 2491 media
1396 2444 1580 2507 plantis
1615 2445 1744 2493 miti-

157 2509 375 2560 Noverea
397 2510 452 2558 in
476 2526 687 2569 uxorem
712 2526 815 2561 non
840 2512 929 2561 (lu-
1028 2511 1122 2559 bus
1151 2510 1334 2559 similia
1359 2510 1402 2571 Ι,
1424 2516 1538 2559 344.

222 2578 375 2626 eenda
388 2577 459 2638 H,
482 2584 598 2627 302.
963 2578 1075 2629 Olei
1095 2584 1146 2626 et
1164 2578 1266 2625 vini
1283 2592 1404 2627 usus
1429 2580 1492 2627 ad
1519 2582 1740 2643 corporis

160 2644 524 2695 Noviluniorum
558 2646 687 2697 festa
722 2661 821 2709 eur,
852 2649 928 2697 in-
1026 2646 1156 2693 vires
1175 2644 1466 2695 reficiendas
1483 2646 1550 2707 Π,
1570 2652 1685 2695 494.

165 2722 171 2727 ·
224 2714 385 2763 stituta
408 2714 477 2773 H,
498 2718 613 2763 292.
962 2712 1280 2775 Oligarehiae
1289 2715 1617 2777 ettyrannidis
1638 2722 1740 2763 stu-
