2125 3084
316 187 429 237 ,ΠΟ
580 191 774 235 PHIL.
814 189 962 234 IUD.
1004 188 1332 247 QUAEST.
1372 189 1674 243 ET-SOL.
1715 148 1948 249 [1·1,357.]

332 301 434 347 est.
515 290 693 355 Quare
715 307 825 345 non
846 290 1084 344 inaniter
1103 290 1580 361 praegustativum
1599 288 1792 343 dixere
1813 290 1949 361 qui—

332 368 459 420 dam
487 365 801 433 odoratum;
834 373 887 419 et
912 364 1118 419 medici
1145 364 1256 427 eia,
1285 364 1386 433 qui
1408 362 1694 418 doloribus
1715 364 1948 435 pericli-

332 450 541 504 tantur,
572 457 749 526 quum
769 447 1047 511 nequeant
1067 439 1258 493 cibum
1276 438 1435 503 dare,
1465 438 1760 493 odoramen
1781 439 1951 493 exhi-

333 517 511 571 bent..
563 515 626 569 Id
643 516 824 586 primo
851 515 970 570 loco
990 515 1063 568 sit
1085 513 1324 567 dictum.
1397 514 1601 568 Verum
1629 522 1684 568 et
1710 514 1947 568 alterum

332 589 845 663 superaddendum,
913 589 1065 676 quod
1121 590 1264 643 inter
1309 605 1534 642 sensum
1585 590 1839 661 generosi
1891 598 1947 644 et

331 666 654 739 philosophi
675 664 785 719 duo
806 674 961 729 sunt,
993 666 1151 719 visus
1174 671 1228 718 et
1248 662 1498 718 auditus:
1539 664 1735 718 tertius
1758 671 1944 718 autem

331 742 616 817 odoratuS‚
661 739 881 793 medius
910 739 1054 794 inter
1082 739 1255 793 bonos
1277 747 1332 793 et
1349 754 1575 809 pravos;
1621 740 1781 810 pravi
1811 755 1944 793 vero

332 824 463 871 sunt
492 832 662 887 pravo
690 814 945 887 (homini)
976 822 1174 887 gustus
1205 822 1258 867 et
1285 820 1482 867 tactuS.
1564 814 1768 868 Verum
1798 814 1944 868 inter

332 898 567 964 quatuor
596 890 886 961 bipartitos
918 887 1156 976 (sen-sus)
1194 887 1451 942 odoratus
1492 887 1741 943 medium
1770 897 1938 943 tenet:

330 976 613 1035 tamquam
650 964 887 1019 lucidior
920 965 1222 1036 puriorque
1257 971 1425 1037 gustu
1460 972 1514 1018 et
1546 972 1719 1027 tactu,
1776 972 1938 1035 atque

332 1041 583 1096 hebetior
603 1039 919 1111 tardiorque
940 1040 1068 1095 visu
1091 1047 1144 1093 et
1165 1038 1380 1093 auditu.
1434 1038 1802 1105 Quamobrem
1823 1056 1940 1093 me—

334 1116 499 1172 liores
520 1116 735 1188 species
756 1116 924 1169 trium
943 1130 1211 1170 sensuum
1231 1114 1480 1168 attribuit
1507 1112 1798 1186 (Sriptura)
1829 1114 1938 1185 ipsi

333 1208 581 1262 quoque,
622 1192 720 1261 qui
739 1193 988 1244 omnium
1010 1198 1093 1244 est
1112 1190 1330 1261 primus
1350 1189 1638 1261 princeps3
1680 1198 1741 1243 ut
1759 1189 1934 1251 visuS‚

333 1265 555 1337 quando
578 1266 741 1319 dicit:
794 1266 926 1318 Vidit
944 1268 1070 1319 deus
1089 1269 1264 1319 omnia
1283 1282 1415 1333 quae
1431 1270 1577 1333 fecit,
1607 1272 1657 1318 et
1675 1282 1788 1319 ecce
1809 1268 1940 1318 bona

332 1350 454 1395 sunt
487 1344 639 1393 valde
668 1347 819 1407 (Gen.
849 1348 897 1405 1,
928 1346 1040 1406 31);
1097 1347 1150 1392 et
1189 1339 1440 1403 audituS,
1491 1355 1666 1411 quum
1704 1338 1934 1402 dixerit:

334 1412 660 1468 ,auscultavit
677 1418 915 1467 dominus
936 1418 1106 1481 egenis
1128 1421 1334 1481 (Psalm.
1355 1424 1418 1468 69
1445 1419 1576 1484 [68],
1601 1420 1686 1479 34)
1703 1433 1715 1482 ;
1733 1422 1786 1468 et
1805 1414 1941 1469 odo-

337 1496 507 1549 ratuS,
524 1485 745 1541 dicens:
779 1487 1041 1542 Odenatus
1050 1496 1126 1541 est
1135 1492 1372 1544 dominus
1383 1490 1552 1560 (detta)
1566 1494 1624 1543 in
1639 1494 1794 1545 odore
1813 1508 1942 1544 sua-

334 1566 514 1616 vitatis
542 1570 695 1631 (Gen.
724 1572 773 1626 8,
805 1568 919 1628 21).
998 1560 1461 1635 Quandoquidem
1488 1581 1620 1619 vero
1649 1566 1942 1619 summitas

336 1645 419 1691 est
438 1635 618 1691 felicis
639 1637 785 1692 vitae
807 1652 933 1691 cum
953 1636 1057 1691 deo
1078 1638 1389 1693 similitudo
1403 1680 1415 1703 ,
1440 1656 1634 1694 verum
1655 1640 1816 1694 illum
1841 1640 1942 1693 ho-

334 1712 542 1767 minem
564 1711 978 1786 (Abrahamum)
999 1728 1239 1785 aequum
1261 1714 1424 1769 duxit
1437 1756 1450 1778 2
1489 1722 1551 1768 ut
1569 1723 1680 1768 tres
1701 1714 1814 1768 sibi
1836 1714 1943 1769 du·-

336 1797 481 1843 ceret
500 1805 701 1843 uxores
716 1830 729 1854 ,
764 1788 1025 1845 videlicet
1052 1789 1358 1863 symbolice
1378 1791 1611 1845 virtutes
1633 1788 1741 1861 (vel
1765 1788 1942 1844 facul—

334 1865 491 1937 tates)
512 1864 782 1936 quasdam
804 1864 1098 1930 audiendi,
1137 1864 1397 1928 videndi,
1437 1863 1731 1929 odorandi,
1774 1881 1942 1935 supra

334 1942 519 1993 omnia
550 1940 930 1995 admirandas·
989 1940 1249 1996 ancillam
1277 1940 1544 1993 nimirum
1571 1939 1756 2005 illam,
1799 1956 1942 2011 quae

339 2022 561 2068 vocatur
608 2015 907 2070 Chaldaice
957 2016 1104 2085 Aqar
1151 2023 1204 2069 et
1249 2014 1442 2069 Latine
1455 2013 1507 2087 ³¹⁵)
1564 2016 1938 2083 Pereqrinatio,

336 2089 497 2141 cuius
528 2086 678 2142 filius
708 2088 815 2143 fuit
842 2092 1067 2144 Auditus
1099 2093 1209 2153 dei,
1254 2089 1313 2143 id
1343 2090 1491 2143 enim
1530 2097 1612 2143 est
1648 2089 1798 2160 apud
1835 2090 1945 2143 He-

336 2163 529 2216 braeos
569 2158 775 2215 Ismael.
863 2164 1124 2217 Dominae
1165 2173 1347 2218 autem
1397 2166 1517 2219 eius
1562 2162 1752 2236 (filius)
1791 2164 1946 2218 Risus

337 2235 553 2308 (Isaac),
602 2244 885 2306 tamquam
911 2238 1220 2308 spiritualis
1248 2238 1444 2294 oculus
1475 2247 1529 2293 et
1558 2236 1773 2293 lumen:
1815 2256 1946 2293 nam

338 2310 635 2391 laetificum
667 2319 749 2365 est
778 2311 965 2365 lumen
994 2320 1047 2365 et
1073 2313 1256 2377 visuS‚
1299 2314 1446 2369 sicut
1465 2320 1736 2367 moestum
1763 2310 1837 2387 [³¹⁶]
1863 2322 1948 2369 te-

338 2386 539 2441 nebrae
562 2377 615 2441 et'
637 2386 890 2440 caecitas.
970 2387 1152 2441 Tertio
1173 2386 1290 2443 loco
1308 2387 1623 2453 odoratum,
1655 2405 1824 2460 quem
1847 2406 1948 2443 no-

338 2462 572 2515 minavit
596 2464 730 2515 Thus
750 2465 961 2516 adolens
980 2460 1088 2513 sub
1110 2463 1416 2534 aenigmate
1437 2462 1649 2519 dictum
1663 2502 1676 2528 ‚
1721 2480 1751 2517 a
1779 2462 1951 2519 Chal-

340 2534 494 2588 daeis
521 2536 762 2590 Geturam
781 2534 1132 2632 appellatam.

441 2690 484 2735 *)
518 2692 643 2731 Philo
671 2695 823 2735 Graece
849 2696 1142 2744 expresserat,
1179 2695 1393 2746 Interpres
1419 2702 1567 2741 noster
1591 2700 1831 2749 Armeniae,
1872 2715 1953 2743 nos

341 2741 484 2777 autem
502 2740 649 2782 Latine
668 2746 958 2792 exposuimus.
1010 2746 1174 2786 Auch-
