2125 3084
397 160 493 211 ⁴74
622 163 822 209 PHIL.
862 162 1017 209 IUD.
1062 162 1389 218 QUAEs'r.
1427 162 1525 206 ET
1565 164 1724 208 SOL.
1767 158 1854 225 [IL
1881 164 2029 229 361.]
2096 188 2099 195 ⁴

395 274 531 320 ceute
558 268 689 318 bona
731 263 871 335 legis
908 271 1075 332 atque
1111 263 1418 315 sententiae
1445 262 1678 317 historia
1713 275 1798 319 est
1833 282 2024 337 quam

392 339 577 403 utilis,
619 340 677 392 in
706 345 978 408 quantum
1008 342 1169 391 bonus
1193 353 1353 391 senex
1389 338 1599 391 virtute
1633 338 1850 409 pollens
1887 343 2024 397 iure

394 414 619 467 dicitur.
696 414 875 467 Huius
896 412 1046 465 enim
1065 428 1258 465 omnes
1278 413 1473 465 aetatis
1495 408 1876 469 dimensiones
1907 416 2024 471 bo-

393 505 496 543 nae
516 495 645 541 sunt
664 496 718 542 et
736 486 1022 572 optabiles·
1030 488 1425 557 vigentesque,
1469 489 1652 559 magis
1679 504 1848 559 quam
1869 491 2022 546 tiro-

392 565 481 618 nis
502 561 963 632 contemptibilia,
1006 562 1066 614 in
1096 577 1208 631 quo
1238 560 1422 614 adhuc
1447 571 1704 618 crescunt
1723 565 2022 634 cupidita-

394 648 477 693 tes
497 639 760 709 corporis.
840 634 1154 703 Quoniam
1137 652 1197 689 1n
1218 643 1393 689 aetate
1413 636 1646 691 tironica
1665 638 1888 692 nullum
1914 640 2020 695 hic

391 713 615 767 iuvenis
653 728 755 765 nec
792 712 995 766 vitium
1032 727 1138 763 nec
1173 708 1409 765 verbum
1437 727 1616 781 neque
1643 726 1785 782 opus
1821 714 2022 769 voluit

391 788 505 841 sibi
533 787 849 858 permittere
880 793 933 839 et
960 785 1302 856 praeeligere
1337 786 1536 848 vitam,
1579 800 1760 856 neque
1795 787 1887 841 vir
1918 788 2020 842 fa·—

394 872 515 916 ctus
536 860 779 932 pueriles
799 876 1018 931 semper
1038 858 1120 931 (ut
1140 859 1532 931 alii)excitavit
1551 860 2015 917 conturbationes

391 938 655 1006 rixasque
676 943 731 989 et
749 936 1150 989 contentiones:
1194 934 1328 988 hinc
1349 934 1672 989 fortitudine
1691 936 1848 991 virili
1871 952 2014 991 mu-

391 1013 542 1066 nitus
570 1011 630 1065 in
661 1010 845 1064 medio
882 1026 1148 1064 consessu
1186 1026 1412 1064 suarum
1438 1011 1710 1065 virtutum
1745 1010 2010 1065 assidens

391 1103 564 1141 senex
582 1087 641 1140 in
663 1084 932 1158 dignitate
952 1083 1371 1139 constituendus
1391 1085 1482 1139 sit.
1560 1086 1681 1140 Non
1701 1102 1832 1158 ergo
1851 1102 2010 1140 nunc

390 1163 635 1233 primum
684 1161 866 1231 coepit
910 1160 1194 1214 modestus
1241 1175 1364 1213 esse
1411 1175 1475 1213 ac
1522 1168 1764 1215 mentem
1809 1176 2004 1215 sanam

390 1245 695 1308 praestare,
755 1234 978 1305 quando
1015 1251 1117 1305 per
1155 1234 1382 1305 longum
1421 1242 1641 1303 tempus
1679 1234 1907 1290 defuere
1947 1246 2006 1289 et

393 1311 579 1365 abiere
608 1310 745 1363 vitia
784 1310 1153 1372 senescentia,
1206 1308 1306 1363 sed
1341 1309 1472 1379 quia
1507 1309 1708 1380 capitis
1737 1310 1912 1364 instar
1939 1312 2002 1363 in

392 1384 579 1456 effigie
618 1382 897 1454 adaptavit
938 1385 1205 1454 pristinae
1243 1399 1377 1437 suae
1416 1384 1564 1437 vitae
1602 1382 1870 1453 optimam
1910 1383 2002 1439 di-

392 1459 830 1530 gnissimamque
876 1456 1103 1522 faciem,
1177 1474 1346 1529 quam
1373 1458 1546 1511 ·oculi
1591 1460 1835 1529 corporis
1889 1476 1998 1513 non

390 1532 611 1596 vident,
655 1532 863 1588 nitidae
892 1541 1076 1589 tamen
1113 1550 1176 1587 ae
1214 1531 1479 1604 limpidae
1519 1533 1734 1589 animae
1773 1532 1998 1589 edoctae

392 1607 607 1662 suntad
631 1607 955 1663 videndum.

501 1705 786 1769 Caeterum
823 1714 987 1770 valde
1025 1711 1461 1767 additamentum
1499 1728 1722 1783 quoque
1758 1728 1862 1785 ego
1891 1714 1999 1767 mi—

391 1806 505 1853 ror,
550 1790 681 1860 quia
707 1794 917 1859 ple-num
943 1795 1145 1844 dierum
1171 1786 1315 1841 dixit
1354 1803 1508 1849 eum,
1553 1796 1836 1858 tamquam
1866 1805 1997 1842 con-

390 1863 584 1919 sertam
624 1873 931 1921 monstrans
972 1864 1085 1918 viri
1121 1862 1253 1917 boni
1299 1862 1498 1925 vitam,
1561 1861 1784 1926 nullum
1826 1864 1998 1917 relin-

388 1948 593 2009 quente
635 1949 788 2009 patre
827 1941 995 1994 situm
1034 1954 1275 1993 vacuum
1315 1936 1373 1990 in
1413 1944 1594 1990 mente
1638 1937 1781 1990 eius
1801 1939 1892 1992 vel
1938 1939 1996 1991 in

390 2014 575 2081 aliqua
595 2022 749 2082 parte
771 2014 877 2068 ad
862 2030 1177 2087 ingressum
1197 2010 1351 2065 mali.
1394 2012 1514 2065 Non
1533 2012 1682 2065 enim
1703 2028 1992 2078 annorum,

388 2086 489 2139 sed
516 2091 717 2139 dierum
742 2090 951 2153 plenum
985 2088 1131 2142 dixit
1166 2086 1448 2142 hominem
1487 2086 1722 2150 bonum,
1776 2103 1996 2159 semper

390 2160 531 2214 bene
570 2162 828 2214 transacti
866 2163 1130 2233 temporis
1169 2162 1335 2233 spatii
1371 2161 1755 2215 distinctiones
1787 2179 1998 2234 suppo-

387 2252 526 2289 nens
548 2234 653 2289 sub
676 2234 867 2290 divino
889 2235 1121 2290 lumine.
1191 2236 1316 2291 Alio
1337 2236 1536 2290 iterum
1559 2234 1721 2289 modo
1741 2236 1995 2309 singulos

388 2310 509 2365 dies
530 2310 788 2365 distinxit
807 2318 868 2364 ut
887 2311 1191 2383 condignos
1213 2311 1398 2365 studio
1419 2319 1582 2381 atque
1609 2309 1871 2382 diligenti
1899 2330 1996 2366 cu-

386 2404 473 2450 ra,
517 2394 797 2457 tamquam
832 2382 903 2459 [³⁸]
938 2385 1205 2457 obligatio
1242 2402 1533 2439 causarum
1571 2384 1719 2456 apud
1749 2386 1994 2447 rhetores

388 2469 441 2519 et
463 2461 755 2525 iuridicos,
798 2462 1008 2515 ratione
1038 2461 1091 2513 ei
1119 2458 1227 2531 (vel
1260 2460 1360 2531 eis)
1389 2477 1650 2514 concessa
1669 2461 1812 2532 legis
1835 2470 1995 2516 natu-

387 2552 507 2598 rae,
550 2552 786 2606 quorum
815 2536 1204 2607 unusquisque
1232 2532 1300 2586 de
1331 2534 1423 2588 die
1461 2536 1520 2590 in
1547 2532 1728 2599 diem,
1774 2553 1806 2589 a
1834 2554 1994 2591 mane

386 2624 567 2733 :isque
588 2608 656 2662 ad
677 2618 892 2665 noctem
906 2652 918 2675 ‚
958 2620 1011 2665 et
1038 2609 1108 2663 de
1129 2624 1361 2679 vespero
1381 2625 1560 2680 usque
1579 2609 1649 2663 ad
1670 2626 1833 2665 mane
1848 2652 1861 2675 ‚
1903 2622 1994 2667 aut

430 2682 531 2734 ixit
552 2692 643 2738 aut
665 2683 813 2738 fecit.
