2125 3084
336 180 411 243 με
805 181 1176 227 rumonus
1223 180 1495 228 mnAm
1765 176 1829 243 [1,
1856 178 1960 245 απ]

349 281 481 339 litu'r
507 281 882 354 providentia,
924 283 1105 353 posita
1124 281 1341 354 aequali
1363 279 1750 337 distributione
1771 280 1964 339 dono-

346 376 470 413 rum
490 357 705 417 mundi.
737 366 797 412 ut
816 359 887 411 iis
908 366 962 412 et
980 358 1142 428 impii
1164 357 1440 412 fruantur:
1466 364 1518 412 et
1538 356 1960 435 pulcherrimus

344 432 445 489 flos
474 435 634 505 quasi
664 450 763 504 per
797 433 1202 503 corruptionem
1239 431 1487 487 aufertur
1520 432 1666 487 iusto
1704 431 1884 487 iudici
1896 432 1960 507 ³¹⁶)

248 563 255 572 ,
344 518 464 564 tum
479 550 493 573 ‚
516 524 689 581 quum
710 508 923 563 caelum
946 516 999 563 et
1018 517 1160 563 terra
1177 508 1516 563 transierint.
1593 507 1814 563 Etenim
1835 508 1962 563 lae-

345 586 498 639 titiae
527 584 965 654 deliciarumque
994 582 1274 638 iucundus
1304 583 1364 637 in
1390 580 1600 637 mundo
1620 582 1774 637 locus
1795 582 1959 639 aufe-

343 660 520 724 retur,
564 677 735 731 quum
769 658 941 714 iudex
958 659 1016 713 in
1038 658 1397 714 retributione
1418 658 1562 712 iusta
1582 674 1844 713 mensura
1865 676 1958 713 re-

344 736 548 807 pendet
585 735 793 805 iniquis
833 733 1154 790 hominibus
1192 732 1502 789 secundum
1537 732 1955 804 improbitatem

345 828 553 865 eorum.
634 808 924 881 Siquidem
959 810 1059 881 qui
1091 827 1191 881 per
1224 808 1640 879 distributivam
1678 809 1954 864 iustitiam

348 885 553 941 iudicis
581 884 826 941 officium
854 892 1073 939 exercet
1102 885 1268 950 deuS,
1313 902 1419 940 non
1442 883 1740 956 permittit,
1783 894 1846 939 ut
1865 902 1946 949 ea,

345 978 485 1033 quae
514 960 699 1033 dignis
730 960 897 1015 tribui
930 959 1160 1025 debent,
1206 977 1268 1015 ea
1299 961 1460 1033 impii
1494 957 1736 1032 amplius
1764 961 1952 1033 possi-

344 1036 507 1091 deant
525 1054 624 1107 per
642 1037 825 1091 omnia
852 1043 1114 1107 tempora.

458 1148 546 1199 35.
584 1145 704 1199 Erit
718 1162 860 1217 ergo
886 1162 1050 1199 causa
1083 1146 1375 1200 creationis
1405 1146 1601 1201 mundi
1629 1145 1813 1216 ipsius
1857 1145 1944 1200 dei

343 1220 601 1275 creatoris
616 1222 866 1281 ‚creatrix
894 1228 1113 1288 natura3
1167 1220 1444 1292 corruptio
1480 1238 1611 1275 vero
1647 1220 1849 1275 mundi
1885 1238 1946 1275 ac

342 1295 686 1364 consumptio
724 1294 991 1350 referatur
1024 1303 1237 1369 oportet
1265 1294 1336 1350 ad
1370 1296 1634 1351 iudiciale
1664 1296 1756 1350 ius
1794 1295 1946 1351 eius-

342 1370 470 1424 dem
487 1368 578 1423 dei
598 1379 793 1425 cuncta
813 1370 1051 1425 creantis
1065 1410 1080 1437 ‚
1118 1377 1392 1442 quatenus
1419 1388 1593 1442 aequa
1614 1370 1772 1425 lance
1793 1370 1946 1425 iudi-

342 1443 489 1499 cabit
506 1445 709 1500 omnia.
786 1444 1058 1510 Quoniam
1085 1446 1286 1502 stolida
1311 1445 1520 1502 malitia
1548 1446 1708 1518 quasi
1730 1463 1945 1501 veneno

341 1518 616 1578 naturales
637 1520 1021 1591 insipientium
1044 1538 1223 1577 mores
1244 1538 1601 1593 corrumpens
1614 1562 1629 1586 ‚
1662 1519 1836 1575 trahit
1857 1524 1947 1577 iu·-

342 1595 523 1649 dicem
541 1593 614 1648 ad
632 1593 937 1650 vindictam
950 1638 965 1660 ,
1002 1597 1164 1651 illum
1181 1614 1484 1669 provocans
1499 1638 1512 1661 ‚
1541 1606 1604 1651 ut
1623 1598 1772 1651 iusto
1791 1597 1949 1653 iudi-

341 1671 427 1725 cio
456 1670 707 1725 decorem
736 1687 899 1725 suum
928 1672 1136 1727 mundo
1165 1671 1402 1737 auferat,
1452 1681 1616 1743 atquc
1651 1688 1716 1727 eo
1756 1672 1946 1743 ipsum

340 1746 645 1819 pertrahat,
694 1754 758 1801 ut
794 1747 1078 1819 antiquam
1115 1745 1187 1823 [⁴¹⁶]
1221 1747 1376 1802 illam
1403 1747 1626 1819 sibique
1647 1750 1943 1820 propriam

341 1822 739 1878 deformitatem
754 1865 767 1888 ,
798 1822 910 1877 sibi
939 1824 1051 1877 iam
1074 1824 1273 1878 iterum
1291 1822 1631 1878 induendam
1651 1821 1775 1877 es‘se
1798 1832 1943 1879 certo

339 1901 502 1955 sciat:
540 1898 990 1971 quandoquidem
1006 1898 1268 1953 decorum
1294 1899 1388 1953 illi·
1399 1897 1646 1963 uidetur,
1681 1899 1732 1951 si
1752 1915 1944 1953 corru-

338 1985 487 2046 ptam
526 1975 679 2029 illam
727 1983 889 2046 atque
929 1973 1214 2028 infandam
1255 1973 1610 2030 scelestorum
1649 1972 1938 2029 hominum

338 2051 509 2105 vitam
530 2050 639 2116 alat
656 2058 819 2122 atque
846 2049 1198 2121 cupiditates,

452 2179 536 2230 36.
577 2176 695 2229 Non
727 2176 874 2229 enim
902 2174 1097 2229 oculus
1136 2172 1428 2229 tribunalis
1463 2170 1708 2245 (iudicis)
1747 2172 1943 2226 incen-

340 2250 492 2306 dium
522 2252 737 2305 animae
766 2249 1082 2304 combustae
1113 2248 1337 2305 lascivis
1363 2246 1781 2323 immundisque
1803 2246 1946 2301 faci-

338 2328 565 2383 noribus
584 2325 845 2397 negligit:
878 2325 978 2379 sed
998 2325 1184 2397 potius
1199 2366 1212 2391 ,
1247 2342 1396 2383 more
1417 2324 1589 2395 patris
1609 2322 1754 2377 filios
1775 2323 1946 2379 insti-

338 2403 569 2466 tuentis,
599 2400 762 2455 modo
782 2401 1004 2465 timore,
1036 2399 1197 2455 modo
1217 2399 1377 2456 donis
1397 2397 1748 2471 ingentibuS,
1783 2398 1948 2451 novit

336 2476 609 2549 impedire
636 2492 699 2531 ea
728 2492 921 2547 opera,
970 2492 1111 2547 quae
1141 2476 1332 2547 iniqua
1361 2481 1490 2529 sunt
1519 2481 1682 2544 atque
1713 2472 1949 2527 exorbi-

277 2550 289 2563 ”
337 2554 525 2607 tantia.
582 2551 770 2622 Atqui
796 2550 1053 2605 dissoluti
1077 2552 1299 2607 omnino
1319 2558 1448 2605 sunt
1465 2549 1676 2605 molitio
1697 2548 1949 2603 caduca-

436 2690 477 2735 ·)
521 2690 601 2727 Vel
627 2692 791 2737 potins:
838 2702 865 2729 a
890 2692 997 2730 iusto
1023 2692 1176 2737 iudice,
1217 2702 1279 2731 sc.
1307 2702 1390 2740 per
1419 2693 1571 2731 iustum
1604 2690 1796 2729 iudicem.
1845 2688 1947 2731 Ve-

334 2748 429 2777 rum
458 2744 561 2778 tnnc
592 2739 735 2787 aliqua.
760 2741 908 2781 deesse
938 2743 983 2781 in
1012 2744 1255 2790 praemissis
1285 2743 1511 2782 dicendum
1541 2742 1636 2781 erit.
1688 2740 1855 2783 Ancb.
