<?xml version="1.0" encoding="UTF-8"?>
<!DOCTYPE html PUBLIC "-//W3C//DTD XHTML 1.0 Transitional//EN"
    "http://www.w3.org/TR/xhtml1/DTD/xhtml1-transitional.dtd">
<html xmlns="http://www.w3.org/1999/xhtml" xml:lang="en" lang="en">
 <head>
  <title>
</title>
<meta http-equiv="Content-Type" content="text/html;charset=utf-8" />
  <meta name='ocr-system' content='tesseract 3.04.00' />
  <meta name='ocr-capabilities' content='ocr_page ocr_carea ocr_par ocr_line ocrx_word'/>
</head>
<body>
  <div class='ocr_page' id='page_1' title='image "./philonisiudaeio00alejgoog_0117.png"; bbox 0 0 2125 3084; ppageno 0'>
   <div class='ocr_carea' id='block_1_1' title="bbox 318 191 1922 257">
    <p class='ocr_par' dir='ltr' id='par_1_1' title="bbox 318 191 1922 257">
     <span class='ocr_line' id='line_1_1' title="bbox 318 191 1922 257; baseline -0.001 -15"><span class='ocrx_word' id='word_1_1' title='bbox 318 193 409 243; x_wconf 66' lang='grc'><strong>100</strong></span> <span class='ocrx_word' id='word_1_2' title='bbox 546 194 746 240; x_wconf 90' lang='lat' dir='ltr'>PHIL.</span> <span class='ocrx_word' id='word_1_3' title='bbox 788 195 933 239; x_wconf 90' lang='lat' dir='ltr'>IUD.</span> <span class='ocrx_word' id='word_1_4' title='bbox 974 195 1299 251; x_wconf 78' lang='lat' dir='ltr'><strong>QUAEST.</strong></span> <span class='ocrx_word' id='word_1_5' title='bbox 1337 196 1435 239; x_wconf 91' lang='lat' dir='ltr'><strong>ET</strong></span> <span class='ocrx_word' id='word_1_6' title='bbox 1485 195 1642 239; x_wconf 87' lang='lat' dir='ltr'><strong>SOL.</strong></span> <span class='ocrx_word' id='word_1_7' title='bbox 1687 191 1922 257; x_wconf 82' lang='lat'>[11‚281.]</span> 
     </span>
    </p>
   </div>
   <div class='ocr_carea' id='block_1_2' title="bbox 310 293 1925 889">
    <p class='ocr_par' dir='ltr' id='par_1_2' title="bbox 310 293 1925 889">
     <span class='ocr_line' id='line_1_2' title="bbox 310 293 1923 365; baseline 0.001 -15"><span class='ocrx_word' id='word_1_8' title='bbox 310 313 413 351; x_wconf 76' lang='lat' dir='ltr'><strong>non</strong></span> <span class='ocrx_word' id='word_1_9' title='bbox 440 304 582 348; x_wconf 78' lang='lat' dir='ltr'><strong>stare</strong></span> <span class='ocrx_word' id='word_1_10' title='bbox 608 299 664 347; x_wconf 78' lang='lat' dir='ltr'><strong>in</strong></span> <span class='ocrx_word' id='word_1_11' title='bbox 690 299 888 349; x_wconf 73' lang='lat' dir='ltr'><strong>cunctis</strong></span> <span class='ocrx_word' id='word_1_12' title='bbox 912 298 1124 363; x_wconf 72' lang='lat' dir='ltr'><strong>finibus,</strong></span> <span class='ocrx_word' id='word_1_13' title='bbox 1152 302 1285 365; x_wconf 88' lang='lat' dir='ltr'><strong>puta</strong></span> <span class='ocrx_word' id='word_1_14' title='bbox 1313 293 1689 349; x_wconf 89' lang='lat' dir='ltr'><strong>intellectum</strong></span> <span class='ocrx_word' id='word_1_15' title='bbox 1673 312 1732 348; x_wconf 85' lang='lat' dir='ltr'><strong>in</strong></span> <span class='ocrx_word' id='word_1_16' title='bbox 1754 313 1923 351; x_wconf 90' lang='lat' dir='ltr'><strong>carne</strong></span> 
     </span>
     <span class='ocr_line' id='line_1_3' title="bbox 312 368 1925 441; baseline 0 -16"><span class='ocrx_word' id='word_1_17' title='bbox 312 369 402 425; x_wconf 80' lang='lat' dir='ltr'><strong>vel</strong></span> <span class='ocrx_word' id='word_1_18' title='bbox 426 368 711 423; x_wconf 84' lang='lat' dir='ltr'><strong>affectibus</strong></span> <span class='ocrx_word' id='word_1_19' title='bbox 733 370 925 423; x_wconf 88' lang='lat' dir='ltr'><strong>animi.</strong></span> <span class='ocrx_word' id='word_1_20' title='bbox 1002 370 1146 423; x_wconf 85' lang='lat' dir='ltr'>Dicit</span> <span class='ocrx_word' id='word_1_21' title='bbox 1166 386 1322 441; x_wconf 80' lang='lat' dir='ltr'><strong>ergo:</strong></span> <span class='ocrx_word' id='word_1_22' title='bbox 1367 368 1428 423; x_wconf 92' lang='lat' dir='ltr'><strong>Si</strong></span> <span class='ocrx_word' id='word_1_23' title='bbox 1449 370 1564 432; x_wconf 84' lang='lat' dir='ltr'><strong>vis,</strong></span> <span class='ocrx_word' id='word_1_24' title='bbox 1588 378 1726 433; x_wconf 90' lang='lat' dir='ltr'><strong>otu,</strong></span> <span class='ocrx_word' id='word_1_25' title='bbox 1755 387 1925 425; x_wconf 88' lang='lat' dir='ltr'><strong>mun—</strong></span> 
     </span>
     <span class='ocr_line' id='line_1_4' title="bbox 314 440 1922 514; baseline 0.001 -16"><span class='ocrx_word' id='word_1_26' title='bbox 314 443 401 499; x_wconf 92' lang='lat' dir='ltr'><strong>dis</strong></span> <span class='ocrx_word' id='word_1_27' title='bbox 432 461 552 497; x_wconf 89' lang='lat' dir='ltr'><strong>esse</strong></span> <span class='ocrx_word' id='word_1_28' title='bbox 584 440 859 507; x_wconf 74' lang='lat' dir='ltr'><strong>moribu8‚</strong></span> <span class='ocrx_word' id='word_1_29' title='bbox 910 442 1025 499; x_wconf 92' lang='lat' dir='ltr'><strong>noli</strong></span> <span class='ocrx_word' id='word_1_30' title='bbox 1053 452 1196 497; x_wconf 89' lang='lat' dir='ltr'><strong>stare</strong></span> <span class='ocrx_word' id='word_1_31' title='bbox 1223 460 1405 514; x_wconf 86' lang='lat' dir='ltr'><strong>neque</strong></span> <span class='ocrx_word' id='word_1_32' title='bbox 1433 444 1494 497; x_wconf 93' lang='lat' dir='ltr'><strong>in</strong></span> <span class='ocrx_word' id='word_1_33' title='bbox 1519 460 1629 497; x_wconf 93' lang='lat' dir='ltr'><strong>uno</strong></span> <span class='ocrx_word' id='word_1_34' title='bbox 1652 444 1770 499; x_wconf 92' lang='lat' dir='ltr'><strong>loco</strong></span> <span class='ocrx_word' id='word_1_35' title='bbox 1790 444 1922 500; x_wconf 86' lang='lat' dir='ltr'><strong>finis</strong></span> 
     </span>
     <span class='ocr_line' id='line_1_5' title="bbox 312 518 1922 589; baseline 0.001 -16"><span class='ocrx_word' id='word_1_36' title='bbox 312 520 511 581; x_wconf 83' lang='lat' dir='ltr'><strong>huiuS,</strong></span> <span class='ocrx_word' id='word_1_37' title='bbox 555 518 653 572; x_wconf 85' lang='lat' dir='ltr'><strong>sed</strong></span> <span class='ocrx_word' id='word_1_38' title='bbox 680 519 870 572; x_wconf 85' lang='lat' dir='ltr'><strong>omitte</strong></span> <span class='ocrx_word' id='word_1_39' title='bbox 894 519 1108 581; x_wconf 91' lang='lat' dir='ltr'><strong>omnia,</strong></span> <span class='ocrx_word' id='word_1_40' title='bbox 1150 526 1336 589; x_wconf 81' lang='lat' dir='ltr'><strong>utpote</strong></span> <span class='ocrx_word' id='word_1_41' title='bbox 1358 519 1466 572; x_wconf 89' lang='lat' dir='ltr'><strong>cito</strong></span> <span class='ocrx_word' id='word_1_42' title='bbox 1486 519 1654 572; x_wconf 87' lang='lat' dir='ltr'><strong>citius</strong></span> <span class='ocrx_word' id='word_1_43' title='bbox 1673 526 1922 574; x_wconf 82' lang='lat' dir='ltr'><strong>transeas</strong></span> 
     </span>
     <span class='ocr_line' id='line_1_6' title="bbox 313 592 1925 666; baseline 0.001 -19"><span class='ocrx_word' id='word_1_44' title='bbox 313 610 412 666; x_wconf 91' lang='lat' dir='ltr'><strong>per</strong></span> <span class='ocrx_word' id='word_1_45' title='bbox 430 609 591 647; x_wconf 90' lang='lat' dir='ltr'><strong>omne</strong></span> <span class='ocrx_word' id='word_1_46' title='bbox 613 593 895 656; x_wconf 88' lang='lat' dir='ltr'><strong>damnum,</strong></span> <span class='ocrx_word' id='word_1_47' title='bbox 921 609 1031 663; x_wconf 90' lang='lat' dir='ltr'><strong>quo</strong></span> <span class='ocrx_word' id='word_1_48' title='bbox 1052 608 1210 646; x_wconf 89' lang='lat' dir='ltr'><strong>mens</strong></span> <span class='ocrx_word' id='word_1_49' title='bbox 1233 592 1469 647; x_wconf 83' lang='lat' dir='ltr'><strong>laeditur</strong></span> <span class='ocrx_word' id='word_1_50' title='bbox 1490 610 1520 646; x_wconf 91' lang='lat' dir='ltr'><strong>a</strong></span> <span class='ocrx_word' id='word_1_51' title='bbox 1539 609 1702 647; x_wconf 88' lang='lat' dir='ltr'><strong>carne</strong></span> <span class='ocrx_word' id='word_1_52' title='bbox 1723 595 1925 666; x_wconf 79' lang='lat' dir='ltr'><strong>singu-</strong></span> 
     </span>
     <span class='ocr_line' id='line_1_7' title="bbox 315 665 1924 740; baseline 0 -18"><span class='ocrx_word' id='word_1_53' title='bbox 315 668 497 740; x_wconf 88' lang='lat' dir='ltr'><strong>lisque</strong></span> <span class='ocrx_word' id='word_1_54' title='bbox 516 669 637 722; x_wconf 87' lang='lat' dir='ltr'><strong>eius</strong></span> <span class='ocrx_word' id='word_1_55' title='bbox 658 668 937 722; x_wconf 78' lang='lat' dir='ltr'><strong>sensibus,</strong></span> <span class='ocrx_word' id='word_1_56' title='bbox 1018 665 1349 739; x_wconf 85' lang='lat' dir='ltr'><strong>Quicunque</strong></span> <span class='ocrx_word' id='word_1_57' title='bbox 1377 683 1508 721; x_wconf 89' lang='lat' dir='ltr'><strong>vero</strong></span> <span class='ocrx_word' id='word_1_58' title='bbox 1526 674 1772 737; x_wconf 87' lang='lat' dir='ltr'><strong>perstant</strong></span> <span class='ocrx_word' id='word_1_59' title='bbox 1791 685 1924 722; x_wconf 90' lang='lat' dir='ltr'><strong>cum</strong></span> 
     </span>
     <span class='ocr_line' id='line_1_8' title="bbox 311 741 1925 813; baseline 0 -16"><span class='ocrx_word' id='word_1_60' title='bbox 311 744 430 798; x_wconf 87' lang='lat' dir='ltr'><strong>illis</strong></span> <span class='ocrx_word' id='word_1_61' title='bbox 460 752 515 797; x_wconf 91' lang='lat' dir='ltr'><strong>et</strong></span> <span class='ocrx_word' id='word_1_62' title='bbox 544 743 842 797; x_wconf 81' lang='lat' dir='ltr'><strong>adhaerent</strong></span> <span class='ocrx_word' id='word_1_63' title='bbox 871 743 951 796; x_wconf 91' lang='lat' dir='ltr'><strong>eis</strong></span> <span class='ocrx_word' id='word_1_64' title='bbox 978 743 1255 806; x_wconf 83' lang='lat' dir='ltr'><strong>moribus,</strong></span> <span class='ocrx_word' id='word_1_65' title='bbox 1289 759 1390 813; x_wconf 88' lang='lat' dir='ltr'><strong>per</strong></span> <span class='ocrx_word' id='word_1_66' title='bbox 1407 758 1467 797; x_wconf 87' lang='lat' dir='ltr'><strong>se</strong></span> <span class='ocrx_word' id='word_1_67' title='bbox 1488 741 1718 806; x_wconf 89' lang='lat' dir='ltr'><strong>cadunt,</strong></span> <span class='ocrx_word' id='word_1_68' title='bbox 1752 750 1813 797; x_wconf 89' lang='lat' dir='ltr'><strong>ut</strong></span> <span class='ocrx_word' id='word_1_69' title='bbox 1832 744 1925 797; x_wconf 87' lang='lat' dir='ltr'><strong>in-</strong></span> 
     </span>
     <span class='ocr_line' id='line_1_9' title="bbox 315 818 1332 889; baseline -0.003 -16"><span class='ocrx_word' id='word_1_70' title='bbox 315 820 551 874; x_wconf 84' lang='lat' dir='ltr'><strong>nitentes</strong></span> <span class='ocrx_word' id='word_1_71' title='bbox 576 826 969 889; x_wconf 83' lang='lat' dir='ltr'><strong>sperantesque</strong></span> <span class='ocrx_word' id='word_1_72' title='bbox 991 818 1048 872; x_wconf 90' lang='lat' dir='ltr'><strong>in</strong></span> <span class='ocrx_word' id='word_1_73' title='bbox 1071 826 1332 873; x_wconf 62' lang='lat' dir='ltr'><strong>mortuos</strong></span> 
     </span>
    </p>
   </div>
   <div class='ocr_carea' id='block_1_3' title="bbox 353 1016 1892 1151">
    <p class='ocr_par' dir='ltr' id='par_1_3' title="bbox 353 1016 1892 1151">
     <span class='ocr_line' id='line_1_10' title="bbox 353 1016 1892 1083; baseline 0 -16"><span class='ocrx_word' id='word_1_74' title='bbox 353 1018 427 1083; x_wconf 60' lang='lat'><strong>[³]</strong></span> <span class='ocrx_word' id='word_1_75' title='bbox 474 1017 605 1074; x_wconf 76' lang='lat' dir='ltr'><strong>Quid</strong></span> <span class='ocrx_word' id='word_1_76' title='bbox 637 1028 706 1067; x_wconf 73' lang='lat' dir='ltr'><strong>est</strong></span> <span class='ocrx_word' id='word_1_77' title='bbox 740 1018 848 1081; x_wconf 79' lang='lat' dir='ltr'><strong>„In</strong></span> <span class='ocrx_word' id='word_1_78' title='bbox 881 1028 1082 1067; x_wconf 75' lang='lat' dir='ltr'><strong>montem</strong></span> <span class='ocrx_word' id='word_1_79' title='bbox 1113 1018 1326 1079; x_wconf 77' lang='lat' dir='ltr'><strong>salvare,</strong></span> <span class='ocrx_word' id='word_1_80' title='bbox 1365 1033 1423 1066; x_wconf 79' lang='lat' dir='ltr'><strong>ne</strong></span> <span class='ocrx_word' id='word_1_81' title='bbox 1444 1018 1582 1082; x_wconf 80' lang='lat' dir='ltr'><strong>forte</strong></span> <span class='ocrx_word' id='word_1_82' title='bbox 1615 1016 1756 1067; x_wconf 72' lang='lat' dir='ltr'><strong>simul</strong></span> <span class='ocrx_word' id='word_1_83' title='bbox 1787 1035 1892 1067; x_wconf 76' lang='lat' dir='ltr'><strong>cum</strong></span> 
     </span>
     <span class='ocr_line' id='line_1_11' title="bbox 484 1085 1750 1151; baseline 0 -16"><span class='ocrx_word' id='word_1_84' title='bbox 484 1086 577 1135; x_wconf 77' lang='lat' dir='ltr'><strong>illis</strong></span> <span class='ocrx_word' id='word_1_85' title='bbox 612 1088 680 1149; x_wconf 77' lang='grc' dir='ltr'><strong>(ε.</strong></span> <span class='ocrx_word' id='word_1_86' title='bbox 719 1086 769 1136; x_wconf 80' lang='lat' dir='ltr'><strong>in</strong></span> <span class='ocrx_word' id='word_1_87' title='bbox 802 1086 925 1148; x_wconf 75' lang='lat' dir='ltr'><strong>illis)</strong></span> <span class='ocrx_word' id='word_1_88' title='bbox 962 1085 1452 1151; x_wconf 53' lang='lat' dir='ltr'><strong>comprehendar-iffi?</strong></span> <span class='ocrx_word' id='word_1_89' title='bbox 1493 1087 1597 1149; x_wconf 83' lang='lat'><strong>(19,</strong></span> <span class='ocrx_word' id='word_1_90' title='bbox 1645 1087 1750 1147; x_wconf 84' lang='lat'>17.)</span> 
     </span>
    </p>
   </div>
   <div class='ocr_carea' id='block_1_4' title="bbox 317 1220 1936 2629">
    <p class='ocr_par' dir='ltr' id='par_1_4' title="bbox 317 1220 1936 2621">
     <span class='ocr_line' id='line_1_12' title="bbox 428 1220 1924 1292; baseline -0.001 -16"><span class='ocrx_word' id='word_1_91' title='bbox 428 1225 513 1276; x_wconf 78' lang='lat'><strong>46.</strong></span> <span class='ocrx_word' id='word_1_92' title='bbox 564 1223 769 1275; x_wconf 88' lang='lat' dir='ltr'><strong>Littera</strong></span> <span class='ocrx_word' id='word_1_93' title='bbox 797 1220 1038 1275; x_wconf 87' lang='lat' dir='ltr'><strong>ostendit</strong></span> <span class='ocrx_word' id='word_1_94' title='bbox 1071 1220 1384 1275; x_wconf 88' lang='lat' dir='ltr'><strong>humilioris</strong></span> <span class='ocrx_word' id='word_1_95' title='bbox 1414 1220 1596 1291; x_wconf 91' lang='lat' dir='ltr'><strong>campi</strong></span> <span class='ocrx_word' id='word_1_96' title='bbox 1616 1221 1924 1292; x_wconf 89' lang='lat' dir='ltr'><strong>corruptio-</strong></span> 
     </span>
     <span class='ocr_line' id='line_1_13' title="bbox 319 1294 1925 1367; baseline -0.001 -17"><span class='ocrx_word' id='word_1_97' title='bbox 319 1313 444 1350; x_wconf 85' lang='lat' dir='ltr'><strong>nem</strong></span> <span class='ocrx_word' id='word_1_98' title='bbox 475 1294 775 1367; x_wconf 84' lang='lat' dir='ltr'><strong>(futuram).</strong></span> <span class='ocrx_word' id='word_1_99' title='bbox 856 1294 941 1348; x_wconf 91' lang='lat' dir='ltr'><strong>Ad</strong></span> <span class='ocrx_word' id='word_1_100' title='bbox 970 1303 1212 1349; x_wconf 85' lang='lat' dir='ltr'><strong>mentem</strong></span> <span class='ocrx_word' id='word_1_101' title='bbox 1241 1312 1370 1351; x_wconf 85' lang='lat' dir='ltr'><strong>vero</strong></span> <span class='ocrx_word' id='word_1_102' title='bbox 1401 1295 1622 1349; x_wconf 87' lang='lat' dir='ltr'><strong>videtur</strong></span> <span class='ocrx_word' id='word_1_103' title='bbox 1651 1295 1789 1349; x_wconf 90' lang='lat' dir='ltr'><strong>haec</strong></span> <span class='ocrx_word' id='word_1_104' title='bbox 1825 1296 1925 1349; x_wconf 91' lang='lat' dir='ltr'><strong>de-</strong></span> 
     </span>
     <span class='ocr_line' id='line_1_14' title="bbox 318 1369 1927 1443; baseline 0.001 -20"><span class='ocrx_word' id='word_1_105' title='bbox 318 1373 560 1441; x_wconf 81' lang='lat' dir='ltr'><strong>signare</strong></span> <span class='ocrx_word' id='word_1_106' title='bbox 659 1369 1011 1439; x_wconf 80' lang='lat' dir='ltr'><strong>Superiorem</strong></span> <span class='ocrx_word' id='word_1_107' title='bbox 1061 1370 1213 1424; x_wconf 88' lang='lat' dir='ltr'><strong>viam</strong></span> <span class='ocrx_word' id='word_1_108' title='bbox 1261 1386 1435 1441; x_wconf 91' lang='lat' dir='ltr'><strong>quum</strong></span> <span class='ocrx_word' id='word_1_109' title='bbox 1483 1371 1715 1442; x_wconf 83' lang='lat' dir='ltr'><strong>incipiat</strong></span> <span class='ocrx_word' id='word_1_110' title='bbox 1763 1387 1927 1443; x_wconf 82' lang='lat' dir='ltr'><strong>agere</strong></span> 
     </span>
     <span class='ocr_line' id='line_1_15' title="bbox 318 1441 1927 1515; baseline 0.001 -18"><span class='ocrx_word' id='word_1_111' title='bbox 318 1461 504 1506; x_wconf 77' lang='lat' dir='ltr'><strong>menS,</strong></span> <span class='ocrx_word' id='word_1_112' title='bbox 548 1443 744 1497; x_wconf 87' lang='lat' dir='ltr'><strong>melior</strong></span> <span class='ocrx_word' id='word_1_113' title='bbox 771 1441 1023 1498; x_wconf 89' lang='lat' dir='ltr'><strong>redditur</strong></span> <span class='ocrx_word' id='word_1_114' title='bbox 1041 1444 1397 1515; x_wconf 84' lang='lat' dir='ltr'><strong>proficitque,</strong></span> <span class='ocrx_word' id='word_1_115' title='bbox 1443 1446 1674 1499; x_wconf 87' lang='lat' dir='ltr'><strong>terrenis</strong></span> <span class='ocrx_word' id='word_1_116' title='bbox 1695 1453 1749 1499; x_wconf 88' lang='lat' dir='ltr'><strong>et</strong></span> <span class='ocrx_word' id='word_1_117' title='bbox 1769 1446 1927 1499; x_wconf 81' lang='lat' dir='ltr'><strong>infir-</strong></span> 
     </span>
     <span class='ocr_line' id='line_1_16' title="bbox 317 1516 1928 1593; baseline 0.001 -21"><span class='ocrx_word' id='word_1_118' title='bbox 317 1518 425 1572; x_wconf 91' lang='lat' dir='ltr'><strong>mis</strong></span> <span class='ocrx_word' id='word_1_119' title='bbox 449 1516 757 1583; x_wconf 66' lang='lat' dir='ltr'><strong>derelictis»,</strong></span> <span class='ocrx_word' id='word_1_120' title='bbox 790 1518 997 1590; x_wconf 87' lang='lat' dir='ltr'><strong>quibus</strong></span> <span class='ocrx_word' id='word_1_121' title='bbox 1016 1518 1400 1590; x_wconf 89' lang='lat' dir='ltr'><strong>obsequuntur</strong></span> <span class='ocrx_word' id='word_1_122' title='bbox 1423 1520 1586 1574; x_wconf 90' lang='lat' dir='ltr'><strong>avide</strong></span> <span class='ocrx_word' id='word_1_123' title='bbox 1605 1519 1928 1593; x_wconf 88' lang='lat' dir='ltr'><strong>indiscipli-</strong></span> 
     </span>
     <span class='ocr_line' id='line_1_17' title="bbox 318 1592 1928 1659; baseline 0.001 -12"><span class='ocrx_word' id='word_1_124' title='bbox 318 1594 455 1648; x_wconf 87' lang='lat' dir='ltr'><strong>nati.</strong></span> <span class='ocrx_word' id='word_1_125' title='bbox 536 1592 644 1659; x_wconf 86' lang='lat' dir='ltr'><strong>Qui</strong></span> <span class='ocrx_word' id='word_1_126' title='bbox 663 1610 793 1648; x_wconf 89' lang='lat' dir='ltr'><strong>vero</strong></span> <span class='ocrx_word' id='word_1_127' title='bbox 816 1593 885 1647; x_wconf 90' lang='lat' dir='ltr'><strong>ad</strong></span> <span class='ocrx_word' id='word_1_128' title='bbox 906 1594 1098 1650; x_wconf 88' lang='lat' dir='ltr'><strong>altiora</strong></span> <span class='ocrx_word' id='word_1_129' title='bbox 1117 1595 1392 1659; x_wconf 87' lang='lat' dir='ltr'><strong>elevatur,</strong></span> <span class='ocrx_word' id='word_1_130' title='bbox 1427 1595 1729 1650; x_wconf 89' lang='lat' dir='ltr'><strong>ascendens</strong></span> <span class='ocrx_word' id='word_1_131' title='bbox 1782 1595 1928 1649; x_wconf 88' lang='lat' dir='ltr'><strong>levi-</strong></span> 
     </span>
     <span class='ocr_line' id='line_1_18' title="bbox 318 1669 1930 1758; baseline 0.001 -36"><span class='ocrx_word' id='word_1_132' title='bbox 318 1677 429 1723; x_wconf 87' lang='lat' dir='ltr'><strong>tate</strong></span> <span class='ocrx_word' id='word_1_133' title='bbox 453 1677 675 1741; x_wconf 86' lang='lat' dir='ltr'><strong>accepta</strong></span> <span class='ocrx_word' id='word_1_134' title='bbox 697 1670 1076 1742; x_wconf 84' lang='lat' dir='ltr'><strong>circumspicit</strong></span> <span class='ocrx_word' id='word_1_135' title='bbox 1097 1669 1439 1758; x_wconf 80' lang='lat' dir='ltr'><strong>attenditque</strong></span> <span class='ocrx_word' id='word_1_136' title='bbox 1461 1686 1542 1735; x_wconf 89' lang='lat' dir='ltr'><strong>ea,</strong></span> <span class='ocrx_word' id='word_1_137' title='bbox 1557 1687 1699 1741; x_wconf 90' lang='lat' dir='ltr'><strong>quae</strong></span> <span class='ocrx_word' id='word_1_138' title='bbox 1721 1671 1782 1724; x_wconf 91' lang='lat' dir='ltr'><strong>in</strong></span> <span class='ocrx_word' id='word_1_139' title='bbox 1805 1672 1930 1725; x_wconf 87' lang='lat' dir='ltr'><strong>ae&#39;re</strong></span> 
     </span>
     <span class='ocr_line' id='line_1_19' title="bbox 320 1745 1930 1817; baseline 0 -19"><span class='ocrx_word' id='word_1_140' title='bbox 320 1752 451 1798; x_wconf 90' lang='lat' dir='ltr'><strong>sunt</strong></span> <span class='ocrx_word' id='word_1_141' title='bbox 472 1753 525 1800; x_wconf 90' lang='lat' dir='ltr'><strong>et</strong></span> <span class='ocrx_word' id='word_1_142' title='bbox 546 1745 793 1810; x_wconf 86' lang='lat' dir='ltr'><strong>aethere,</strong></span> <span class='ocrx_word' id='word_1_143' title='bbox 839 1754 1003 1817; x_wconf 88' lang='lat' dir='ltr'><strong>atque</strong></span> <span class='ocrx_word' id='word_1_144' title='bbox 1024 1746 1333 1805; x_wconf 85' lang='lat' dir='ltr'><strong>universim</strong></span> <span class='ocrx_word' id='word_1_145' title='bbox 1355 1753 1530 1799; x_wconf 91' lang='lat' dir='ltr'><strong>totum</strong></span> <span class='ocrx_word' id='word_1_146' title='bbox 1551 1745 1794 1808; x_wconf 90' lang='lat' dir='ltr'><strong>caelum,</strong></span> <span class='ocrx_word' id='word_1_147' title='bbox 1829 1763 1930 1799; x_wconf 89' lang='lat' dir='ltr'><strong>na-</strong></span> 
     </span>
     <span class='ocr_line' id='line_1_20' title="bbox 318 1819 1931 1893; baseline 0.001 -20"><span class='ocrx_word' id='word_1_148' title='bbox 318 1829 500 1875; x_wconf 87' lang='lat' dir='ltr'><strong>turam</strong></span> <span class='ocrx_word' id='word_1_149' title='bbox 523 1829 813 1893; x_wconf 89' lang='lat' dir='ltr'><strong>motusque</strong></span> <span class='ocrx_word' id='word_1_150' title='bbox 834 1823 983 1887; x_wconf 88' lang='lat' dir='ltr'><strong>eius,</strong></span> <span class='ocrx_word' id='word_1_151' title='bbox 1023 1822 1338 1877; x_wconf 89' lang='lat' dir='ltr'><strong>harmonias</strong></span> <span class='ocrx_word' id='word_1_152' title='bbox 1359 1828 1412 1874; x_wconf 91' lang='lat' dir='ltr'><strong>et</strong></span> <span class='ocrx_word' id='word_1_153' title='bbox 1433 1819 1752 1884; x_wconf 53' lang='lat' dir='ltr'><strong>affinitatem</strong></span> <span class='ocrx_word' id='word_1_154' title='bbox 1787 1836 1931 1891; x_wconf 88' lang='lat' dir='ltr'><strong>qua-</strong></span> 
     </span>
     <span class='ocr_line' id='line_1_21' title="bbox 320 1894 1931 1961; baseline -0.001 -12"><span class='ocrx_word' id='word_1_155' title='bbox 320 1903 481 1951; x_wconf 88' lang='lat' dir='ltr'><strong>tenus</strong></span> <span class='ocrx_word' id='word_1_156' title='bbox 505 1896 818 1953; x_wconf 84' lang='lat' dir='ltr'><strong>referuntur</strong></span> <span class='ocrx_word' id='word_1_157' title='bbox 838 1897 909 1952; x_wconf 92' lang='lat' dir='ltr'><strong>ad</strong></span> <span class='ocrx_word' id='word_1_158' title='bbox 934 1915 994 1952; x_wconf 89' lang='lat' dir='ltr'><strong>se</strong></span> <span class='ocrx_word' id='word_1_159' title='bbox 1025 1899 1296 1961; x_wconf 89' lang='lat' dir='ltr'><strong>invicem,</strong></span> <span class='ocrx_word' id='word_1_160' title='bbox 1341 1902 1395 1949; x_wconf 87' lang='lat' dir='ltr'><strong>et</strong></span> <span class='ocrx_word' id='word_1_161' title='bbox 1423 1896 1749 1949; x_wconf 84' lang='lat' dir='ltr'><strong>universum</strong></span> <span class='ocrx_word' id='word_1_162' title='bbox 1779 1894 1931 1949; x_wconf 87' lang='lat' dir='ltr'><strong>hunc</strong></span> 
     </span>
     <span class='ocr_line' id='line_1_22' title="bbox 320 1967 1931 2045; baseline 0.001 -22"><span class='ocrx_word' id='word_1_163' title='bbox 320 1967 613 2025; x_wconf 89' lang='lat' dir='ltr'><strong>mundum.</strong></span> <span class='ocrx_word' id='word_1_164' title='bbox 694 1972 969 2027; x_wconf 89' lang='lat' dir='ltr'><strong>Ascensus</strong></span> <span class='ocrx_word' id='word_1_165' title='bbox 998 1974 1104 2029; x_wconf 88' lang='lat' dir='ltr'><strong>iste</strong></span> <span class='ocrx_word' id='word_1_166' title='bbox 1134 1970 1438 2045; x_wconf 84' lang='lat' dir='ltr'><strong>symbolice</strong></span> <span class='ocrx_word' id='word_1_167' title='bbox 1467 1988 1613 2025; x_wconf 78' lang='lat' dir='ltr'><strong>mons</strong></span> <span class='ocrx_word' id='word_1_168' title='bbox 1632 1979 1715 2025; x_wconf 89' lang='lat' dir='ltr'><strong>est</strong></span> <span class='ocrx_word' id='word_1_169' title='bbox 1733 1968 1931 2042; x_wconf 86' lang='lat' dir='ltr'><strong>appel-</strong></span> 
     </span>
     <span class='ocr_line' id='line_1_23' title="bbox 322 2044 1932 2133; baseline 0.002 -37"><span class='ocrx_word' id='word_1_170' title='bbox 322 2044 493 2107; x_wconf 82' lang='lat' dir='ltr'><strong>latuS,</strong></span> <span class='ocrx_word' id='word_1_171' title='bbox 553 2045 652 2098; x_wconf 89' lang='lat' dir='ltr'><strong>sed</strong></span> <span class='ocrx_word' id='word_1_172' title='bbox 692 2062 885 2099; x_wconf 85' lang='lat' dir='ltr'><strong>verum</strong></span> <span class='ocrx_word' id='word_1_173' title='bbox 927 2049 1049 2100; x_wconf 90' lang='lat' dir='ltr'><strong>eius</strong></span> <span class='ocrx_word' id='word_1_174' title='bbox 1089 2065 1287 2102; x_wconf 91' lang='lat' dir='ltr'><strong>nomen</strong></span> <span class='ocrx_word' id='word_1_175' title='bbox 1328 2046 1599 2133; x_wconf 82' lang='lat' dir='ltr'><strong>sapientia</strong></span> <span class='ocrx_word' id='word_1_176' title='bbox 1639 2052 1740 2099; x_wconf 89' lang='lat' dir='ltr'><strong>est.</strong></span> <span class='ocrx_word' id='word_1_177' title='bbox 1822 2044 1932 2111; x_wconf 90' lang='lat' dir='ltr'><strong>Qui</strong></span> 
     </span>
     <span class='ocr_line' id='line_1_24' title="bbox 321 2120 1934 2207; baseline 0.002 -38"><span class='ocrx_word' id='word_1_178' title='bbox 321 2120 471 2170; x_wconf 90' lang='lat' dir='ltr'><strong>enim</strong></span> <span class='ocrx_word' id='word_1_179' title='bbox 510 2120 779 2173; x_wconf 82' lang='lat' dir='ltr'><strong>veraciter</strong></span> <span class='ocrx_word' id='word_1_180' title='bbox 816 2120 1182 2207; x_wconf 89' lang='lat' dir='ltr'><strong>philosophus</strong></span> <span class='ocrx_word' id='word_1_181' title='bbox 1224 2122 1442 2177; x_wconf 87' lang='lat' dir='ltr'><strong>exsistit</strong></span> <span class='ocrx_word' id='word_1_182' title='bbox 1472 2121 1718 2178; x_wconf 88' lang='lat' dir='ltr'><strong>animus</strong></span> <span class='ocrx_word' id='word_1_183' title='bbox 1770 2120 1934 2174; x_wconf 89' lang='lat' dir='ltr'><strong>altio-</strong></span> 
     </span>
     <span class='ocr_line' id='line_1_25' title="bbox 321 2192 1933 2267; baseline 0.001 -22"><span class='ocrx_word' id='word_1_184' title='bbox 321 2209 447 2246; x_wconf 88' lang='lat' dir='ltr'><strong>rum</strong></span> <span class='ocrx_word' id='word_1_185' title='bbox 488 2193 945 2263; x_wconf 87' lang='lat' dir='ltr'><strong>excelsorumque</strong></span> <span class='ocrx_word' id='word_1_186' title='bbox 982 2198 1214 2267; x_wconf 87' lang='lat' dir='ltr'><strong>cupiens</strong></span> <span class='ocrx_word' id='word_1_187' title='bbox 1254 2197 1554 2259; x_wconf 85' lang='lat' dir='ltr'><strong>visionem,</strong></span> <span class='ocrx_word' id='word_1_188' title='bbox 1618 2196 1677 2248; x_wconf 91' lang='lat' dir='ltr'><strong>in</strong></span> <span class='ocrx_word' id='word_1_189' title='bbox 1709 2192 1933 2249; x_wconf 89' lang='lat' dir='ltr'><strong>aethere</strong></span> 
     </span>
     <span class='ocr_line' id='line_1_26' title="bbox 321 2266 1935 2353; baseline 0.002 -33"><span class='ocrx_word' id='word_1_190' title='bbox 321 2268 446 2353; x_wconf 80' lang='lat' dir='ltr'><strong>ipso</strong></span> <span class='ocrx_word' id='word_1_191' title='bbox 485 2267 750 2322; x_wconf 87' lang='lat' dir='ltr'><strong>ambulat.</strong></span> <span class='ocrx_word' id='word_1_192' title='bbox 832 2266 1174 2338; x_wconf 86' lang='lat' dir='ltr'><strong>Responsum</strong></span> <span class='ocrx_word' id='word_1_193' title='bbox 1215 2272 1401 2342; x_wconf 88' lang='lat' dir='ltr'><strong>itaque</strong></span> <span class='ocrx_word' id='word_1_194' title='bbox 1429 2270 1688 2324; x_wconf 88' lang='lat' dir='ltr'><strong>divinum</strong></span> <span class='ocrx_word' id='word_1_195' title='bbox 1719 2285 1782 2323; x_wconf 88' lang='lat' dir='ltr'><strong>ac</strong></span> <span class='ocrx_word' id='word_1_196' title='bbox 1811 2286 1935 2323; x_wconf 88' lang='lat' dir='ltr'><strong>mo-</strong></span> 
     </span>
     <span class='ocr_line' id='line_1_27' title="bbox 323 2341 1935 2431; baseline 0.001 -36"><span class='ocrx_word' id='word_1_197' title='bbox 323 2343 505 2396; x_wconf 90' lang='lat' dir='ltr'><strong>nitum</strong></span> <span class='ocrx_word' id='word_1_198' title='bbox 534 2342 638 2397; x_wconf 89' lang='lat' dir='ltr'><strong>hoc</strong></span> <span class='ocrx_word' id='word_1_199' title='bbox 666 2342 793 2398; x_wconf 89' lang='lat' dir='ltr'><strong>ideo</strong></span> <span class='ocrx_word' id='word_1_200' title='bbox 820 2342 1094 2413; x_wconf 90' lang='lat' dir='ltr'><strong>prolatum</strong></span> <span class='ocrx_word' id='word_1_201' title='bbox 1125 2352 1234 2409; x_wconf 90' lang='lat' dir='ltr'><strong>est,</strong></span> <span class='ocrx_word' id='word_1_202' title='bbox 1284 2343 1548 2415; x_wconf 90' lang='lat' dir='ltr'><strong>quoniam</strong></span> <span class='ocrx_word' id='word_1_203' title='bbox 1588 2341 1935 2431; x_wconf 88' lang='lat' dir='ltr'><strong>quicumque</strong></span> 
     </span>
     <span class='ocr_line' id='line_1_28' title="bbox 322 2416 1936 2488; baseline 0.002 -18"><span class='ocrx_word' id='word_1_204' title='bbox 322 2416 585 2473; x_wconf 87' lang='lat' dir='ltr'><strong>inferiora</strong></span> <span class='ocrx_word' id='word_1_205' title='bbox 605 2420 711 2472; x_wconf 89' lang='lat' dir='ltr'><strong>ista</strong></span> <span class='ocrx_word' id='word_1_206' title='bbox 731 2426 1056 2488; x_wconf 87' lang='lat' dir='ltr'><strong>terrenaque</strong></span> <span class='ocrx_word' id='word_1_207' title='bbox 1078 2420 1448 2483; x_wconf 89' lang='lat' dir='ltr'><strong>aemulantur,</strong></span> <span class='ocrx_word' id='word_1_208' title='bbox 1476 2420 1788 2473; x_wconf 81' lang='lat' dir='ltr'><strong>moriuntur</strong></span> <span class='ocrx_word' id='word_1_209' title='bbox 1810 2420 1936 2473; x_wconf 89' lang='lat' dir='ltr'><strong>ani-</strong></span> 
     </span>
     <span class='ocr_line' id='line_1_29' title="bbox 324 2493 1935 2563; baseline 0.002 -19"><span class='ocrx_word' id='word_1_210' title='bbox 324 2508 413 2545; x_wconf 90' lang='lat' dir='ltr'><strong>ma</strong></span> <span class='ocrx_word' id='word_1_211' title='bbox 445 2510 475 2546; x_wconf 90' lang='lat' dir='ltr'><strong>a</strong></span> <span class='ocrx_word' id='word_1_212' title='bbox 502 2510 632 2547; x_wconf 76' lang='lat' dir='ltr'><strong>vera</strong></span> <span class='ocrx_word' id='word_1_213' title='bbox 663 2494 777 2547; x_wconf 89' lang='lat' dir='ltr'><strong>vita</strong></span> <span class='ocrx_word' id='word_1_214' title='bbox 798 2498 1061 2563; x_wconf 81' lang='lat' dir='ltr'><strong>vagantes</strong></span> <span class='ocrx_word' id='word_1_215' title='bbox 1084 2493 1228 2546; x_wconf 90' lang='lat' dir='ltr'><strong>sicut</strong></span> <span class='ocrx_word' id='word_1_216' title='bbox 1247 2495 1477 2560; x_wconf 89' lang='lat' dir='ltr'><strong>mortui;</strong></span> <span class='ocrx_word' id='word_1_217' title='bbox 1531 2494 1631 2563; x_wconf 90' lang='lat' dir='ltr'><strong>qui</strong></span> <span class='ocrx_word' id='word_1_218' title='bbox 1651 2510 1784 2547; x_wconf 86' lang='lat' dir='ltr'><strong>vero</strong></span> <span class='ocrx_word' id='word_1_219' title='bbox 1806 2511 1935 2547; x_wconf 90' lang='lat' dir='ltr'><strong>cae-</strong></span> 
     </span>
     <span class='ocr_line' id='line_1_30' title="bbox 326 2564 1936 2629; baseline 0.002 -12"><span class='ocrx_word' id='word_1_220' title='bbox 326 2566 486 2619; x_wconf 87' lang='lat' dir='ltr'><strong>lestia</strong></span> <span class='ocrx_word' id='word_1_221' title='bbox 516 2566 833 2620; x_wconf 89' lang='lat' dir='ltr'><strong>desiderant</strong></span> <span class='ocrx_word' id='word_1_222' title='bbox 861 2574 913 2619; x_wconf 90' lang='lat' dir='ltr'><strong>et</strong></span> <span class='ocrx_word' id='word_1_223' title='bbox 942 2566 999 2618; x_wconf 93' lang='lat' dir='ltr'><strong>in</strong></span> <span class='ocrx_word' id='word_1_224' title='bbox 1031 2564 1203 2618; x_wconf 90' lang='lat' dir='ltr'><strong>altum</strong></span> <span class='ocrx_word' id='word_1_225' title='bbox 1233 2566 1432 2619; x_wconf 85' lang='lat' dir='ltr'><strong>elevati</strong></span> <span class='ocrx_word' id='word_1_226' title='bbox 1471 2573 1628 2629; x_wconf 88' lang='lat' dir='ltr'><strong>sunt,</strong></span> <span class='ocrx_word' id='word_1_227' title='bbox 1672 2567 1778 2620; x_wconf 88' lang='lat' dir='ltr'><strong>soli</strong></span> <span class='ocrx_word' id='word_1_228' title='bbox 1819 2568 1936 2621; x_wconf 91' lang='lat' dir='ltr'><strong>sal-</strong></span> 
     </span>
    </p>
   </div>
   <div class='ocr_carea' id='block_1_5' title="bbox 295 2640 1936 2814">
    <p class='ocr_par' dir='ltr' id='par_1_5' title="bbox 295 2640 1936 2785">
     <span class='ocr_line' id='line_1_31' title="bbox 325 2640 1936 2715; baseline 0.004 -26"><span class='ocrx_word' id='word_1_229' title='bbox 325 2647 552 2701; x_wconf 88' lang='lat' dir='ltr'><strong>vantur,</strong></span> <span class='ocrx_word' id='word_1_230' title='bbox 597 2641 881 2694; x_wconf 86' lang='lat' dir='ltr'><strong>mortalem</strong></span> <span class='ocrx_word' id='word_1_231' title='bbox 913 2640 1055 2693; x_wconf 90' lang='lat' dir='ltr'><strong>hanc</strong></span> <span class='ocrx_word' id='word_1_232' title='bbox 1081 2640 1247 2693; x_wconf 91' lang='lat' dir='ltr'><strong>vitam</strong></span> <span class='ocrx_word' id='word_1_233' title='bbox 1269 2640 1326 2691; x_wconf 91' lang='lat' dir='ltr'><strong>in</strong></span> <span class='ocrx_word' id='word_1_234' title='bbox 1350 2642 1523 2715; x_wconf 56' lang='grc' dir='ltr'><strong>νζιωη</strong></span> <span class='ocrx_word' id='word_1_235' title='bbox 1544 2641 1936 2695; x_wconf 89' lang='lat' dir='ltr'><strong>immortalita-</strong></span> 
     </span>
     <span class='ocr_line' id='line_1_32' title="bbox 295 2710 834 2814; baseline 0.01 -51"><span class='ocrx_word' id='word_1_236' title='bbox 295 2744 309 2785; x_wconf 65' lang='lat'>3</span> <span class='ocrx_word' id='word_1_237' title='bbox 319 2710 403 2779; x_wconf 68' lang='lat' dir='ltr'><strong>tis</strong></span> <span class='ocrx_word' id='word_1_238' title='bbox 420 2722 834 2814; x_wconf 84' lang='lat' dir='ltr'><strong>commutantes.</strong></span> 
     </span>
    </p>
   </div>
   <div class='ocr_carea' id='block_1_6' title="bbox 2081 2182 2095 3011">
    <p class='ocr_par' dir='ltr' id='par_1_6' title="bbox 2081 2182 2095 3011">
     <span class='ocr_line' id='line_1_33' title="bbox 2081 2182 2095 3011; baseline 0 0"><span class='ocrx_word' id='word_1_239' title='bbox 2081 2182 2095 3011; x_wconf 95' lang='lat' dir='ltr'><strong> </strong></span> 
     </span>
    </p>
   </div>
  </div>
 </body>
</html>
