2125 3084
159 177 477 247 [1‚112.118.]
512 183 610 229 DE
647 183 1195 231 PROVIDENTIA
1231 184 1486 233 SBRMO
1524 188 1586 233 11.
1669 179 1764 235 407

159 301 269 341 rae
296 282 528 356 (opera),
568 282 668 339 sed
696 292 1003 355 sequuntur
1029 284 1338 340 necessario
1363 293 1418 340 et
1432 286 1765 357 praeceden-

162 361 315 415 tium
356 359 779 431 consequentiae
818 366 969 413 sunt.
1062 357 1222 431 Quod
1259 359 1310 412 si
1347 358 1522 431 aliqui
1562 360 1764 434 (etiam)

162 436 319 489 inter
336 432 507 489 bonos
526 434 747 505 capiant
764 434 993 489 istorum
1014 431 1214 488 damna
1227 472 1240 497 ‚
1263 448 1372 489 non
1395 432 1524 489 licet
1541 452 1764 491 accusa·

162 526 231 564 rc
252 508 739 580 dispensationem.
804 508 1053 579 Namque
1071 509 1132 563 in
1151 508 1376 579 primis,
1417 524 1528 564 non
1545 512 1646 581 qni
1666 510 1766 565 bo-

162 585 232 639 ni
258 581 333 658 [Ἴ
356 582 503 655 apud
521 600 621 639 nos
640 590 901 654 putantur
914 624 929 647 ,
970 584 1238 638 veraciter
1257 583 1419 639 etiam
1441 593 1588 640 sunt.
1667 586 1763 639 Dei

163 660 323 713 enim
354 658 551 713 electio
576 657 789 713 iudicio
812 656 1086 713 humanae
1105 658 1308 715 mentis
1323 658 1548 714 omnino
1567 660 1764 715 certior

163 742 277 789 est.
352 732 611 789 Secundo
636 733 723 788 vis
749 731 1169 803 providentialis
1198 740 1504 805 praestetur
1528 734 1587 789 in
1607 734 1765 791 mili-

162 816 338 864 tatem
374 807 891 880 comprehensorum
925 807 987 863 in
1022 808 1258 871 mundo,
1317 808 1464 865 sieut
1500 809 1559 863 in
1595 808 1761 863 rebus

160 883 343 955 regiis
381 891 435 938 et
470 882 807 939 militaribus
842 882 1200 955 civibusque,
1257 898 1358 938 nec
1385 892 1664 954 tamquam
1691 900 1761 938 ex

158 957 438 1029 neglectis
484 974 547 1013 ac
592 957 811 1030 ignavis
862 956 1011 1028 quod
1056 958 1326 1031 contingit
1361 957 1532 1029 pendi
1575 957 1756 1013 debet.

158 1030 407 1099 Quidam
434 1048 564 1088 vero
591 1032 819 1096 dicunt,
860 1032 1010 1104 quod
1038 1033 1186 1089 sicut
1200 1034 1258 1087 in
1279 1033 1646 1107 tyrannicidio
1665 1050 1760 1087 eo-

162 1114 364 1181 gnatos
381 1122 599 1179 quoque
620 1107 867 1180 proprios
887 1107 1186 1179 deperdere
1206 1108 1358 1173 licet,
1401 1117 1462 1163 ut
1481 1109 1759 1181 magnitu-

163 1182 303 1237 dine
332 1180 599 1253 supplicii
628 1182 987 1239 cohibeantur
1016 1184 1280 1247 iniuriae,
1323 1184 1496 1239 simili
1524 1183 1684 1243 modo
1705 1191 1759 1237 et

164 1258 227 1311 in
248 1256 457 1312 morbis
484 1255 759 1329 pestiferis
784 1266 1016 1329 pereunt
1036 1258 1290 1315 nonnulli
1307 1257 1455 1315 haud
1476 1258 1666 1331 impii,
1697 1266 1760 1315 ut

164 1348 196 1387 e
232 1332 531 1405 longinquo
560 1332 657 1389 alii
696 1332 1113 1402 admoneantur-3
1165 1335 1312 1391 sicut
1337 1334 1502 1392 etiam
1531 1351 1758 1393 necesse

162 1414 253 1461 est
272 1422 364 1463 eos
384 1406 573 1465 morbo
595 1406 865 1473 laborare,
894 1410 992 1480 qui
1014 1410 1220 1465 suntin
1241 1412 1362 1467 aere
1379 1410 1646 1483 contagiis
1667 1412 1757 1465 in·

162 1480 340 1547 fecto,
380 1482 843 1554 quemadmodum
874 1492 927 1541 et
962 1483 1080 1549 illi,
1117 1486 1215 1559 qui
1243 1486 1304 1541 in
1322 1486 1452 1542 navi
1471 1494 1602 1543 sunt
1620 1484 1756 1541 sub-

160 1558 307 1614 iecta
328 1556 601 1631 hibernali
620 1560 929 1631 tempestati
944 1599 957 1623 ,
986 1560 1046 1614 in
1065 1560 1312 1632 periculo
1329 1559 1637 1621 sufferendo
1653 1577 1756 1633 pa-

162 1648 256 1686 res
276 1640 422 1689 sunt.

285 1738 397 1791 ⁴03.
446 1735 544 1790 lna
574 1744 756 1789 autem
786 1734 1023 1789 ferarum
1052 1737 1312 1791 fortitudo
1341 1738 1620 1808 (qnoniam
1645 1752 1756 1791 non

106 1860 111 1865 .
162 1808 427 1865 convenit
443 1817 650 1871 tacere,
689 1810 1066 1879 interponatur
1092 1824 1272 1864 sermo
1298 1810 1607 1873 sufficiens,
1645 1811 1756 1867 iam
1833 1854 1837 1859 ,

160 1882 383 1958 prolixe
409 1890 671 1937 tractatus
696 1883 753 1949 in
784 1882 1104 1953 praemissis
1135 1884 1248 1937 tuis
1287 1882 1576 1955 apologiis)
1614 1882 1754 1939 faeta

163 1958 277 2016 fuit
295 1957 413 2011 loco
440 1957 847 2013 exercitationis
868 1956 937 2010 ad
957 1954 1222 2009 bellicum
1243 1973 1499 2028 agonem:
1541 1960 1756 2013 exerci-

162 2033 303 2091 tatio
320 2032 467 2087 enim
484 2033 865 2105 gymnicorum
885 2029 1141 2085 ludorum
1161 2038 1214 2085 et
1229 2030 1568 2101 frequentata
1584 2048 1756 2087 vena-

160 2110 245 2165 tio
273 2122 501 2162 nervosa
531 2124 593 2162 ao
626 2104 701 2183 [*]
732 2106 952 2161 robusta
980 2105 1204 2160 omnino
1237 2104 1475 2162 reddunt
1509 2124 1750 2178 corpora,

163 2190 220 2239 et
240 2190 367 2237 ante
382 2198 605 2254 corpora
627 2184 836 2237 animos
866 2178 1280 2236 consuefaciunt
1309 2180 1378 2235 ad
1403 2190 1756 2237 contemnen-

163 2260 265 2314 das
282 2259 595 2327 repentinas
616 2258 857 2312 hostium
873 2255 1216 2321 incursiones
1244 2257 1472 2329 vimque
1497 2256 1749 2313 ferocem.

161 2334 271 2389 Eos
292 2341 473 2387 tamen
488 2375 501 2397 ,
524 2335 621 2403 qui
641 2341 865 2388 naturae
884 2339 1014 2386 sunt
1032 2331 1364 2403 tranquillae
1378 2372 1390 2395 ‚
1415 2340 1625 2403 oportet
1643 2348 1751 2402 non

164 2407 344 2463 solum
364 2408 505 2462 inira
524 2422 727 2473 muros,
746 2419 943 2462 verum
960 2406 1124 2461 otiam
1144 2407 1203 2467 in
1223 2406 1382 2461 celiis
1398 2406 1754 2462 interioribus

164 2481 531 2553 thalamisque
550 2483 793 2538 inclusos
812 2482 1011 2555 degere
1028 2482 1150 2536 sine
1169 2481 1514 2546 detrimento,
1541 2484 1753 2554 quippe

168 2560 267 2629 qui
314 2556 517 2612 habent
562 2558 630 2613 ad
674 2557 989 2613 fruitionem
1024 2558 1240 2631 copiam
1277 2559 1464 2631 gregis
1502 2558 1748 2613 cicurum

167 2634 547 2689 animantium.
642 2633 776 2706 Apri
820 2634 966 2689 enim
1012 2640 1068 2688 et
1105 2632 1288 2689 leones
1323 2633 1751 2705 consimilesque

168 2726 263 2763 sua
284 2716 475 2765 natura
496 2709 668 2766 libera
688 2711 775 2765 usi
794 2709 985 2784 procul
1006 2709 1076 2763 ab
1095 2708 1328 2768 urbibus
1347 2712 1540 2768 semoti
1561 2710 1752 2782 repul-
