2125 3084
184 188 263 253 [11‚
292 185 404 251 sm]
538 191 791 238 SERMO
840 192 938 237 DE
986 192 1413 241 SAMPSONE.
1667 186 1764 237 4¹7

178 293 440 355 rentium,
473 292 613 361 quid
632 292 744 347 sibi
764 292 886 347 vult
903 298 1029 353 tuae
1049 290 1258 347 vitulae
1275 293 1540 350 memoria
1557 300 1614 347 et
1629 294 1768 364 quid

182 368 345 423 aratio
360 366 606 422 vitulae?
630 367 893 437 quoniam
913 382 1023 421 non
1044 373 1275 430 aratam,
1297 366 1398 421 sed
1419 375 1660 423 arantem
1681 368 1770 423 vi-

184 444 363 497 dimus
382 441 637 497 vitulam.
698 440 877 507 Quare
898 442 1086 512 itaque
1105 458 1244 504 eam,
1267 457 1410 513 quae
1431 443 1623 506 aravit,
1649 460 1770 497 ara·

180 528 287 573 tam
306 515 484 572 dicis?
521 516 925 581 Pulcherrima,
968 517 1266 587 osapiens,
1308 516 1513 573 factum
1538 516 1772 573 obscon-

178 594 291 648 dite
309 590 637 663 patefecisti.
716 591 1009 663 Siquidem
1028 590 1230 647 mulier
1249 590 1577 647 intermedia
1601 592 1772 646 vitula

180 668 249 723 ab
282 668 609 739 alienigenis
636 675 785 722 arata
818 666 952 731 fuit,
992 683 1168 739 quum
1195 668 1254 722 in
1287 669 1597 740 angustiam
1625 667 1775 723 redi-

176 751 364 816 gentes
394 759 541 807 eam,
582 743 696 797 vim
706 734 933 807 fecere,
977 741 1250 797 dicentes:
1300 744 1582 798 Blandiens
1601 746 1774 809 decipe

177 824 345 873 virum
364 826 509 875 tuum
528 824 706 885 (ludio.
728 822 813 883 14,
832 820 936 886 15).
1022 817 1125 872 Illa
1143 824 1325 874 autem
1343 826 1397 873 te
1419 818 1613 873 aravit.
1681 817 1775 872 Sic

174 892 280 948 tibi
302 891 533 965 pulchre
552 901 607 946 et
627 890 918 948 artificiose
940 890 1172 964 (placuit
1188 910 1304 949 rem
1323 892 1646 981 exponere),
1675 908 1774 963 pro

176 968 499 1024 liberatione
528 966 969 1023 adversariorum
996 985 1067 1023 ex
1103 969 1358 1041 angustia
1393 970 1474 1025 eis
1493 969 1769 1049 instante,

174 1043 415 1115 (dicente
432 1050 510 1097 te:
519 1041 537 1114 )
555 1047 791 1097 aravi-sse
809 1060 899 1099 vos
916 1047 977 1097 in
994 1061 1109 1099 mea
1131 1047 1298 1099 vitula
1308 1043 1376 1117 ³¹⁵).
1629 1072 1633 1077 ·

290 1154 375 1206 43.
396 1148 493 1225 [³¹⁵]
533 1152 643 1205 Hoc
672 1151 816 1207 dato
828 1151 945 1207 illis
985 1168 1248 1223 responso
1283 1153 1546 1209 victoriae
1583 1168 1774 1208 eorum

172 1228 286 1283 sibi
318 1234 533 1296 ereptae
563 1226 979 1283 retributionem
1004 1245 1106 1299 pro
1127 1237 1284 1299 pacto
1305 1228 1376 1283 ab
1395 1230 1510 1283 illis
1531 1228 1673 1299 ipsis
1693 1226 1776 1281 fa—

172 1305 252 1357 cit
278 1302 387 1356 alio
407 1301 595 1357 modo.
674 1300 857 1368 Quum
884 1303 1033 1356 enim
1060 1320 1172 1358 una
1194 1320 1336 1376 gens
1369 1312 1775 1376 computaretur

174 1378 637 1450 alienigenarum,
704 1378 1092 1433 remotioribus
1137 1379 1388 1434 eiusdem
1428 1379 1774 1453 cognationis

174 1453 508 1526 deperditis,
534 1453 819 1525 propiores
836 1452 1145 1509 decoravit·
1169 1464 1222 1510 et
1233 1469 1382 1527 quos
1401 1454 1684 1527 oportebat
1705 1454 1774 1509 de

172 1546 377 1585 eorum
382 1528 741 1601 percussione
762 1528 971 1586 luctum
992 1530 1206 1595 vestiri,
1219 1548 1294 1585 ex
1310 1532 1534 1587 illorum
1553 1546 1776 1603 posses-

170 1606 425 1660 sionibus
446 1605 581 1659 istos
603 1620 873 1658 exornans
894 1604 1218 1661 clarificavit
1232 1647 1244 1670 ,
1289 1624 1355 1661 ae
1380 1608 1430 1661 si
1449 1608 1580 1677 quis
1599 1622 1775 1661 unum

170 1696 559 1754 germanorum
599 1678 829 1735 fratrum
866 1689 1226 1736 exornatums
1253 1682 1458 1736 nudato
1485 1682 1776 1737 innocente

168 1758 489 1811 vincentem
513 1754 882 1810 investiverit.
955 1754 1210 1810 Attamen
1237 1772 1346 1810 non
1377 1758 1454 1809 ita
1481 1756 1654 1827 gratis
1675 1770 1774 1807 ne-

166 1847 284 1902 que
304 1830 635 1899 insipienter
652 1830 953 1899 percussit,
988 1848 1150 1887 nemo
1165 1830 1532 1900 reprehendat
1551 1829 1776 1898 sapien·-

164 1916 311 1973 tem3
358 1903 461 1958 sed
488 1904 619 1975 quia
649 1903 953 1977 benignum
978 1922 1041 1960 se
1067 1904 1379 1961 ostenderet
1397 1920 1530 1975 erga
1547 1918 1776 1957 uxorem

164 1988 399 2055 propter
425 1980 603 2033 minas
630 1978 1098 2053 alienigenarum,
1140 1982 1238 2051 qui
1268 1996 1391 2035 eam
1420 1986 1676 2050 cogentes
1704 1977 1775 2031 ad

161 2058 536 2127 Sampsonem
566 2054 895 2111 tradendum
924 2056 1120 2111 minati
1149 2054 1383 2110 fuerant
1403 2054 1523 2126 igni
1561 2052 1776 2107 tradere

164 2132 399 2187 domum
442 2130 713 2185 mulieris.
812 2130 995 2197 Quum
1042 2140 1222 2185 autem
1261 2130 1378 2184 illis
1420 2127 1776 2184 vincentibus

163 2208 384 2263 salvata
416 2214 498 2261 est
526 2206 723 2261 domus
752 2206 822 2260 31“)
850 2206 1138 2271 incendio,
1178 2222 1249 2260 ne
1278 2205 1566 2260 victoriam
1595 2204 1777 2258 lucra·-

160 2291 363 2338 rentur
389 2282 726 2353 proditores,
768 2282 891 2353 ipse
928 2299 1028 2353 per
1057 2280 1264 2337 ferrum
1301 2282 1492 2354 ignem
1528 2275 1777 2334 accendit

160 2360 316 2413 inter
344 2358 705 2431 alienigenas.

283 2484 373 2539 44.
414 2480 478 2537 Id
496 2492 679 2539 autem
700 2481 935 2537 faciebat
955 2490 1065 2536 tam
1086 2480 1234 2545 iure,
1283 2498 1448 2567 quam
1467 2478 1774 2535 secundum

160 2559 399 2615 divinae
426 2558 743 2629 Scripturas
770 2556 1059 2629 placitum.
1137 2556 1281 2611 Dicit
1311 2556 1460 2609 enim
1489 2554 1696 2609 alicubi
1724 2564 1777 2609 et

162 2662 378 2671 *βψ--

162 2698 167 2705 “
269 2699 317 2747 *)
346 2698 531 2738 Necesse
558 2700 702 2746 habui,
730 2698 871 2745 aliqua
888 2696 1097 2736 vocabula
1123 2698 1244 2736 uncis
1271 2661 1426 2737 addere
1442 2698 1497 2737 ad
1523 2695 1778 2737 311313ιιᾱιιω

160 2760 350 2793 sensnm
377 2754 541 2789 certum
567 2761 623 2789 ex
648 2751 812 2789 incerta
837 2750 918 2789 hac
943 2748 1134 2797 periodo.
1187 2748 1350 2788 Auen.
1647 2772 1656 2781 -

234 2802 467 2853 Pauo
508 2798 1363 2851 V11.Dd
