<?xml version="1.0" encoding="UTF-8"?>
<!DOCTYPE html PUBLIC "-//W3C//DTD XHTML 1.0 Transitional//EN"
    "http://www.w3.org/TR/xhtml1/DTD/xhtml1-transitional.dtd">
<html xmlns="http://www.w3.org/1999/xhtml" xml:lang="en" lang="en">
 <head>
  <title>
</title>
<meta http-equiv="Content-Type" content="text/html;charset=utf-8" />
  <meta name='ocr-system' content='tesseract 3.04.00' />
  <meta name='ocr-capabilities' content='ocr_page ocr_carea ocr_par ocr_line ocrx_word'/>
</head>
<body>
  <div class='ocr_page' id='page_1' title='image "./philonisiudaeio00alejgoog_0257.png"; bbox 0 0 2125 3084; ppageno 0'>
   <div class='ocr_carea' id='block_1_1' title="bbox 345 166 1937 239">
    <p class='ocr_par' dir='ltr' id='par_1_1' title="bbox 345 166 1937 239">
     <span class='ocr_line' id='line_1_1' title="bbox 345 166 1937 239; baseline 0.001 -19"><span class='ocrx_word' id='word_1_1' title='bbox 345 166 450 221; x_wconf 64' lang='grc'><strong>242</strong></span> <span class='ocrx_word' id='word_1_2' title='bbox 609 170 801 217; x_wconf 81' lang='lat' dir='ltr'>PHIL.</span> <span class='ocrx_word' id='word_1_3' title='bbox 841 170 990 217; x_wconf 82' lang='lat' dir='ltr'><strong>mn.</strong></span> <span class='ocrx_word' id='word_1_4' title='bbox 1025 170 1346 228; x_wconf 75' lang='lat' dir='ltr'><strong>QUAEST.</strong></span> <span class='ocrx_word' id='word_1_5' title='bbox 1382 170 1482 215; x_wconf 84' lang='grc' dir='ltr'><strong>ΕΤ</strong></span> <span class='ocrx_word' id='word_1_6' title='bbox 1521 171 1679 217; x_wconf 77' lang='lat'><em>801..</em></span> <span class='ocrx_word' id='word_1_7' title='bbox 1726 169 1937 239; x_wconf 63' lang='lat' dir='ltr'><strong>[lmus]</strong></span> 
     </span>
    </p>
   </div>
   <div class='ocr_carea' id='block_1_2' title="bbox 340 268 2090 645">
    <p class='ocr_par' dir='ltr' id='par_1_2' title="bbox 340 268 2090 645">
     <span class='ocr_line' id='line_1_2' title="bbox 348 268 2090 344; baseline 0.002 -17"><span class='ocrx_word' id='word_1_8' title='bbox 348 272 544 344; x_wconf 81' lang='lat' dir='ltr'>digne:</span> <span class='ocrx_word' id='word_1_9' title='bbox 597 272 716 325; x_wconf 86' lang='lat' dir='ltr'><strong>Non</strong></span> <span class='ocrx_word' id='word_1_10' title='bbox 743 278 897 342; x_wconf 84' lang='lat' dir='ltr'><strong>pater</strong></span> <span class='ocrx_word' id='word_1_11' title='bbox 915 288 1004 325; x_wconf 83' lang='lat' dir='ltr'><strong>me</strong></span> <span class='ocrx_word' id='word_1_12' title='bbox 1021 270 1423 327; x_wconf 83' lang='lat' dir='ltr'><strong>conviciabitur</strong></span> <span class='ocrx_word' id='word_1_13' title='bbox 1436 312 1449 336; x_wconf 78' lang='lat'>,</span> <span class='ocrx_word' id='word_1_14' title='bbox 1493 272 1594 327; x_wconf 87' lang='lat' dir='ltr'><strong>sed</strong></span> <span class='ocrx_word' id='word_1_15' title='bbox 1614 291 1705 343; x_wconf 72' lang='lat' dir='ltr'><strong>eqo</strong></span> <span class='ocrx_word' id='word_1_16' title='bbox 1725 280 1936 331; x_wconf 75' lang='lat' dir='ltr'><strong>maledi.-</strong></span> <span class='ocrx_word' id='word_1_17' title='bbox 2089 268 2090 329; x_wconf 63' lang='lat' dir='ltr'><strong>l</strong></span> 
     </span>
     <span class='ocr_line' id='line_1_3' title="bbox 343 348 2090 421; baseline 0.003 -19"><span class='ocrx_word' id='word_1_18' title='bbox 343 353 560 403; x_wconf 75' lang='lat' dir='ltr'><strong>ctionem</strong></span> <span class='ocrx_word' id='word_1_19' title='bbox 585 363 740 417; x_wconf 74' lang='lat' dir='ltr'><strong>super</strong></span> <span class='ocrx_word' id='word_1_20' title='bbox 765 364 844 399; x_wconf 81' lang='lat' dir='ltr'><strong>mc</strong></span> <span class='ocrx_word' id='word_1_21' title='bbox 871 351 1141 417; x_wconf 82' lang='lat' dir='ltr'><strong>inducam‚·</strong></span> <span class='ocrx_word' id='word_1_22' title='bbox 1187 363 1313 401; x_wconf 90' lang='lat' dir='ltr'><strong>nam</strong></span> <span class='ocrx_word' id='word_1_23' title='bbox 1341 348 1446 401; x_wconf 84' lang='lat' dir='ltr'><strong>etsi</strong></span> <span class='ocrx_word' id='word_1_24' title='bbox 1466 348 1629 403; x_wconf 81' lang='lat' dir='ltr'><strong>sileat</strong></span> <span class='ocrx_word' id='word_1_25' title='bbox 1647 350 1936 421; x_wconf 76' lang='lat' dir='ltr'><strong>quiescens</strong></span> <span class='ocrx_word' id='word_1_26' title='bbox 2089 368 2090 373; x_wconf 51' lang='lat'>¹</span> 
     </span>
     <span class='ocr_line' id='line_1_4' title="bbox 340 418 1939 495; baseline 0.003 -19"><span class='ocrx_word' id='word_1_27' title='bbox 340 421 563 494; x_wconf 88' lang='lat' dir='ltr'>pulchri</span> <span class='ocrx_word' id='word_1_28' title='bbox 593 422 792 477; x_wconf 83' lang='lat' dir='ltr'><strong>amoris</strong></span> <span class='ocrx_word' id='word_1_29' title='bbox 821 418 893 495; x_wconf 84' lang='lat'><strong>[*]</strong></span> <span class='ocrx_word' id='word_1_30' title='bbox 925 421 984 475; x_wconf 89' lang='lat' dir='ltr'><strong>in</strong></span> <span class='ocrx_word' id='word_1_31' title='bbox 1022 438 1110 475; x_wconf 90' lang='lat' dir='ltr'><strong>me</strong></span> <span class='ocrx_word' id='word_1_32' title='bbox 1148 429 1399 493; x_wconf 86' lang='lat' dir='ltr'><strong>aspectu,</strong></span> <span class='ocrx_word' id='word_1_33' title='bbox 1444 439 1568 477; x_wconf 86' lang='lat' dir='ltr'><strong>mea</strong></span> <span class='ocrx_word' id='word_1_34' title='bbox 1606 426 1939 487; x_wconf 80' lang='lat' dir='ltr'><strong>conscientia</strong></span> 
     </span>
     <span class='ocr_line' id='line_1_5' title="bbox 341 485 1928 572; baseline 0.003 -20"><span class='ocrx_word' id='word_1_35' title='bbox 341 514 450 552; x_wconf 89' lang='lat' dir='ltr'><strong>non</strong></span> <span class='ocrx_word' id='word_1_36' title='bbox 491 485 676 551; x_wconf 78' lang='lat' dir='ltr'><strong>niinus</strong></span> <span class='ocrx_word' id='word_1_37' title='bbox 727 495 1167 569; x_wconf 85' lang='lat' dir='ltr'><strong>deprehendatur</strong></span> <span class='ocrx_word' id='word_1_38' title='bbox 1212 513 1274 551; x_wconf 86' lang='lat' dir='ltr'><strong>ac</strong></span> <span class='ocrx_word' id='word_1_39' title='bbox 1318 498 1596 569; x_wconf 86' lang='lat' dir='ltr'><strong>vituperio</strong></span> <span class='ocrx_word' id='word_1_40' title='bbox 1632 499 1928 572; x_wconf 71' lang='lat' dir='ltr'><strong>subiaceat,</strong></span> 
     </span>
     <span class='ocr_line' id='line_1_6' title="bbox 342 569 1921 645; baseline 0.001 -18"><span class='ocrx_word' id='word_1_41' title='bbox 342 574 652 645; x_wconf 82' lang='lat' dir='ltr'><strong>quasivero</strong></span> <span class='ocrx_word' id='word_1_42' title='bbox 672 569 888 626; x_wconf 83' lang='lat' dir='ltr'><strong>facinus</strong></span> <span class='ocrx_word' id='word_1_43' title='bbox 911 571 1297 627; x_wconf 81' lang='lat' dir='ltr'><strong>maledictione</strong></span> <span class='ocrx_word' id='word_1_44' title='bbox 1321 570 1554 645; x_wconf 83' lang='lat' dir='ltr'><strong>dignum</strong></span> <span class='ocrx_word' id='word_1_45' title='bbox 1576 572 1863 629; x_wconf 80' lang='lat' dir='ltr'><strong>effecerim.</strong></span> <span class='ocrx_word' id='word_1_46' title='bbox 1918 617 1921 619; x_wconf 20' lang='lat' dir='ltr'>v</span> 
     </span>
    </p>
   </div>
   <div class='ocr_carea' id='block_1_3' title="bbox 347 711 1928 845">
    <p class='ocr_par' dir='ltr' id='par_1_3' title="bbox 347 711 1928 845">
     <span class='ocr_line' id='line_1_7' title="bbox 347 711 1928 777; baseline 0.001 -14"><span class='ocrx_word' id='word_1_47' title='bbox 347 711 507 771; x_wconf 74' lang='lat' dir='ltr'><strong>Quare</strong></span> <span class='ocrx_word' id='word_1_48' title='bbox 540 728 722 762; x_wconf 74' lang='lat' dir='ltr'><strong>sumens</strong></span> <span class='ocrx_word' id='word_1_49' title='bbox 755 711 978 761; x_wconf 77' lang='lat' dir='ltr'><strong><em>Rebecca</em></strong></span> <span class='ocrx_word' id='word_1_50' title='bbox 1010 712 1179 761; x_wconf 73' lang='lat' dir='ltr'><strong>stolam</strong></span> <span class='ocrx_word' id='word_1_51' title='bbox 1204 711 1344 762; x_wconf 77' lang='lat' dir='ltr'><strong>Esau</strong></span> <span class='ocrx_word' id='word_1_52' title='bbox 1360 712 1631 777; x_wconf 73' lang='lat' dir='ltr'><strong>pulchram,</strong></span> <span class='ocrx_word' id='word_1_53' title='bbox 1676 730 1800 777; x_wconf 82' lang='lat' dir='ltr'><strong>quae</strong></span> <span class='ocrx_word' id='word_1_54' title='bbox 1825 728 1928 765; x_wconf 81' lang='lat' dir='ltr'><strong>erat</strong></span> 
     </span>
     <span class='ocr_line' id='line_1_8' title="bbox 583 779 1663 845; baseline 0.001 -17"><span class='ocrx_word' id='word_1_55' title='bbox 583 779 718 844; x_wconf 79' lang='lat' dir='ltr'><strong>apud</strong></span> <span class='ocrx_word' id='word_1_56' title='bbox 744 796 795 829; x_wconf 75' lang='lat' dir='ltr'><strong>se</strong></span> <span class='ocrx_word' id='word_1_57' title='bbox 831 780 978 843; x_wconf 80' lang='lat' dir='ltr'><strong>domi,</strong></span> <span class='ocrx_word' id='word_1_58' title='bbox 1025 780 1177 831; x_wconf 79' lang='lat' dir='ltr'><strong>induit</strong></span> <span class='ocrx_word' id='word_1_59' title='bbox 1209 779 1395 829; x_wconf 71' lang='lat' dir='ltr'><strong>Iacob?</strong></span> <span class='ocrx_word' id='word_1_60' title='bbox 1430 785 1534 845; x_wconf 85' lang='lat'><strong>(27,</strong></span> <span class='ocrx_word' id='word_1_61' title='bbox 1560 786 1663 845; x_wconf 85' lang='lat'>15.)</span> 
     </span>
    </p>
   </div>
   <div class='ocr_carea' id='block_1_4' title="bbox 338 877 1927 1177">
    <p class='ocr_par' dir='ltr' id='par_1_4' title="bbox 338 877 1927 1177">
     <span class='ocr_line' id='line_1_9' title="bbox 447 877 1927 951; baseline -0.001 -15"><span class='ocrx_word' id='word_1_62' title='bbox 447 881 565 936; x_wconf 77' lang='lat'><strong>203.</strong></span> <span class='ocrx_word' id='word_1_63' title='bbox 614 878 817 933; x_wconf 79' lang='lat' dir='ltr'><strong>Littera</strong></span> <span class='ocrx_word' id='word_1_64' title='bbox 845 877 1074 933; x_wconf 83' lang='lat' dir='ltr'><strong>evidens</strong></span> <span class='ocrx_word' id='word_1_65' title='bbox 1104 887 1185 932; x_wconf 86' lang='lat' dir='ltr'><strong>est</strong></span> <span class='ocrx_word' id='word_1_66' title='bbox 1216 878 1591 951; x_wconf 82' lang='lat' dir='ltr'><strong>insignisque,</strong></span> <span class='ocrx_word' id='word_1_67' title='bbox 1632 888 1693 933; x_wconf 92' lang='lat' dir='ltr'><strong>ut</strong></span> <span class='ocrx_word' id='word_1_68' title='bbox 1719 896 1815 950; x_wconf 88' lang='lat' dir='ltr'><strong>per</strong></span> <span class='ocrx_word' id='word_1_69' title='bbox 1842 888 1927 934; x_wconf 84' lang='lat' dir='ltr'><strong>to-</strong></span> 
     </span>
     <span class='ocr_line' id='line_1_10' title="bbox 338 952 1927 1027; baseline 0.001 -18"><span class='ocrx_word' id='word_1_70' title='bbox 338 970 466 1027; x_wconf 83' lang='lat' dir='ltr'><strong>gam</strong></span> <span class='ocrx_word' id='word_1_71' title='bbox 495 954 616 1026; x_wconf 84' lang='lat' dir='ltr'><strong>ipse</strong></span> <span class='ocrx_word' id='word_1_72' title='bbox 639 954 1145 1027; x_wconf 79' lang='lat' dir='ltr'><strong>putaretur‚quasi</strong></span> <span class='ocrx_word' id='word_1_73' title='bbox 1164 952 1409 1019; x_wconf 79' lang='lat' dir='ltr'><strong>adesset,</strong></span> <span class='ocrx_word' id='word_1_74' title='bbox 1442 955 1542 1025; x_wconf 90' lang='lat' dir='ltr'><strong>qui</strong></span> <span class='ocrx_word' id='word_1_75' title='bbox 1562 953 1765 1009; x_wconf 83' lang='lat' dir='ltr'><strong>aberat.</strong></span> <span class='ocrx_word' id='word_1_76' title='bbox 1840 956 1927 1011; x_wconf 84' lang='lat' dir='ltr'><strong>Ad</strong></span> 
     </span>
     <span class='ocr_line' id='line_1_11' title="bbox 339 1027 1927 1101; baseline 0 -16"><span class='ocrx_word' id='word_1_77' title='bbox 339 1037 578 1085; x_wconf 88' lang='lat' dir='ltr'><strong>mentem</strong></span> <span class='ocrx_word' id='word_1_78' title='bbox 604 1045 734 1085; x_wconf 86' lang='lat' dir='ltr'><strong>vero</strong></span> <span class='ocrx_word' id='word_1_79' title='bbox 760 1028 1044 1101; x_wconf 88' lang='lat' dir='ltr'><strong>improbus</strong></span> <span class='ocrx_word' id='word_1_80' title='bbox 1066 1028 1231 1083; x_wconf 84' lang='lat' dir='ltr'><strong>aliam</strong></span> <span class='ocrx_word' id='word_1_81' title='bbox 1253 1027 1417 1083; x_wconf 84' lang='lat' dir='ltr'><strong>habet</strong></span> <span class='ocrx_word' id='word_1_82' title='bbox 1438 1037 1617 1101; x_wconf 83' lang='lat' dir='ltr'><strong>togam</strong></span> <span class='ocrx_word' id='word_1_83' title='bbox 1638 1033 1927 1101; x_wconf 55' lang='lat' dir='ltr'><strong>vestesque</strong></span> 
     </span>
     <span class='ocr_line' id='line_1_12' title="bbox 339 1103 1927 1177; baseline 0.001 -18"><span class='ocrx_word' id='word_1_84' title='bbox 339 1104 568 1169; x_wconf 83' lang='lat' dir='ltr'><strong>multas,</strong></span> <span class='ocrx_word' id='word_1_85' title='bbox 609 1103 818 1177; x_wconf 84' lang='lat' dir='ltr'><strong>quibus</strong></span> <span class='ocrx_word' id='word_1_86' title='bbox 847 1121 908 1159; x_wconf 88' lang='lat' dir='ltr'><strong>se</strong></span> <span class='ocrx_word' id='word_1_87' title='bbox 935 1105 1202 1176; x_wconf 78' lang='lat' dir='ltr'><strong>contegit,</strong></span> <span class='ocrx_word' id='word_1_88' title='bbox 1242 1120 1369 1158; x_wconf 89' lang='lat' dir='ltr'><strong>nam</strong></span> <span class='ocrx_word' id='word_1_89' title='bbox 1398 1103 1669 1159; x_wconf 88' lang='lat' dir='ltr'><strong>subdolus</strong></span> <span class='ocrx_word' id='word_1_90' title='bbox 1706 1105 1927 1161; x_wconf 82' lang='lat' dir='ltr'><strong>molitur</strong></span> 
     </span>
    </p>
   </div>
   <div class='ocr_carea' id='block_1_5' title="bbox 333 1348 1927 1644">
    <p class='ocr_par' dir='ltr' id='par_1_5' title="bbox 333 1348 1927 1644">
     <span class='ocr_line' id='line_1_13' title="bbox 336 1348 1927 1419; baseline -0.001 -16"><span class='ocrx_word' id='word_1_91' title='bbox 336 1350 438 1403; x_wconf 87' lang='lat' dir='ltr'><strong>ait:</strong></span> <span class='ocrx_word' id='word_1_92' title='bbox 488 1348 790 1417; x_wconf 66' lang='lat' dir='ltr'><strong>Nequam</strong></span> <span class='ocrx_word' id='word_1_93' title='bbox 813 1350 1125 1413; x_wconf 69' lang='lat' dir='ltr'><strong>superducat</strong></span> <span class='ocrx_word' id='word_1_94' title='bbox 1151 1349 1503 1408; x_wconf 80' lang='lat' dir='ltr'><strong>maledictum,</strong></span> <span class='ocrx_word' id='word_1_95' title='bbox 1544 1350 1801 1419; x_wconf 84' lang='lat' dir='ltr'><strong>quamvis</strong></span> <span class='ocrx_word' id='word_1_96' title='bbox 1830 1348 1927 1402; x_wconf 81' lang='lat' dir='ltr'><strong>ille</strong></span> 
     </span>
     <span class='ocr_line' id='line_1_14' title="bbox 333 1420 1926 1495; baseline -0.001 -17"><span class='ocrx_word' id='word_1_97' title='bbox 333 1440 433 1495; x_wconf 86' lang='lat' dir='ltr'><strong>pro</strong></span> <span class='ocrx_word' id='word_1_98' title='bbox 453 1421 762 1477; x_wconf 85' lang='lat' dir='ltr'><strong>visceribus</strong></span> <span class='ocrx_word' id='word_1_99' title='bbox 782 1421 892 1492; x_wconf 88' lang='lat' dir='ltr'><strong>piis</strong></span> <span class='ocrx_word' id='word_1_100' title='bbox 913 1421 1173 1490; x_wconf 86' lang='lat' dir='ltr'><strong>quiverit,</strong></span> <span class='ocrx_word' id='word_1_101' title='bbox 1205 1438 1273 1475; x_wconf 91' lang='lat' dir='ltr'><strong>ne</strong></span> <span class='ocrx_word' id='word_1_102' title='bbox 1295 1420 1429 1475; x_wconf 87' lang='lat' dir='ltr'><strong>forte</strong></span> <span class='ocrx_word' id='word_1_103' title='bbox 1450 1423 1785 1477; x_wconf 87' lang='lat' dir='ltr'><strong>conscientia</strong></span> <span class='ocrx_word' id='word_1_104' title='bbox 1805 1440 1926 1477; x_wconf 84' lang='lat' dir='ltr'><strong>mea</strong></span> 
     </span>
     <span class='ocr_line' id='line_1_15' title="bbox 333 1494 1927 1569; baseline 0.001 -18"><span class='ocrx_word' id='word_1_105' title='bbox 333 1498 576 1569; x_wconf 87' lang='lat' dir='ltr'><strong>pulsata,</strong></span> <span class='ocrx_word' id='word_1_106' title='bbox 610 1495 716 1551; x_wconf 85' lang='lat' dir='ltr'><strong>tale</strong></span> <span class='ocrx_word' id='word_1_107' title='bbox 737 1494 950 1566; x_wconf 86' lang='lat' dir='ltr'><strong>aliquid</strong></span> <span class='ocrx_word' id='word_1_108' title='bbox 972 1497 1203 1567; x_wconf 85' lang='lat' dir='ltr'><strong>accipiat</strong></span> <span class='ocrx_word' id='word_1_109' title='bbox 1223 1496 1527 1551; x_wconf 81' lang='lat' dir='ltr'><strong>incusando</strong></span> <span class='ocrx_word' id='word_1_110' title='bbox 1548 1498 1773 1562; x_wconf 85' lang='lat' dir='ltr'><strong>memet,</strong></span> <span class='ocrx_word' id='word_1_111' title='bbox 1804 1506 1927 1553; x_wconf 86' lang='lat' dir='ltr'><strong>tan-</strong></span> 
     </span>
     <span class='ocr_line' id='line_1_16' title="bbox 333 1570 1305 1644; baseline -0.002 -17"><span class='ocrx_word' id='word_1_112' title='bbox 333 1588 500 1644; x_wconf 87' lang='lat' dir='ltr'><strong>quam</strong></span> <span class='ocrx_word' id='word_1_113' title='bbox 521 1570 714 1627; x_wconf 87' lang='lat' dir='ltr'><strong>merita</strong></span> <span class='ocrx_word' id='word_1_114' title='bbox 733 1571 1046 1626; x_wconf 82' lang='lat' dir='ltr'><strong>maledictio</strong></span> <span class='ocrx_word' id='word_1_115' title='bbox 1062 1581 1305 1643; x_wconf 85' lang='lat' dir='ltr'><strong>paretur.</strong></span> 
     </span>
    </p>
   </div>
   <div class='ocr_carea' id='block_1_6' title="bbox 385 1710 1857 1846">
    <p class='ocr_par' dir='ltr' id='par_1_6' title="bbox 385 1710 1857 1846">
     <span class='ocr_line' id='line_1_17' title="bbox 385 1710 1857 1778; baseline -0.001 -15"><span class='ocrx_word' id='word_1_116' title='bbox 385 1710 566 1771; x_wconf 62' lang='lat' dir='ltr'><strong>Quare</strong></span> <span class='ocrx_word' id='word_1_117' title='bbox 601 1713 782 1778; x_wconf 74' lang='lat' dir='ltr'><strong>accepit</strong></span> <span class='ocrx_word' id='word_1_118' title='bbox 823 1710 1046 1762; x_wconf 78' lang='lat' dir='ltr'><strong>Rebecca</strong></span> <span class='ocrx_word' id='word_1_119' title='bbox 1084 1713 1252 1763; x_wconf 75' lang='lat' dir='ltr'><strong>stolam</strong></span> <span class='ocrx_word' id='word_1_120' title='bbox 1292 1711 1433 1762; x_wconf 72' lang='lat' dir='ltr'><strong>Esau</strong></span> <span class='ocrx_word' id='word_1_121' title='bbox 1477 1714 1669 1777; x_wconf 81' lang='lat' dir='ltr'><strong>bonam,</strong></span> <span class='ocrx_word' id='word_1_122' title='bbox 1732 1728 1857 1777; x_wconf 73' lang='lat' dir='ltr'><strong>quae</strong></span> 
     </span>
     <span class='ocr_line' id='line_1_18' title="bbox 491 1780 1763 1846; baseline -0.001 -15"><span class='ocrx_word' id='word_1_123' title='bbox 491 1784 618 1831; x_wconf 72' lang='lat' dir='ltr'><strong>erat·</strong></span> <span class='ocrx_word' id='word_1_124' title='bbox 631 1781 766 1846; x_wconf 79' lang='lat' dir='ltr'><strong>apud</strong></span> <span class='ocrx_word' id='word_1_125' title='bbox 795 1781 947 1846; x_wconf 71' lang='lat' dir='ltr'><strong>ipsam</strong></span> <span class='ocrx_word' id='word_1_126' title='bbox 981 1781 1032 1830; x_wconf 81' lang='lat' dir='ltr'><strong>in</strong></span> <span class='ocrx_word' id='word_1_127' title='bbox 1066 1781 1203 1830; x_wconf 84' lang='lat' dir='ltr'><strong>domo</strong></span> <span class='ocrx_word' id='word_1_128' title='bbox 1218 1818 1230 1841; x_wconf 90' lang='lat'>,</span> <span class='ocrx_word' id='word_1_129' title='bbox 1285 1790 1331 1829; x_wconf 83' lang='lat' dir='ltr'><strong>et</strong></span> <span class='ocrx_word' id='word_1_130' title='bbox 1362 1782 1548 1831; x_wconf 75' lang='lat' dir='ltr'><strong>vestivit</strong></span> <span class='ocrx_word' id='word_1_131' title='bbox 1581 1780 1763 1831; x_wconf 72' lang='lat' dir='ltr'><strong>Iacob?</strong></span> 
     </span>
    </p>
   </div>
   <div class='ocr_carea' id='block_1_7' title="bbox 326 1876 1957 2779">
    <p class='ocr_par' dir='ltr' id='par_1_7' title="bbox 326 1876 1957 2779">
     <span class='ocr_line' id='line_1_19' title="bbox 439 1876 1928 1957; baseline -0.003 -17"><span class='ocrx_word' id='word_1_132' title='bbox 439 1876 560 1940; x_wconf 74' lang='lat'><strong>2¹03.</strong></span> <span class='ocrx_word' id='word_1_133' title='bbox 599 1883 880 1957; x_wconf 86' lang='lat' dir='ltr'><strong>Scriptura</strong></span> <span class='ocrx_word' id='word_1_134' title='bbox 898 1883 1039 1938; x_wconf 87' lang='lat' dir='ltr'><strong>clara</strong></span> <span class='ocrx_word' id='word_1_135' title='bbox 1063 1892 1171 1947; x_wconf 90' lang='lat' dir='ltr'><strong>est,</strong></span> <span class='ocrx_word' id='word_1_136' title='bbox 1198 1880 1331 1937; x_wconf 88' lang='lat' dir='ltr'><strong>dum</strong></span> <span class='ocrx_word' id='word_1_137' title='bbox 1349 1899 1449 1954; x_wconf 89' lang='lat' dir='ltr'><strong>per</strong></span> <span class='ocrx_word' id='word_1_138' title='bbox 1469 1882 1663 1937; x_wconf 89' lang='lat' dir='ltr'><strong>stolam</strong></span> <span class='ocrx_word' id='word_1_139' title='bbox 1678 1922 1690 1945; x_wconf 90' lang='lat'><strong>,</strong></span> <span class='ocrx_word' id='word_1_140' title='bbox 1715 1883 1815 1953; x_wconf 86' lang='lat' dir='ltr'><strong>qui</strong></span> <span class='ocrx_word' id='word_1_141' title='bbox 1837 1882 1928 1936; x_wconf 86' lang='lat' dir='ltr'><strong>vi·-</strong></span> 
     </span>
     <span class='ocr_line' id='line_1_20' title="bbox 331 1956 1930 2030; baseline -0.002 -16"><span class='ocrx_word' id='word_1_142' title='bbox 331 1959 492 2014; x_wconf 90' lang='lat' dir='ltr'><strong>detur</strong></span> <span class='ocrx_word' id='word_1_143' title='bbox 518 1958 743 2025; x_wconf 84' lang='lat' dir='ltr'><strong>absens,</strong></span> <span class='ocrx_word' id='word_1_144' title='bbox 781 1968 1040 2030; x_wconf 89' lang='lat' dir='ltr'><strong>tanquam</strong></span> <span class='ocrx_word' id='word_1_145' title='bbox 1070 1959 1330 2013; x_wconf 85' lang='lat' dir='ltr'><strong>assistens</strong></span> <span class='ocrx_word' id='word_1_146' title='bbox 1360 1966 1463 2012; x_wconf 88' lang='lat' dir='ltr'><strong>est.</strong></span> <span class='ocrx_word' id='word_1_147' title='bbox 1540 1956 1681 2011; x_wconf 88' lang='lat' dir='ltr'><strong>Vide</strong></span> <span class='ocrx_word' id='word_1_148' title='bbox 1702 1957 1930 2011; x_wconf 85' lang='lat' dir='ltr'><strong>intelle-</strong></span> 
     </span>
     <span class='ocr_line' id='line_1_21' title="bbox 330 2031 1929 2105; baseline -0.001 -16"><span class='ocrx_word' id='word_1_149' title='bbox 330 2044 422 2089; x_wconf 87' lang='lat' dir='ltr'><strong>ctu</strong></span> <span class='ocrx_word' id='word_1_150' title='bbox 441 2050 570 2089; x_wconf 90' lang='lat' dir='ltr'><strong>vero</strong></span> <span class='ocrx_word' id='word_1_151' title='bbox 590 2034 806 2089; x_wconf 88' lang='lat' dir='ltr'><strong>subtili.</strong></span> <span class='ocrx_word' id='word_1_152' title='bbox 857 2034 936 2090; x_wconf 86' lang='lat' dir='ltr'><strong>Ita</strong></span> <span class='ocrx_word' id='word_1_153' title='bbox 954 2051 1159 2105; x_wconf 87' lang='lat' dir='ltr'><strong>pravus</strong></span> <span class='ocrx_word' id='word_1_154' title='bbox 1182 2032 1317 2087; x_wconf 83' lang='lat' dir='ltr'><strong>alias</strong></span> <span class='ocrx_word' id='word_1_155' title='bbox 1338 2032 1502 2089; x_wconf 84' lang='lat' dir='ltr'><strong>stolas</strong></span> <span class='ocrx_word' id='word_1_156' title='bbox 1524 2031 1690 2086; x_wconf 85' lang='lat' dir='ltr'><strong>habet</strong></span> <span class='ocrx_word' id='word_1_157' title='bbox 1712 2048 1775 2085; x_wconf 89' lang='lat' dir='ltr'><strong>ac</strong></span> <span class='ocrx_word' id='word_1_158' title='bbox 1794 2032 1929 2103; x_wconf 88' lang='lat' dir='ltr'><strong>plu-</strong></span> 
     </span>
     <span class='ocr_line' id='line_1_22' title="bbox 329 2105 1929 2179; baseline -0.001 -15"><span class='ocrx_word' id='word_1_159' title='bbox 329 2110 469 2164; x_wconf 87' lang='lat' dir='ltr'><strong>rima</strong></span> <span class='ocrx_word' id='word_1_160' title='bbox 503 2110 856 2173; x_wconf 87' lang='lat' dir='ltr'><strong>vestimenta,</strong></span> <span class='ocrx_word' id='word_1_161' title='bbox 897 2108 1104 2179; x_wconf 69' lang='lat' dir='ltr'><strong>quibus</strong></span> <span class='ocrx_word' id='word_1_162' title='bbox 1134 2117 1197 2163; x_wconf 88' lang='lat' dir='ltr'><strong>ut</strong></span> <span class='ocrx_word' id='word_1_163' title='bbox 1229 2105 1464 2162; x_wconf 88' lang='lat' dir='ltr'><strong>callidus</strong></span> <span class='ocrx_word' id='word_1_164' title='bbox 1499 2107 1659 2179; x_wconf 80' lang='lat' dir='ltr'><strong>signa</strong></span> <span class='ocrx_word' id='word_1_165' title='bbox 1686 2106 1929 2162; x_wconf 86' lang='lat' dir='ltr'><strong>iniuria-</strong></span> 
     </span>
     <span class='ocr_line' id='line_1_23' title="bbox 330 2181 1929 2247; baseline -0.001 -9"><span class='ocrx_word' id='word_1_166' title='bbox 330 2202 454 2239; x_wconf 88' lang='lat' dir='ltr'><strong>rum</strong></span> <span class='ocrx_word' id='word_1_167' title='bbox 491 2184 704 2239; x_wconf 86' lang='lat' dir='ltr'><strong>occulta</strong></span> <span class='ocrx_word' id='word_1_168' title='bbox 740 2182 934 2247; x_wconf 87' lang='lat' dir='ltr'><strong>habet,</strong></span> <span class='ocrx_word' id='word_1_169' title='bbox 981 2192 1165 2238; x_wconf 89' lang='lat' dir='ltr'><strong>tamen</strong></span> <span class='ocrx_word' id='word_1_170' title='bbox 1200 2191 1262 2238; x_wconf 89' lang='lat' dir='ltr'><strong>ut</strong></span> <span class='ocrx_word' id='word_1_171' title='bbox 1288 2200 1456 2237; x_wconf 90' lang='lat' dir='ltr'><strong>unam</strong></span> <span class='ocrx_word' id='word_1_172' title='bbox 1489 2181 1689 2236; x_wconf 87' lang='lat' dir='ltr'><strong>bonam</strong></span> <span class='ocrx_word' id='word_1_173' title='bbox 1725 2182 1929 2242; x_wconf 82' lang='lat' dir='ltr'><strong>stolam</strong></span> 
     </span>
     <span class='ocr_line' id='line_1_24' title="bbox 329 2256 1929 2327; baseline -0.001 -14"><span class='ocrx_word' id='word_1_174' title='bbox 329 2258 651 2314; x_wconf 87' lang='lat' dir='ltr'><strong>sensibilem</strong></span> <span class='ocrx_word' id='word_1_175' title='bbox 677 2266 732 2312; x_wconf 90' lang='lat' dir='ltr'><strong>et</strong></span> <span class='ocrx_word' id='word_1_176' title='bbox 757 2260 1160 2312; x_wconf 84' lang='lat' dir='ltr'><strong>ostentatoriam</strong></span> <span class='ocrx_word' id='word_1_177' title='bbox 1189 2274 1476 2312; x_wconf 84' lang='lat' dir='ltr'><strong>censuram</strong></span> <span class='ocrx_word' id='word_1_178' title='bbox 1509 2273 1609 2327; x_wconf 88' lang='lat' dir='ltr'><strong>pro</strong></span> <span class='ocrx_word' id='word_1_179' title='bbox 1646 2256 1929 2312; x_wconf 84' lang='lat' dir='ltr'><strong>industria</strong></span> 
     </span>
     <span class='ocr_line' id='line_1_25' title="bbox 328 2332 1931 2405; baseline 0 -18"><span class='ocrx_word' id='word_1_180' title='bbox 328 2350 507 2405; x_wconf 85' lang='lat' dir='ltr'><strong>usque</strong></span> <span class='ocrx_word' id='word_1_181' title='bbox 528 2332 598 2388; x_wconf 86' lang='lat' dir='ltr'><strong>ad</strong></span> <span class='ocrx_word' id='word_1_182' title='bbox 617 2332 850 2389; x_wconf 85' lang='lat' dir='ltr'><strong>verbum</strong></span> <span class='ocrx_word' id='word_1_183' title='bbox 864 2373 876 2396; x_wconf 87' lang='lat'>‚</span> <span class='ocrx_word' id='word_1_184' title='bbox 910 2348 1077 2402; x_wconf 87' lang='lat' dir='ltr'><strong>quam</strong></span> <span class='ocrx_word' id='word_1_185' title='bbox 1097 2350 1167 2387; x_wconf 86' lang='lat' dir='ltr'><strong>ex</strong></span> <span class='ocrx_word' id='word_1_186' title='bbox 1186 2332 1394 2389; x_wconf 84' lang='lat' dir='ltr'><strong>Musica</strong></span> <span class='ocrx_word' id='word_1_187' title='bbox 1417 2332 1715 2403; x_wconf 84' lang='lat' dir='ltr'><strong>disciplina</strong></span> <span class='ocrx_word' id='word_1_188' title='bbox 1733 2333 1931 2387; x_wconf 88' lang='lat' dir='ltr'><strong>imbu-</strong></span> 
     </span>
     <span class='ocr_line' id='line_1_26' title="bbox 328 2406 1933 2479; baseline 0.001 -18"><span class='ocrx_word' id='word_1_189' title='bbox 328 2416 417 2461; x_wconf 89' lang='lat' dir='ltr'><strong>tus</strong></span> <span class='ocrx_word' id='word_1_190' title='bbox 438 2408 655 2477; x_wconf 88' lang='lat' dir='ltr'><strong>placare</strong></span> <span class='ocrx_word' id='word_1_191' title='bbox 675 2406 894 2470; x_wconf 80' lang='lat' dir='ltr'><strong>festinat</strong></span> <span class='ocrx_word' id='word_1_192' title='bbox 907 2444 920 2470; x_wconf 92' lang='lat'><strong>‚</strong></span> <span class='ocrx_word' id='word_1_193' title='bbox 959 2423 1068 2461; x_wconf 91' lang='lat' dir='ltr'><strong>non</strong></span> <span class='ocrx_word' id='word_1_194' title='bbox 1088 2424 1254 2461; x_wconf 86' lang='lat' dir='ltr'><strong>unam</strong></span> <span class='ocrx_word' id='word_1_195' title='bbox 1280 2406 1466 2478; x_wconf 71' lang='lat' dir='ltr'><strong>(mary.</strong></span> <span class='ocrx_word' id='word_1_196' title='bbox 1490 2408 1802 2479; x_wconf 87' lang='lat' dir='ltr'><strong>nomanam)</strong></span> <span class='ocrx_word' id='word_1_197' title='bbox 1824 2426 1933 2462; x_wconf 84' lang='lat' dir='ltr'><strong>na·-</strong></span> 
     </span>
     <span class='ocr_line' id='line_1_27' title="bbox 328 2480 1933 2553; baseline 0.003 -20"><span class='ocrx_word' id='word_1_198' title='bbox 328 2489 505 2535; x_wconf 83' lang='lat' dir='ltr'><strong>turam</strong></span> <span class='ocrx_word' id='word_1_199' title='bbox 525 2482 765 2553; x_wconf 85' lang='lat' dir='ltr'><strong>perfecte</strong></span> <span class='ocrx_word' id='word_1_200' title='bbox 781 2480 960 2535; x_wconf 84' lang='lat' dir='ltr'><strong>malus</strong></span> <span class='ocrx_word' id='word_1_201' title='bbox 981 2486 1088 2547; x_wconf 72' lang='lat' dir='ltr'><strong>est,</strong></span> <span class='ocrx_word' id='word_1_202' title='bbox 1130 2480 1229 2535; x_wconf 88' lang='lat' dir='ltr'><strong>sed</strong></span> <span class='ocrx_word' id='word_1_203' title='bbox 1256 2482 1421 2535; x_wconf 88' lang='lat' dir='ltr'><strong>etiam</strong></span> <span class='ocrx_word' id='word_1_204' title='bbox 1442 2482 1933 2538; x_wconf 84' lang='lat' dir='ltr'><strong>contrarietatibus</strong></span> 
     </span>
     <span class='ocr_line' id='line_1_28' title="bbox 329 2555 1957 2625; baseline 0.005 -20"><span class='ocrx_word' id='word_1_205' title='bbox 329 2562 659 2623; x_wconf 77' lang='lat' dir='ltr'><strong>temperatus</strong></span> <span class='ocrx_word' id='word_1_206' title='bbox 695 2555 940 2609; x_wconf 84' lang='lat' dir='ltr'><strong>iustitiae</strong></span> <span class='ocrx_word' id='word_1_207' title='bbox 975 2564 1028 2609; x_wconf 87' lang='lat' dir='ltr'><strong>et</strong></span> <span class='ocrx_word' id='word_1_208' title='bbox 1065 2556 1371 2625; x_wconf 86' lang='lat' dir='ltr'><strong>iniquitatis</strong></span> <span class='ocrx_word' id='word_1_209' title='bbox 1398 2555 1745 2611; x_wconf 87' lang='lat' dir='ltr'><strong>documentis</strong></span> <span class='ocrx_word' id='word_1_210' title='bbox 1776 2558 1957 2613; x_wconf 81' lang='lat' dir='ltr'><strong>infa-’</strong></span> 
     </span>
     <span class='ocr_line' id='line_1_29' title="bbox 326 2627 1935 2699; baseline 0.007 -23"><span class='ocrx_word' id='word_1_211' title='bbox 326 2627 471 2678; x_wconf 84' lang='lat' dir='ltr'><strong>mia-e</strong></span> <span class='ocrx_word' id='word_1_212' title='bbox 506 2636 560 2681; x_wconf 87' lang='lat' dir='ltr'><strong>et</strong></span> <span class='ocrx_word' id='word_1_213' title='bbox 595 2629 1008 2685; x_wconf 84' lang='lat' dir='ltr'><strong>benevolentiae</strong></span> <span class='ocrx_word' id='word_1_214' title='bbox 1042 2630 1375 2699; x_wconf 82' lang='lat' dir='ltr'><strong>optimorum</strong></span> <span class='ocrx_word' id='word_1_215' title='bbox 1410 2640 1463 2685; x_wconf 86' lang='lat' dir='ltr'><strong>et</strong></span> <span class='ocrx_word' id='word_1_216' title='bbox 1498 2632 1771 2687; x_wconf 88' lang='lat' dir='ltr'><strong>malorum</strong></span> <span class='ocrx_word' id='word_1_217' title='bbox 1800 2650 1935 2689; x_wconf 87' lang='lat' dir='ltr'><strong>esse</strong></span> 
     </span>
     <span class='ocr_line' id='line_1_30' title="bbox 329 2698 1931 2779; baseline 0.008 -28"><span class='ocrx_word' id='word_1_218' title='bbox 329 2698 572 2753; x_wconf 83' lang='lat' dir='ltr'><strong>virorum</strong></span> <span class='ocrx_word' id='word_1_219' title='bbox 609 2702 794 2773; x_wconf 73' lang='lat' dir='ltr'><strong>(marq.</strong></span> <span class='ocrx_word' id='word_1_220' title='bbox 827 2702 1057 2775; x_wconf 83' lang='lat' dir='ltr'><strong>virum),</strong></span> <span class='ocrx_word' id='word_1_221' title='bbox 1108 2704 1207 2773; x_wconf 87' lang='lat' dir='ltr'><strong>qui</strong></span> <span class='ocrx_word' id='word_1_222' title='bbox 1245 2704 1578 2761; x_wconf 81' lang='lat' dir='ltr'><strong>mediocrius</strong></span> <span class='ocrx_word' id='word_1_223' title='bbox 1616 2704 1931 2779; x_wconf 82' lang='lat' dir='ltr'><strong>delinquit,</strong></span> 
     </span>
    </p>
   </div>
   <div class='ocr_carea' id='block_1_8' title="bbox 2086 1256 2094 2989">
    <p class='ocr_par' dir='ltr' id='par_1_8' title="bbox 2086 1256 2094 2989">
     <span class='ocr_line' id='line_1_31' title="bbox 2086 1256 2094 2989; baseline 0 0"><span class='ocrx_word' id='word_1_224' title='bbox 2086 1256 2094 2989; x_wconf 95' lang='lat' dir='ltr'><strong> </strong></span> 
     </span>
    </p>
   </div>
  </div>
 </body>
</html>
