2125 3084
389 544 1119 640 QUAESTIONES
1155 543 1281 623 ET
1321 491 1992 624 sOLUT1oNES

791 720 911 781 IN
987 719 1577 782 GENESIN.

963 939 999 989 S
1016 940 1060 988 E
1080 940 1128 989 R
1144 940 1200 989 M
1220 939 1265 990 Ο
1317 940 1410 990 IV.

1632 1011 1716 1075 [11,
1740 1017 1837 1061 23⁷.
1858 1011 1985 1074 2384

389 1098 464 1165 [Ἴ
508 1095 668 1155 Quare
713 1097 852 1147 dicit:
913 1097 1205 1162 „Apparuit
1238 1105 1392 1146 autem
1434 1095 1647 1148 dominus
1680 1097 1795 1146 deus
1826 1096 1986 1146 Abra·

523 1167 614 1216 hae
655 1166 704 1214 in
749 1181 922 1228 quercu
963 1165 1211 1227 Mambre,
1270 1181 1409 1228 quum
1450 1166 1529 1215 ille
1561 1165 1745 1215 sederet
1778 1165 1855 1213 die
1876 1165 1986 1228 ser·

521 1242 656 1282 vente
692 1233 761 1280 ad
793 1233 958 1280 ostium
993 1231 1290 1282 tabernaculi
1318 1233 1409 1282 sui.
1488 1232 1559 1282 Et
1594 1233 1792 1283 elevavit
1826 1232 1986 1282 oculos

521 1301 711 1350 woe“?
753 1299 906 1362 (Gen.
940 1305 1018 1360 18,
1053 1300 1163 1360 ls.)

509 1415 557 1465 ⁴.
594 1394 814 1466 Littera
839 1412 973 1466 satis
1001 1412 1232 1467 evidens
1261 1413 1402 1467 mihi
1432 1413 1653 1468 videtur
1682 1429 1828 1476 esse,
1873 1412 1985 1466 nisi

390 1485 504 1542 sola
537 1484 697 1540 arbor
735 1484 1053 1559 allegoriam
1091 1487 1371 1543 concludit
1410 1487 1788 1560 exponendam
1830 1488 1987 1541 iuxta

393 1560 752 1617 Chaldaicum
773 1559 978 1617 idioma
997 1561 1077 1636 (in
1098 1579 1233 1618 voce
1251 1563 1523 1636 Mambre).
1602 1562 1776 1618 Arbor
1796 1568 1878 1616 est
1896 1579 1988 1616 se-

392 1636 636 1691 cundum
656 1637 990 1692 Heraclitum
1009 1645 1203 1692 natura
1229 1645 1437 1701 nostra,
1469 1654 1611 1709 quae
1630 1655 1690 1692 se
1709 1637 1987 1691 obducere

393 1728 456 1766 ac
495 1711 830 1768 abscondere
878 1720 1041 1768 amat.
1139 1713 1385 1766 Primum
1432 1713 1619 1784 itaque
1663 1711 1983 1774 notandum,

391 1787 540 1860 quod
551 1787 1031 1844 MambreVisum
1051 1795 1209 1842 sonat
1228 1793 1282 1841 et
1300 1786 1515 1841 huncce
1534 1801 1757 1840 sensum
1768 1785 1982 1856 prodit:

389 1861 864 1929 Quemadmodum
901 1881 972 1917 ex
999 1862 1271 1934 sapientia
1300 1859 1360 1916 fit
1388 1877 1606 1933 sapere,
1656 1877 1726 1915 ex
1752 1860 1987 1914 sanitate

392 1939 592 1993 mentis
631 1955 762 1990 sana
802 1946 982 1991 mente
1025 1936 1338 1992 conversari
1378 1944 1431 1990 et
1467 1936 1717 2009 singulos
1762 1934 1988 1989 habitus

392 2012 644 2080 proprios
662 2008 937 2079 praeferre
961 2008 1034 2082 [³¹⁵]
1059 2009 1282 2066 effectus
1297 2052 1309 2076 ‚
1353 2011 1437 2065 sic
1454 2012 1514 2065 in
1535 2011 1793 2065 sensibus
1814 2027 1885 2064 ex
1903 2018 1989 2063 ta—

393 2091 484 2136 ctu
506 2089 728 2152 tangere
743 2123 755 2144 ‚
796 2100 866 2135 ex
884 2091 1050 2153 gustu
1071 2094 1291 2156 gustare
1307 2127 1320 2148 ‚
1364 2102 1435 2140 ex
1455 2086 1649 2141 auditu
1670 2084 1861 2140 audire
1884 2093 1938 2139 et
1959 2102 1990 2138 a

394 2157 519 2210 visu
547 2153 781 2208 naturali
810 2158 1134 2212 necessitate
1164 2159 1227 2214 fit
1256 2159 1463 2214 videre.
1542 2161 1652 2214 Hoc
1683 2167 1793 2222 est,
1837 2159 1989 2229 quod

393 2228 669 2301 spirituali
696 2230 1113 2301 perspicacique
1142 2242 1323 2288 mente
1354 2252 1511 2298 sana,
1558 2241 1691 2304 puta
1720 2234 1985 2296 Mambre,

393 2306 513 2360 sive
542 2304 669 2359 visu
686 2345 698 2369 ‚
739 2302 877 2358 ditat
905 2305 1149 2360 animum
1165 2347 1178 2371 ‚
1221 2317 1504 2379 praestans
1525 2309 1579 2362 ei
1600 2315 1661 2362 ut
1680 2308 1883 2363 melius
1900 2310 1992 2362 vi-

390 2379 518 2434 deat
540 2387 594 2434 et
613 2379 821 2433 acutior
847 2379 920 2433 sit
947 2380 1076 2434 visu
1106 2389 1159 2435 et
1187 2383 1458 2438 insomnis
1487 2382 1869 2456 vigilansque,
1914 2383 1991 2436 ita

391 2462 454 2509 ut
491 2454 676 2510 videat
712 2470 820 2508 non
847 2454 1027 2508 solum
1055 2456 1327 2511 mundum
1356 2466 1624 2521 creatum,
1668 2458 1829 2512 cuius
1860 2473 1993 2511 con-

393 2528 674 2600 templatio
694 2528 1079 2601 philosophiae
1094 2533 1315 2602 propria
1336 2539 1444 2596 est,
1488 2549 1681 2586 verum
1705 2533 1869 2585 etiam
1889 2546 1991 2600 pa-

395 2613 531 2657 trem
552 2611 604 2657 et
625 2611 918 2658 creatorem
939 2605 1106 2659 deum
1124 2605 1446 2660 increatum.
1524 2604 1671 2669 Quid
1693 2605 1843 2657 enim
1862 2620 1993 2673 pro-

394 2675 578 2730 desset
605 2692 730 2731 eum
762 2677 1022 2733 advenire
1049 2686 1103 2734 et
1132 2696 1239 2734 non
1269 2677 1487 2734 videri?
1550 2677 1821 2742 Quoniam
1862 2694 1992 2733 vero
