2125 3084
174 174 246 241 [1‚
269 170 372 239 ss.]
464 178 565 225 DE:
600 178 1146 228 PROVIDENTIA
1183 180 1439 227 SBRMO
1473 183 1516 230 1.
1719 176 1802 243 25,

174 289 298 335 tem
330 294 394 335 ac
418 278 731 353 principem
758 281 929 336 totius
954 279 1154 336 mundi
1179 280 1388 337 nullam
1409 298 1540 353 prae
1563 298 1624 337 se
1645 280 1787 339 ferre

174 354 615 427 provitbntiam.
692 356 1162 429 Ecquis‘consilia
1179 355 1468 428 prudentis
1489 356 1788 429 providen-

172 432 293 486 tiae
316 426 472 486 dedit
490 431 543 487 ei
558 472 571 495 ,
602 431 701 503 qui
720 432 983 487 virtutem
1002 429 1316 487 desiderat?
1350 430 1412 487 Si
1431 448 1541 487 non
1559 440 1644 487 est
1658 449 1788 505 pro-

173 504 453 571 videntia,
475 521 578 561 cur
596 522 705 561 non
724 514 778 561 et
796 522 897 563 nos
918 506 1132 579 absque
1149 505 1410 581 diligenti
1429 522 1578 569 cura,
1593 506 1788 564 incon-

174 580 333 637 sulto
351 589 407 637 et
424 581 547 637 sine
564 582 791 653 praevia
812 582 1033 637 notione
1048 598 1344 655 operamur
1358 580 1582 638 omnia?

296 693 384 749 32.
424 688 645 747 Etenim
674 690 723 745 si
750 689 1102 763 providentia
1128 690 1370 747 tollenda
1403 692 1503 757 sit,
1551 691 1791 748 cessabit

176 766 427 831 musice,
468 764 848 839 philosophia,
941 767 1228 833 eometria,
1280 768 1500 823 nautica
1527 775 1581 823 et
1607 768 1787 822 omnis

178 841 409 913 sapiens
436 840 837 915 intelligentiae
865 857 894 895 a
937 842 1210 909 inventio,
1251 858 1315 897 ac
1341 850 1534 897 natura
1552 841 1788 898 totaliter

178 916 466 972 insensata
494 924 658 989 atque
687 916 991 972 immobilis
1012 915 1230 973 evadet.
1285 917 1501 989 ‚Neque
1521 917 1670 971 enim
1689 916 1789 973 de-

178 998 272 1046 cet
299 991 587 1062 insipienti
618 993 947 1065 cogitatione
980 999 1166 1064 partes
1202 992 1453 1049 universi
1488 991 1787 1064 prudentes

168 1082 309 1121 esse
329 1082 392 1121 ac
409 1065 669 1137 providas
690 1067 1026 1132 existimare,
1057 1084 1179 1123 eam
1199 1084 1347 1132 vero,
1373 1084 1514 1139 quae
1538 1066 1607 1124 ab
1628 1067 1788 1123 initio

178 1142 334 1196 inest
350 1141 628 1197 universis
642 1183 655 1207 ,
694 1141 1102 1215 providentiam
1121 1143 1264 1198 inter
1283 1144 1428 1199 entia
1450 1151 1629 1199 creata
1647 1144 1790 1199 otio-

180 1234 305 1271 sam
326 1224 490 1288 atque
510 1218 843 1273 incuriosam
864 1234 985 1273 esse
1001 1260 1014 1283 ,
1056 1233 1232 1290 quum
1259 1234 1330 1273 ex
1347 1236 1458 1274 una
1481 1219 1789 1281 universali

180 1291 473 1347 harmonia
492 1308 558 1348 ac
572 1292 968 1366 compositione
988 1294 1102 1349 sint
1119 1295 1324 1368 omnia.
1401 1293 1552 1361 Quae
1579 1295 1724 1349 enim
1757 1312 1788 1349 a

180 1384 243 1423 se
263 1367 509 1423 invicem
527 1367 799 1442 pendent,
840 1384 949 1425 non
978 1370 1103 1425 sine
1121 1370 1414 1441 utriusque
1431 1379 1584 1426 motu
1604 1379 1788 1425 actum

180 1444 507 1499 sortiuntur.
585 1445 775 1517 Itaque
808 1452 993 1517 partes
1020 1445 1302 1518 sapientes
1329 1462 1428 1517 per
1457 1454 1576 1501 acta
1603 1444 1790 1519 perfe—

180 1528 285 1584 cta,
318 1534 464 1591 quae
482 1520 737 1575 oriuntur
754 1536 827 1575 ex
846 1521 1094 1593 ipsarum
1111 1521 1462 1596 symphonia,
1491 1537 1788 1595 argumen-

178 1602 299 1648 tum
329 1595 598 1666 praebent
625 1604 681 1651 et
706 1595 1130 1651 declarationem
1165 1596 1458 1653 universae
1485 1596 1788 1670 providen-

178 1670 291 1724 tiae
310 1670 679 1725 invisibiliter
694 1672 878 1726 omnia
896 1672 1194 1728 moventis.

298 1780 385 1833 33.
421 1778 615 1835 Nonne
644 1779 971 1851 sapientiam
988 1778 1239 1835 ostendet
1259 1779 1538 1837 fructuum
1561 1776 1614 1853 [⁴⁸¹
1657 1796 1786 1851 pro-

182 1852 401 1917 ductio,
459 1854 747 1926 stellarum
776 1856 921 1935 inira
965 1854 1288 1927 dispositio,
1345 1855 1479 1910 solis
1520 1871 1582 1909 ac
1641 1870 1782 1910 unae

178 1927 535 1984 invariabilis
573 1947 785 1995 cursus,
845 1932 1015 1987 maris
1050 1931 1193 1985 situs
1230 1927 1535 1985 secundum
1582 1928 1780 2002 legem,

178 2004 453 2059 montium
472 2004 743 2061 celsitudo
766 2004 918 2061 haud
946 2004 1175 2061 modum
1201 2003 1502 2069 excedens,
1541 2003 1784 2076 denique

176 2080 430 2147 omnium
458 2080 811 2136 sensibilium
839 2082 951 2155 legi
984 2079 1366 2154 providentiae
1400 2078 1784 2151 obtemperan—

174 2156 325 2211 tium
342 2154 668 2211 concordia?
704 2158 899 2213 Nonne
924 2156 1066 2212 haec
1091 2154 1382 2212 manifeste
1410 2154 1784 2210 demonstrant

177 2228 587 2287 immutabilem
612 2248 840 2303 prorsus
867 2232 1070 2287 seriem
1097 2230 1310 2287 ordinis
1338 2246 1410 2285 ex
1443 2229 1564 2301 lege
1593 2230 1781 2301 provi-

178 2306 401 2363 dentiae
434 2322 499 2361 ao
535 2309 710 2363 instar
744 2307 960 2365 animae
994 2306 1412 2366 universitatem
1444 2322 1629 2359 rerum
1663 2321 1782 2359 mo-

175 2380 397 2438 ventis?
1433 2416 1440 2423 -

291 2492 376 2545 34.
416 2489 769 2547 Providentia
795 2491 943 2546 enim
961 2499 1072 2559 est,
1103 2504 1257 2563 quae
1275 2487 1596 2545 obedientes
1615 2490 1773 2561 regit,

178 2582 345 2637 super
366 2573 547 2621 autem
568 2564 949 2622 inobedientes
975 2567 1258 2623 constituit
1274 2563 1490 2619 iudices
1507 2563 1778 2619 distribu-

178 2652 261 2697 tos
288 2649 341 2695 et
372 2643 701 2697 exterminat
727 2641 1014 2697 hominum
1042 2641 1469 2704 contumaciam,
1509 2648 1572 2694 ut
1599 2640 1776 2695 virtus

178 2734 279 2791 per
294 2714 670 2772 obedientiam
686 2716 972 2773 decoretur
992 2735 1023 2773 a
1043 2715 1168 2774 deo.
1203 2718 1278 2773 De
1300 2714 1482 2773 medio
1500 2717 1649 2772 enim
1668 2714 1776 2771 tol-
