2125 3084
373 190 472 243 218
622 194 814 239 PHIL.
852 192 1000 238 mn.
1039 192 1366 249 QUAEST.
1404 192 1503 237 ET
1542 194 1709 239 SOL.
1750 188 1963 255 [aasz]

370 311 527 349 mnas
546 310 726 363 neque
747 300 1161 347 monumentum
1176 334 1189 357 ‚
1221 291 1627 363 qualecumque
1647 294 1721 349 sit
1734 336 1748 359 ,
1788 295 1963 349 sinere

369 386 590 424 manere
627 368 787 423 bonis
827 367 896 423 ad
935 366 1154 422 felicem
1196 365 1429 439 gloriam
1476 368 1957 438 contendentibus3

369 445 593 499 alteram
623 460 754 499 vero
784 460 930 507 eam,
973 443 1107 513 quia
1135 442 1383 514 instigati
1412 440 1588 497 livore
1618 444 1865 499 invidiae
1890 445 1961 500 ob

369 536 558 575 eorum
598 518 828 573 nimiam
863 518 1281 589 prosperitatem
1318 518 1681 587 pessumdant
1719 527 1773 572 et
1801 536 1963 574 suum

369 594 828 657 emolumentum,
872 592 1072 648 melius
1101 592 1451 646 aestimantes
1479 592 1736 645 damnum
1775 595 1961 663 potius

369 670 662 733 sustinere,
686 684 853 739 quam
875 686 904 722 a
926 668 1173 733 caeteris,
1198 682 1337 737 quos
1358 666 1565 729 nolunt,
1590 664 1806 737 aliquid
1826 666 1959 723 boni

367 745 639 803 invenire.
719 742 864 809 Quid
904 744 1052 797 enim
1092 740 1415 813 impediret,
1455 742 1580 812 quis
1620 740 1851 796 dixerit:
1913 742 1960 798 Ο

366 820 615 873 omnium
636 817 979 881 stultissimi,
1012 816 1189 871 fontes
1209 817 1440 871 intactos
1459 816 1766 887 relinquere
1780 857 1792 881 ‚
1816 833 1956 887 quos

368 893 510 948 alius
531 893 830 957 invenerit,
856 900 917 947 ut
936 892 1102 947 etiam
1123 902 1465 946 succurreret
1484 899 1694 945 vestrae
1714 892 1957 946 necessi-

365 969 485 1023 tati.
574 966 859 1023 Caeterum
888 965 1227 1038 respondens
1260 962 1335 1040 [Ἴ
1368 966 1572 1037 aliquis
1599 965 1770 1022 dicat:
1831 964 1954 1022 Noli

367 1060 629 1115 quaerere
649 1041 719 1096 ab
741 1042 1034 1098 invidiosis
1053 1042 1321 1096 rationem
1342 1040 1611 1095 libertatis
1621 1040 1675 1115 ¹²)
1690 1084 1703 1106 ‚
1742 1042 1841 1113 qui
1860 1060 1956 1114 pro

365 1118 565 1173 damno
605 1126 828 1172 censent
863 1118 1096 1190 gratiam
1127 1133 1157 1170 a
1184 1116 1375 1187 probis
1404 1114 1678 1189 largitam.
1756 1118 1957 1172 Littera

367 1192 504 1248 haec
533 1192 932 1264 complectitur.
1009 1189 1169 1257 Quod
1192 1199 1373 1245 autem
1394 1189 1465 1245 ad
1484 1199 1726 1247 mentem
1746 1191 1952 1256 attinet,

364 1268 762 1339 quaerendum.
840 1268 984 1321 Putei
1010 1271 1139 1336 sossi
1175 1264 1424 1339 symbola
1460 1276 1591 1321 sunt
1628 1266 1958 1341 disciplinae

365 1352 418 1397 et
444 1342 868 1414 intelligentiae3
918 1339 1227 1413 profundus
1256 1348 1437 1395 autem
1464 1349 1546 1395 est
1571 1343 1957 1414 unusquisque

366 1433 555 1471 eorum
583 1425 637 1471 et
665 1416 793 1470 finis
821 1418 1079 1488 proprius
1108 1423 1215 1480 est,
1257 1423 1320 1471 ut
1343 1424 1503 1488 potus
1524 1416 1598 1471 sit
1614 1416 1954 1473 sitientibuS.

464 1590 506 1637 ¹⁵)
540 1600 576 1629 s.
605 1591 842 1640 apolooiam
867 1600 1125 1639 veneronum.
1176 1590 1335 1630 Auen.

365 1823 659 1878 memoriae
679 1822 1018 1895 relinquere,
1049 1822 1199 1895 quod
1218 1822 1462 1889 benivoli
1491 1839 1590 1893 pro
1619 1823 1959 1895 capessenda

361 1899 536 1971 gloria
563 1897 811 1967 student3
873 1899 1141 1964 secunda,
1183 1915 1282 1969 pro
1311 1896 1525 1952 invidia
1554 1906 1607 1952 et
1635 1898 1809 1953 livore
1826 1916 1961 1971 pro-

361 1975 640 2045 speritatis
659 1991 1007 2031 communem
1024 1972 1463 2045 despicientibus
1484 1972 1779 2028 utilitatem
1792 2014 1805 2037 ‚
1836 1990 1961 2027 ma-

363 2050 536 2103 lentes
575 2048 720 2103 laedi
757 2050 941 2121 potius
979 2066 1146 2121 quam
1184 2048 1386 2103 sentire
1415 2046 1702 2103 beneficia.
1782 2049 1961 2104 Nemo

361 2124 570 2178 vetabit
591 2121 821 2187 fontem,
863 2141 896 2178 o
921 2124 1269 2179 stolidissimi
1288 2123 1600 2187 hominum,
1644 2123 1807 2179 bonis
1826 2141 1963 2196 pro-

360 2200 511 2252 visas
532 2198 589 2252 in
615 2213 720 2251 usu
735 2238 748 2261 ,
788 2197 1047 2269 quodque
1068 2197 1406 2271 indigentiae
1424 2206 1639 2252 vestrae
1657 2198 1963 2269 proficien-

360 2281 442 2327 tes
471 2272 716 2343 pulsavit
743 2271 975 2343 aliquis,
1018 2290 1118 2344 pro
1146 2273 1236 2327 his
1264 2272 1499 2327 dicendo
1525 2273 1736 2327 nullam
1766 2281 1961 2328 extare

359 2346 656 2402 invidiosis
683 2345 1058 2401 defensionem
1089 2348 1555 2410 rationabilitatis,
1596 2364 1696 2419 pro
1721 2347 1961 2421 dispen-

361 2420 454 2475 dio
475 2420 876 2492 accipientibus
903 2422 1234 2492 optimorum
1263 2423 1508 2477 virorum
1534 2424 1760 2494 gratias·
1788 2490 1791 2493 ἢ
1844 2423 1961 2478 Sed

361 2494 500 2548 altae
519 2496 720 2550 mentis
741 2496 1051 2551 coniectura
1073 2495 1176 2549 hoe
1197 2497 1468 2567 exposcit,
1510 2502 1746 2566 fossuras
1770 2508 1963 2566 puteo-

359 2584 478 2619 rum
507 2569 753 2639 auspicia
781 2587 902 2625 esse
938 2568 1384 2639 disciplinarum,
1431 2587 1666 2641 quarum
1695 2573 1963 2646 singulae

337 2638 609 2710 .altaeque
637 2643 762 2697 viae
787 2644 916 2697 finis
953 2643 1269 2698 sitientibus
1306 2653 1467 2715 potus
1504 2654 1606 2701 est.
1682 2647 1965 2704 Escarum

346 2708 545 2791 ¹(mar9.
577 2715 798 2789 Harum)
827 2735 956 2790 ergo
987 2725 1251 2773 amatores
1278 2718 1534 2775 iniectam
1560 2725 1965 2789 obseruationem,
