2125 3084
398 174 464 227 ’18
696 184 707 193 ·
854 177 1221 223 rumonus
1267 174 1536 235 its-unm
1814 168 1892 233 [r,
1919 169 2034 233 nn]

400 288 672 353 quatenus
701 279 1009 333 communis
1026 276 1276 333 omnium
1295 283 1486 329 natura
1505 280 1631 327 nata
1651 280 1739 327 est
1757 304 1844 315 --
1865 275 2030 329 nihil

400 355 549 411 enim
568 352 723 409 aliud
742 354 983 408 anterius
1000 352 1192 407 suffert
1210 350 1416 406 divisio
1432 349 1714 419 proposita
1725 378 1826 412 —‚
1856 358 1962 405 aut
1973 352 2028 403 si

402 438 563 485 natus
582 444 690 484 non
710 436 811 493 est,
840 444 949 481 non
970 444 1100 499 ergo
1117 426 1214 481 ille
1237 426 1390 480 iuxta
1407 423 1826 494 providentiam
1849 441 2030 495 pera-

402 516 521 561 ctus
541 502 648 559 fuit
668 519 849 573 neque
866 500 1019 557 aliud
1036 499 1326 573 quidpiam
1347 500 1406 555 in
1421 514 1488 553 eo
1508 496 1744 563 factum,
1769 498 1884 553 sed
1897 501 2024 555 ani-

402 580 633 635 malium
652 594 717 633 ac
732 578 1043 649 plantarum
1060 590 1264 648 genera
1283 591 1382 646 per
1401 590 1460 629 se
1479 572 1788 629 eliciuntur
1801 596 1816 629 :
1831 591 2022 646 quon-

401 657 513 711 iam
532 662 657 709 nata
676 653 1041 724 plantatorum
1060 660 1306 706 naturam
1337 666 1467 722 prae
1493 666 1555 703 se
1575 647 1762 705 ferant
1783 667 2020 705 necesse

376 738 513 793 ‚est‚
536 746 645 786 non
666 744 797 783 vero
822 726 963 781 facta
972 725 1049 799 ³¹⁶).

516 811 601 863 46.
648 808 721 863 Et
737 809 1008 879 primum,
1048 805 1324 878 quomodo
1341 821 1416 861 ex
1431 804 1610 861 nihilo
1633 804 1868 876 aliquid
1889 802 2014 859 fiet?

402 883 611 939 Deinde
648 884 698 937 si
736 881 1031 953 aliquando
1065 880 1414 952 providentia
1451 896 1560 935 non
1599 879 1886 935 habeatur
1895 878 1982 950 *ἢ
1995 920 2008 941 ,

402 962 515 1013 iarn
560 958 807 1030 Iuppiter
850 958 973 1029 ipse
1010 972 1119 1012 non
1141 950 1526 1027 'sempiternus
1565 956 1900 1026 apparebit3
1957 962 2010 1007 et

404 1032 542 1106 quid
570 1034 674 1087 erit
702 1030 851 1104 quod
872 1032 1049 1103 magis
1069 1029 1402 1109 atheismum
1415 1028 1702 1085 redoleat?
1761 1031 2009 1085 Praeter-

404 1126 469 1165 ea
504 1110 553 1163 si
592 1108 877 1180 proprium
914 1114 997 1161 est
1030 1114 1258 1159 naturae
1296 1105 1475 1177 ipsius
1513 1104 1575 1159 τὸ
1613 1121 1744 1159 esse
1791 1106 1998 1165 factam,

402 1184 660 1237 convenit
698 1182 981 1253 explorare
1017 1181 1284 1235 rationem
1319 1178 1642 1251 quantitatis
1687 1181 1850 1236 eius:
1913 1195 2004 1233 cur

404 1257 552 1311 enim
570 1272 672 1309 nec
692 1257 870 1313 minor
890 1273 991 1311 nec
1010 1256 1183 1311 maior
1215 1253 1356 1310 facta
1385 1252 1586 1308 fuerit?
1641 1252 1843 1321 Quum
1872 1252 2002 1309 nihil

401 1329 799 1401 impedimento
817 1340 960 1387 esset
980 1330 1071 1396 iis,
1097 1346 1238 1402 quae
1255 1330 1306 1385 si
1328 1337 1528 1392 essent,
1551 1326 1855 1385 decentius
1877 1339 2001 1385 tem-

401 1413 781 1475 peramentum
808 1414 1031 1461 naturae
1060 1414 1114 1460 et
1145 1403 1573 1476 dispensationis
1601 1421 1741 1459 suae
1777 1404 2002 1460 habuis-

404 1486 544 1532 sent.
622 1478 732 1533 Cur
759 1488 991 1550 quatuor
1019 1480 1155 1535 haec
1176 1476 1386 1536 tanturn
1408 1478 1677 1533 elementa
1701 1480 1867 1536 velut
1885 1480 2000 1535 fun-

402 1552 657 1607 damenta
686 1554 995 1609 exsistunt?
1048 1558 1192 1609 Num
1221 1570 1320 1626 per
1343 1554 1601 1625 pauciora
1622 1555 1716 1609 vel
1741 1556 1997 1627 ampliora

404 1628 749 1701 dispensator
792 1628 890 1684 ille
936 1638 1162 1685 naturae
1207 1630 1591 1685 universorum
1635 1646 1751 1685 non
1799 1638 1996 1701 poterat
2071 1624 2073 1663 l

404 1702 672 1759 mundum
708 1703 927 1760 creare?
1581 1736 1596 1751 ·

513 1780 597 1834 47.
637 1779 849 1834 Pauo.
883 1777 955 1855 [Ἴ
978 1778 1185 1851 Papael
1247 1794 1428 1835 nonne
1447 1778 1770 1851 indagatrix
1789 1782 1990 1836 curiosa
2071 1764 2074 1877 ν

404 1862 487 1909 est
507 1870 661 1909 mens
684 1854 921 1910 humana
941 1862 1104 1926 atque
1123 1852 1536 1911 ratiocinatrix?
1581 1853 1800 1921 Viden',
1828 1870 1992 1926 quan-

405 1938 522 1984 tum
538 1929 752 1984 elevata
772 1928 891 1985 est?
944 1933 1019 1985 ita
1043 1934 1105 1984 ut
1123 1930 1578 2001 circumspiciens
1599 1930 1988 2002 contempletur

405 2020 699 2075 supernam
721 2014 969 2060 naturam
988 2006 1156 2059 totius
1177 2004 1342 2069 caeli,
1386 2020 1684 2075 quaerenS,
1729 2004 1882 2076 quod
1905 2020 1988 2057 ca-

404 2087 518 2132 reat
554 2079 817 2150 qualitate
852 2088 907 2135 et
942 2080 1154 2151 specie,
1224 2087 1277 2134 et
1313 2088 1498 2134 tamen
1543 2079 1764 2150 species
1808 2094 1984 2133 omnes

404 2170 701 2225 omnesque
740 2155 1031 2226 qualitates
1069 2155 1354 2226 percipere
1393 2151 1714 2217 sufficiens?
1773 2154 1980 2216 Verum,

403 2244 435 2283 ο
456 2227 638 2301 Sophe
652 2269 665 2293 ,
690 2246 797 2285 non
818 2239 959 2285 retro
981 2248 1069 2284 me
1090 2230 1370 2301 relinques
1385 2270 1398 2293 ,
1419 2230 1758 2301 quamquam
1778 2244 1980 2293 curras3

402 2302 502 2356 sed
521 2303 672 2357 velut
692 2321 801 2359 uno
822 2303 1125 2375 eodemque
1145 2306 1328 2359 animo¹
1347 2304 1647 2375 aequaliter
1668 2320 1902 2373 curram,
1927 2310 1988 2356 ut
2067 2364 2069 2371 Ι

402 2377 657 2432 bravium
684 2378 968 2453 (βραβεῖον)
998 2378 1070 2433 de
1098 2374 1418 2433 exsistentia
1446 2377 1826 2449 providentiae
1854 2378 1989 2431 arri-

398 2451 549 2519 piam
566 2469 667 2522 per
687 2469 751 2506 ea
764 2492 777 2517 ‚
811 2469 953 2523 quae
974 2454 1112 2509 mihi
1130 2454 1367 2530 dicenda
1388 2460 1594 2507 restant
1613 2451 1684 2508 de
1703 2452 1830 2509 his:
2067 2388 2070 2611 ι

501 2572 543 2617 ¹)
564 2585 597 2613 s.
612 2576 790 2616 iunctim
808 2586 905 2617 cum
924 2578 1119 2625 sequenti
1136 2576 1358 2616 adverbio:
1385 2588 1466 2616 non
1479 2578 1664 2625 primum
1672 2576 1812 2625 saeta.
1827 2574 1900 2615 Au
1911 2579 1987 2617 eh.

502 2622 568 2667 ω’)
601 2625 747 2673 Neque
774 2629 888 2666 enim
914 2628 1096 2666 habetur
1117 2628 1406 2675 providentia,
1449 2628 1486 2665 si
1518 2628 1704 2666 mundus
1739 2632 1814 2667 aut
1839 2632 1993 2671 natura
2065 2656 2067 2663 .

400 2676 485 2705 non
510 2675 591 2709 est.
642 2674 783 2715 Locus
808 2680 951 2717 tamen
978 2681 1045 2716 ast
1071 2678 1276 2717 obscurus
1303 2679 1349 2717 in
1374 2678 1516 2725 Arm..
1543 2679 1605 2717 ita
1629 2681 1678 2718 ut
1701 2680 1872 2727 punctis
1897 2672 1992 2719 mii—
2065 2724 2067 2733 Ι

398 2718 501 2755 tatis
524 2719 718 2763 diversae
748 2727 842 2764 elici
870 2728 1037 2774 possint
1071 2729 1321 2768 sentcntiae.
1375 2728 1537 2767 Auch.
1617 2758 1636 2786 ,3
