<?xml version="1.0" encoding="UTF-8"?>
<!DOCTYPE html PUBLIC "-//W3C//DTD XHTML 1.0 Transitional//EN"
    "http://www.w3.org/TR/xhtml1/DTD/xhtml1-transitional.dtd">
<html xmlns="http://www.w3.org/1999/xhtml" xml:lang="en" lang="en">
 <head>
  <title>
</title>
<meta http-equiv="Content-Type" content="text/html;charset=utf-8" />
  <meta name='ocr-system' content='tesseract 3.04.00' />
  <meta name='ocr-capabilities' content='ocr_page ocr_carea ocr_par ocr_line ocrx_word'/>
</head>
<body>
  <div class='ocr_page' id='page_1' title='image "./philonisiudaeio00alejgoog_0566.png"; bbox 0 0 2125 3084; ppageno 0'>
   <div class='ocr_carea' id='block_1_1' title="bbox 162 192 1752 264">
    <p class='ocr_par' dir='ltr' id='par_1_1' title="bbox 162 192 1752 264">
     <span class='ocr_line' id='line_1_1' title="bbox 162 192 1752 264; baseline 0.004 -17"><span class='ocrx_word' id='word_1_1' title='bbox 162 194 225 264; x_wconf 88' lang='lat'>[1,</span> <span class='ocrx_word' id='word_1_2' title='bbox 246 192 337 261; x_wconf 67' lang='grc'>96]</span> <span class='ocrx_word' id='word_1_3' title='bbox 420 198 519 244; x_wconf 80' lang='lat' dir='ltr'>DE</span> <span class='ocrx_word' id='word_1_4' title='bbox 565 198 1112 248; x_wconf 70' lang='lat' dir='ltr'>PROVIDENTIA</span> <span class='ocrx_word' id='word_1_5' title='bbox 1146 202 1399 249; x_wconf 70' lang='lat' dir='ltr'>SERMO</span> <span class='ocrx_word' id='word_1_6' title='bbox 1436 205 1496 249; x_wconf 87' lang='lat'>11.</span> <span class='ocrx_word' id='word_1_7' title='bbox 1685 200 1752 253; x_wconf 79' lang='grc'>93</span> 
     </span>
    </p>
   </div>
   <div class='ocr_carea' id='block_1_2' title="bbox 150 294 1756 1401">
    <p class='ocr_par' dir='ltr' id='par_1_2' title="bbox 150 294 1756 1401">
     <span class='ocr_line' id='line_1_2' title="bbox 164 294 1753 363; baseline 0.003 -7"><span class='ocrx_word' id='word_1_8' title='bbox 164 299 529 357; x_wconf 84' lang='lat' dir='ltr'>emolumenta</span> <span class='ocrx_word' id='word_1_9' title='bbox 546 340 559 363; x_wconf 82' lang='lat'>‚</span> <span class='ocrx_word' id='word_1_10' title='bbox 609 294 771 353; x_wconf 80' lang='lat' dir='ltr'>facile</span> <span class='ocrx_word' id='word_1_11' title='bbox 810 302 977 355; x_wconf 86' lang='lat' dir='ltr'>maris</span> <span class='ocrx_word' id='word_1_12' title='bbox 1014 300 1118 355; x_wconf 87' lang='lat' dir='ltr'>iter</span> <span class='ocrx_word' id='word_1_13' title='bbox 1162 300 1478 357; x_wconf 80' lang='lat' dir='ltr'>redderent:</span> <span class='ocrx_word' id='word_1_14' title='bbox 1547 306 1753 361; x_wconf 81' lang='lat' dir='ltr'>etenim</span> 
     </span>
     <span class='ocr_line' id='line_1_3' title="bbox 162 372 1754 448; baseline 0.003 -19"><span class='ocrx_word' id='word_1_15' title='bbox 162 372 567 448; x_wconf 87' lang='lat' dir='ltr'>quodammodo</span> <span class='ocrx_word' id='word_1_16' title='bbox 614 374 720 428; x_wconf 84' lang='lat' dir='ltr'>ista</span> <span class='ocrx_word' id='word_1_17' title='bbox 768 372 979 430; x_wconf 88' lang='lat' dir='ltr'>ducunt</span> <span class='ocrx_word' id='word_1_18' title='bbox 1006 375 1086 429; x_wconf 65' lang='grc' dir='ltr'>οἰει</span> <span class='ocrx_word' id='word_1_19' title='bbox 1121 376 1354 431; x_wconf 83' lang='lat' dir='ltr'>transitu</span> <span class='ocrx_word' id='word_1_20' title='bbox 1389 377 1622 433; x_wconf 85' lang='lat' dir='ltr'>marium</span> <span class='ocrx_word' id='word_1_21' title='bbox 1663 380 1754 434; x_wconf 81' lang='lat' dir='ltr'>via</span> 
     </span>
     <span class='ocr_line' id='line_1_4' title="bbox 150 447 1756 522; baseline 0.001 -16"><span class='ocrx_word' id='word_1_22' title='bbox 150 458 473 521; x_wconf 67' lang='lat' dir='ltr'>‘comparata</span> <span class='ocrx_word' id='word_1_23' title='bbox 499 447 787 504; x_wconf 74' lang='lat' dir='ltr'>infallibili</span> <span class='ocrx_word' id='word_1_24' title='bbox 817 465 937 512; x_wconf 84' lang='lat' dir='ltr'>eos,</span> <span class='ocrx_word' id='word_1_25' title='bbox 980 450 1080 521; x_wconf 89' lang='lat' dir='ltr'>qui</span> <span class='ocrx_word' id='word_1_26' title='bbox 1109 451 1373 522; x_wconf 83' lang='lat' dir='ltr'>navigant</span> <span class='ocrx_word' id='word_1_27' title='bbox 1398 467 1498 522; x_wconf 90' lang='lat' dir='ltr'>per</span> <span class='ocrx_word' id='word_1_28' title='bbox 1525 454 1756 508; x_wconf 85' lang='lat' dir='ltr'>vastita-</span> 
     </span>
     <span class='ocr_line' id='line_1_5' title="bbox 160 523 1756 598; baseline 0.002 -18"><span class='ocrx_word' id='word_1_29' title='bbox 160 536 273 581; x_wconf 87' lang='lat' dir='ltr'>tem</span> <span class='ocrx_word' id='word_1_30' title='bbox 300 524 449 590; x_wconf 86' lang='lat' dir='ltr'>eius,</span> <span class='ocrx_word' id='word_1_31' title='bbox 492 533 547 578; x_wconf 89' lang='lat' dir='ltr'>et</span> <span class='ocrx_word' id='word_1_32' title='bbox 571 523 883 595; x_wconf 89' lang='lat' dir='ltr'>perducunt</span> <span class='ocrx_word' id='word_1_33' title='bbox 908 538 1088 595; x_wconf 85' lang='lat' dir='ltr'>usque</span> <span class='ocrx_word' id='word_1_34' title='bbox 1116 524 1186 579; x_wconf 90' lang='lat' dir='ltr'>ad</span> <span class='ocrx_word' id='word_1_35' title='bbox 1209 534 1425 597; x_wconf 90' lang='lat' dir='ltr'>portum</span> <span class='ocrx_word' id='word_1_36' title='bbox 1441 567 1453 590; x_wconf 89' lang='lat'>‚</span> <span class='ocrx_word' id='word_1_37' title='bbox 1496 539 1605 598; x_wconf 88' lang='lat' dir='ltr'>quo</span> <span class='ocrx_word' id='word_1_38' title='bbox 1623 540 1756 597; x_wconf 87' lang='lat' dir='ltr'>pro-</span> 
     </span>
     <span class='ocr_line' id='line_1_6' title="bbox 159 597 1754 673; baseline 0.001 -18"><span class='ocrx_word' id='word_1_39' title='bbox 159 607 377 673; x_wconf 87' lang='lat' dir='ltr'>perant.</span> <span class='ocrx_word' id='word_1_40' title='bbox 453 597 724 667; x_wconf 84' lang='lat' dir='ltr'>Quoniam</span> <span class='ocrx_word' id='word_1_41' title='bbox 752 598 921 671; x_wconf 85' lang='lat' dir='ltr'>igitur</span> <span class='ocrx_word' id='word_1_42' title='bbox 941 599 1219 672; x_wconf 80' lang='lat' dir='ltr'>navigatio</span> <span class='ocrx_word' id='word_1_43' title='bbox 1238 615 1378 671; x_wconf 89' lang='lat' dir='ltr'>opus</span> <span class='ocrx_word' id='word_1_44' title='bbox 1400 608 1483 656; x_wconf 85' lang='lat' dir='ltr'>est</span> <span class='ocrx_word' id='word_1_45' title='bbox 1498 600 1754 657; x_wconf 85' lang='lat' dir='ltr'>mirabile</span> 
     </span>
     <span class='ocr_line' id='line_1_7' title="bbox 160 673 1756 751; baseline 0 -21"><span class='ocrx_word' id='word_1_46' title='bbox 160 684 215 731; x_wconf 89' lang='lat' dir='ltr'>et</span> <span class='ocrx_word' id='word_1_47' title='bbox 246 673 426 729; x_wconf 87' lang='lat' dir='ltr'>audax</span> <span class='ocrx_word' id='word_1_48' title='bbox 452 673 619 728; x_wconf 86' lang='lat' dir='ltr'>nimis</span> <span class='ocrx_word' id='word_1_49' title='bbox 649 690 789 751; x_wconf 84' lang='lat' dir='ltr'>opus</span> <span class='ocrx_word' id='word_1_50' title='bbox 814 678 1100 746; x_wconf 84' lang='lat' dir='ltr'>putaretur</span> <span class='ocrx_word' id='word_1_51' title='bbox 1125 673 1403 729; x_wconf 77' lang='lat' dir='ltr'>terricolas</span> <span class='ocrx_word' id='word_1_52' title='bbox 1434 676 1569 730; x_wconf 82' lang='lat' dir='ltr'>istos</span> <span class='ocrx_word' id='word_1_53' title='bbox 1593 690 1756 747; x_wconf 86' lang='lat' dir='ltr'>prae·-</span> 
     </span>
     <span class='ocr_line' id='line_1_8' title="bbox 160 748 1754 821; baseline 0 -16"><span class='ocrx_word' id='word_1_54' title='bbox 160 766 381 805; x_wconf 86' lang='lat' dir='ltr'>sumere</span> <span class='ocrx_word' id='word_1_55' title='bbox 400 757 730 804; x_wconf 79' lang='lat' dir='ltr'><strong>transmeare</strong></span> <span class='ocrx_word' id='word_1_56' title='bbox 748 748 1091 821; x_wconf 86' lang='lat' dir='ltr'>provinciam</span> <span class='ocrx_word' id='word_1_57' title='bbox 1113 764 1142 803; x_wconf 82' lang='lat' dir='ltr'>a</span> <span class='ocrx_word' id='word_1_58' title='bbox 1163 756 1352 805; x_wconf 88' lang='lat' dir='ltr'>natura</span> <span class='ocrx_word' id='word_1_59' title='bbox 1375 748 1556 804; x_wconf 87' lang='lat' dir='ltr'>datam</span> <span class='ocrx_word' id='word_1_60' title='bbox 1585 766 1754 821; x_wconf 88' lang='lat' dir='ltr'>aqua-</span> 
     </span>
     <span class='ocr_line' id='line_1_9' title="bbox 159 820 1755 888; baseline -0.001 -7"><span class='ocrx_word' id='word_1_61' title='bbox 159 823 385 888; x_wconf 84' lang='lat' dir='ltr'>tilibus,</span> <span class='ocrx_word' id='word_1_62' title='bbox 428 840 651 879; x_wconf 88' lang='lat' dir='ltr'>necesse</span> <span class='ocrx_word' id='word_1_63' title='bbox 682 830 795 879; x_wconf 90' lang='lat' dir='ltr'>erat</span> <span class='ocrx_word' id='word_1_64' title='bbox 824 840 916 879; x_wconf 88' lang='lat' dir='ltr'>eos</span> <span class='ocrx_word' id='word_1_65' title='bbox 944 825 1026 878; x_wconf 92' lang='lat' dir='ltr'>uti</span> <span class='ocrx_word' id='word_1_66' title='bbox 1056 822 1266 879; x_wconf 87' lang='lat' dir='ltr'>divinis</span> <span class='ocrx_word' id='word_1_67' title='bbox 1288 820 1552 879; x_wconf 88' lang='lat' dir='ltr'>ducibus:</span> <span class='ocrx_word' id='word_1_68' title='bbox 1616 824 1755 880; x_wconf 87' lang='lat' dir='ltr'>alio-</span> 
     </span>
     <span class='ocr_line' id='line_1_10' title="bbox 161 897 1754 971; baseline 0.001 -18"><span class='ocrx_word' id='word_1_69' title='bbox 161 900 299 971; x_wconf 88' lang='lat' dir='ltr'>quin</span> <span class='ocrx_word' id='word_1_70' title='bbox 337 897 656 957; x_wconf 83' lang='lat' dir='ltr'>huiusmodi</span> <span class='ocrx_word' id='word_1_71' title='bbox 693 898 935 961; x_wconf 81' lang='lat' dir='ltr'>itineris,</span> <span class='ocrx_word' id='word_1_72' title='bbox 976 897 1089 953; x_wconf 86' lang='lat' dir='ltr'>diis</span> <span class='ocrx_word' id='word_1_73' title='bbox 1127 898 1258 953; x_wconf 87' lang='lat' dir='ltr'>solis</span> <span class='ocrx_word' id='word_1_74' title='bbox 1298 900 1439 964; x_wconf 90' lang='lat' dir='ltr'>noti,</span> <span class='ocrx_word' id='word_1_75' title='bbox 1489 914 1558 971; x_wconf 89' lang='lat' dir='ltr'>pe</span> <span class='ocrx_word' id='word_1_76' title='bbox 1629 907 1754 955; x_wconf 88' lang='lat' dir='ltr'>etua</span> 
     </span>
     <span class='ocr_line' id='line_1_11' title="bbox 161 972 1754 1047; baseline 0.001 -20"><span class='ocrx_word' id='word_1_77' title='bbox 161 974 433 1047; x_wconf 81' lang='lat' dir='ltr'>ignoratio</span> <span class='ocrx_word' id='word_1_78' title='bbox 450 975 508 1027; x_wconf 90' lang='lat' dir='ltr'>in</span> <span class='ocrx_word' id='word_1_79' title='bbox 528 990 692 1029; x_wconf 86' lang='lat' dir='ltr'>causa</span> <span class='ocrx_word' id='word_1_80' title='bbox 713 981 857 1028; x_wconf 87' lang='lat' dir='ltr'>esset</span> <span class='ocrx_word' id='word_1_81' title='bbox 870 1014 883 1037; x_wconf 90' lang='lat'>‚</span> <span class='ocrx_word' id='word_1_82' title='bbox 910 979 970 1027; x_wconf 86' lang='lat' dir='ltr'>ut</span> <span class='ocrx_word' id='word_1_83' title='bbox 988 989 1148 1028; x_wconf 87' lang='lat' dir='ltr'>nemo</span> <span class='ocrx_word' id='word_1_84' title='bbox 1168 974 1273 1028; x_wconf 86' lang='lat' dir='ltr'>iter</span> <span class='ocrx_word' id='word_1_85' title='bbox 1293 972 1511 1029; x_wconf 79' lang='lat' dir='ltr'>faceret.</span> <span class='ocrx_word' id='word_1_86' title='bbox 1631 990 1754 1031; x_wconf 82' lang='lat' dir='ltr'>rae-</span> 
     </span>
     <span class='ocr_line' id='line_1_12' title="bbox 160 1046 1753 1104; baseline 0 -1"><span class='ocrx_word' id='word_1_87' title='bbox 160 1057 245 1103; x_wconf 87' lang='lat' dir='ltr'>ter</span> <span class='ocrx_word' id='word_1_88' title='bbox 274 1048 422 1104; x_wconf 87' lang='lat' dir='ltr'>enim</span> <span class='ocrx_word' id='word_1_89' title='bbox 451 1048 583 1103; x_wconf 82' lang='lat' dir='ltr'>solis</span> <span class='ocrx_word' id='word_1_90' title='bbox 602 1046 1076 1103; x_wconf 75' lang='lat' dir='ltr'>evidentissimam</span> <span class='ocrx_word' id='word_1_91' title='bbox 1096 1047 1485 1103; x_wconf 83' lang='lat' dir='ltr'>indicationem</span> <span class='ocrx_word' id='word_1_92' title='bbox 1506 1048 1753 1103; x_wconf 85' lang='lat' dir='ltr'>Plaustra</span> 
     </span>
     <span class='ocr_line' id='line_1_13' title="bbox 164 1120 1754 1196; baseline -0.001 -18"><span class='ocrx_word' id='word_1_93' title='bbox 164 1124 345 1195; x_wconf 84' lang='lat' dir='ltr'>magis</span> <span class='ocrx_word' id='word_1_94' title='bbox 363 1120 609 1178; x_wconf 83' lang='lat' dir='ltr'>indicant</span> <span class='ocrx_word' id='word_1_95' title='bbox 627 1121 775 1176; x_wconf 78' lang='lat' dir='ltr'>viam</span> <span class='ocrx_word' id='word_1_96' title='bbox 794 1122 1206 1195; x_wconf 82' lang='lat' dir='ltr'>navigantibus.</span> <span class='ocrx_word' id='word_1_97' title='bbox 1270 1124 1367 1178; x_wconf 87' lang='lat' dir='ltr'>Die</span> <span class='ocrx_word' id='word_1_98' title='bbox 1387 1124 1536 1179; x_wconf 88' lang='lat' dir='ltr'>enim</span> <span class='ocrx_word' id='word_1_99' title='bbox 1555 1140 1754 1196; x_wconf 81' lang='lat' dir='ltr'>perva-</span> 
     </span>
     <span class='ocr_line' id='line_1_14' title="bbox 161 1196 1750 1271; baseline 0.001 -19"><span class='ocrx_word' id='word_1_100' title='bbox 161 1204 327 1271; x_wconf 85' lang='lat' dir='ltr'>gatur</span> <span class='ocrx_word' id='word_1_101' title='bbox 342 1197 499 1250; x_wconf 77' lang='lat' dir='ltr'>navis</span> <span class='ocrx_word' id='word_1_102' title='bbox 512 1238 525 1261; x_wconf 89' lang='lat'><strong>‚</strong></span> <span class='ocrx_word' id='word_1_103' title='bbox 548 1205 602 1251; x_wconf 85' lang='lat' dir='ltr'>et</span> <span class='ocrx_word' id='word_1_104' title='bbox 622 1206 779 1252; x_wconf 82' lang='lat' dir='ltr'>nocte</span> <span class='ocrx_word' id='word_1_105' title='bbox 798 1206 986 1269; x_wconf 80' lang='lat' dir='ltr'>postea</span> <span class='ocrx_word' id='word_1_106' title='bbox 1006 1196 1078 1252; x_wconf 88' lang='lat' dir='ltr'>ad</span> <span class='ocrx_word' id='word_1_107' title='bbox 1099 1206 1301 1252; x_wconf 84' lang='lat' dir='ltr'>rectam</span> <span class='ocrx_word' id='word_1_108' title='bbox 1320 1197 1582 1271; x_wconf 79' lang='lat' dir='ltr'>dirigitur</span> <span class='ocrx_word' id='word_1_109' title='bbox 1603 1200 1750 1255; x_wconf 87' lang='lat' dir='ltr'>viam</span> 
     </span>
     <span class='ocr_line' id='line_1_15' title="bbox 161 1270 1750 1347; baseline 0.003 -22"><span class='ocrx_word' id='word_1_110' title='bbox 161 1273 255 1326; x_wconf 84' lang='lat' dir='ltr'>his</span> <span class='ocrx_word' id='word_1_111' title='bbox 283 1270 545 1335; x_wconf 85' lang='lat' dir='ltr'>ducibus,</span> <span class='ocrx_word' id='word_1_112' title='bbox 594 1271 842 1327; x_wconf 80' lang='lat' dir='ltr'>adbibita</span> <span class='ocrx_word' id='word_1_113' title='bbox 870 1273 1055 1328; x_wconf 77' lang='lat' dir='ltr'>navali</span> <span class='ocrx_word' id='word_1_114' title='bbox 1084 1273 1304 1343; x_wconf 85' lang='lat' dir='ltr'>peritia.</span> <span class='ocrx_word' id='word_1_115' title='bbox 1385 1274 1456 1329; x_wconf 87' lang='lat' dir='ltr'>De</span> <span class='ocrx_word' id='word_1_116' title='bbox 1495 1273 1584 1329; x_wconf 85' lang='lat' dir='ltr'>his</span> <span class='ocrx_word' id='word_1_117' title='bbox 1620 1290 1750 1347; x_wconf 84' lang='lat' dir='ltr'>ergo</span> 
     </span>
     <span class='ocr_line' id='line_1_16' title="bbox 159 1347 317 1401; baseline -0.019 0"><span class='ocrx_word' id='word_1_118' title='bbox 159 1347 317 1401; x_wconf 82' lang='lat' dir='ltr'>satis.</span> 
     </span>
    </p>
   </div>
   <div class='ocr_carea' id='block_1_3' title="bbox 153 1450 1752 2796">
    <p class='ocr_par' dir='ltr' id='par_1_3' title="bbox 153 1450 1752 2796">
     <span class='ocr_line' id='line_1_17' title="bbox 274 1450 1750 1523; baseline 0.003 -18"><span class='ocrx_word' id='word_1_119' title='bbox 274 1451 359 1505; x_wconf 84' lang='lat'>76.</span> <span class='ocrx_word' id='word_1_120' title='bbox 408 1451 478 1506; x_wconf 84' lang='lat' dir='ltr'>At</span> <span class='ocrx_word' id='word_1_121' title='bbox 506 1451 667 1507; x_wconf 90' lang='lat' dir='ltr'>iubar</span> <span class='ocrx_word' id='word_1_122' title='bbox 694 1450 909 1516; x_wconf 72' lang='lat' dir='ltr'>Lunae,</span> <span class='ocrx_word' id='word_1_123' title='bbox 949 1450 1269 1523; x_wconf 87' lang='lat' dir='ltr'>inquiebas,</span> <span class='ocrx_word' id='word_1_124' title='bbox 1309 1469 1417 1508; x_wconf 90' lang='lat' dir='ltr'>non</span> <span class='ocrx_word' id='word_1_125' title='bbox 1446 1450 1750 1509; x_wconf 87' lang='lat' dir='ltr'>secundum</span> 
     </span>
     <span class='ocr_line' id='line_1_18' title="bbox 158 1524 1752 1599; baseline 0.001 -17"><span class='ocrx_word' id='word_1_126' title='bbox 158 1524 562 1599; x_wconf 79' lang='lat' dir='ltr'>providentiam</span> <span class='ocrx_word' id='word_1_127' title='bbox 591 1540 740 1589; x_wconf 83' lang='lat' dir='ltr'>esse,</span> <span class='ocrx_word' id='word_1_128' title='bbox 783 1526 881 1581; x_wconf 85' lang='lat' dir='ltr'>sed</span> <span class='ocrx_word' id='word_1_129' title='bbox 908 1527 1214 1582; x_wconf 82' lang='lat' dir='ltr'>secundum</span> <span class='ocrx_word' id='word_1_130' title='bbox 1251 1528 1658 1599; x_wconf 76' lang='lat' dir='ltr'>perceptionem</span> <span class='ocrx_word' id='word_1_131' title='bbox 1699 1538 1752 1584; x_wconf 89' lang='lat' dir='ltr'>et</span> 
     </span>
     <span class='ocr_line' id='line_1_19' title="bbox 158 1600 1748 1675; baseline 0.001 -19"><span class='ocrx_word' id='word_1_132' title='bbox 158 1600 678 1675; x_wconf 77' lang='lat' dir='ltr'>redintegrationem</span> <span class='ocrx_word' id='word_1_133' title='bbox 719 1600 861 1655; x_wconf 88' lang='lat' dir='ltr'>lucis</span> <span class='ocrx_word' id='word_1_134' title='bbox 900 1602 1094 1657; x_wconf 84' lang='lat' dir='ltr'>solaris</span> <span class='ocrx_word' id='word_1_135' title='bbox 1109 1644 1122 1667; x_wconf 90' lang='lat'>‚</span> <span class='ocrx_word' id='word_1_136' title='bbox 1171 1618 1202 1656; x_wconf 81' lang='lat' dir='ltr'>a</span> <span class='ocrx_word' id='word_1_137' title='bbox 1237 1616 1348 1673; x_wconf 86' lang='lat' dir='ltr'>quo</span> <span class='ocrx_word' id='word_1_138' title='bbox 1385 1605 1748 1675; x_wconf 79' lang='lat' dir='ltr'>componitur.</span> 
     </span>
     <span class='ocr_line' id='line_1_20' title="bbox 156 1674 1752 1749; baseline 0.001 -18"><span class='ocrx_word' id='word_1_139' title='bbox 156 1676 278 1748; x_wconf 84' lang='lat' dir='ltr'>Ego</span> <span class='ocrx_word' id='word_1_140' title='bbox 302 1685 483 1730; x_wconf 89' lang='lat' dir='ltr'>tamen</span> <span class='ocrx_word' id='word_1_141' title='bbox 504 1692 575 1730; x_wconf 81' lang='lat' dir='ltr'>ex</span> <span class='ocrx_word' id='word_1_142' title='bbox 593 1674 823 1729; x_wconf 80' lang='lat' dir='ltr'>adverso</span> <span class='ocrx_word' id='word_1_143' title='bbox 842 1686 1223 1747; x_wconf 80' lang='lat' dir='ltr'>argumentum</span> <span class='ocrx_word' id='word_1_144' title='bbox 1241 1676 1302 1731; x_wconf 91' lang='lat' dir='ltr'>id</span> <span class='ocrx_word' id='word_1_145' title='bbox 1321 1675 1544 1733; x_wconf 84' lang='lat' dir='ltr'>divinae</span> <span class='ocrx_word' id='word_1_146' title='bbox 1562 1680 1752 1749; x_wconf 74' lang='lat' dir='ltr'>provi-</span> 
     </span>
     <span class='ocr_line' id='line_1_21' title="bbox 155 1744 1752 1821; baseline 0 -16"><span class='ocrx_word' id='word_1_147' title='bbox 155 1750 379 1805; x_wconf 89' lang='lat' dir='ltr'>dentiae</span> <span class='ocrx_word' id='word_1_148' title='bbox 400 1766 521 1803; x_wconf 89' lang='lat' dir='ltr'>esse</span> <span class='ocrx_word' id='word_1_149' title='bbox 540 1764 743 1803; x_wconf 86' lang='lat' dir='ltr'>assero.</span> <span class='ocrx_word' id='word_1_150' title='bbox 810 1749 873 1802; x_wconf 89' lang='lat' dir='ltr'>In</span> <span class='ocrx_word' id='word_1_151' title='bbox 891 1750 1090 1819; x_wconf 85' lang='lat' dir='ltr'>primis</span> <span class='ocrx_word' id='word_1_152' title='bbox 1109 1750 1258 1803; x_wconf 85' lang='lat' dir='ltr'>enim</span> <span class='ocrx_word' id='word_1_153' title='bbox 1273 1744 1550 1805; x_wconf 79' lang='lat' dir='ltr'>mensium&#39;</span> <span class='ocrx_word' id='word_1_154' title='bbox 1568 1752 1752 1821; x_wconf 85' lang='lat' dir='ltr'>perio-</span> 
     </span>
     <span class='ocr_line' id='line_1_22' title="bbox 155 1822 1752 1895; baseline -0.001 -16"><span class='ocrx_word' id='word_1_155' title='bbox 155 1826 261 1880; x_wconf 83' lang='lat' dir='ltr'>dos</span> <span class='ocrx_word' id='word_1_156' title='bbox 282 1823 435 1878; x_wconf 87' lang='lat' dir='ltr'>Luna</span> <span class='ocrx_word' id='word_1_157' title='bbox 454 1823 702 1895; x_wconf 88' lang='lat' dir='ltr'>apposite</span> <span class='ocrx_word' id='word_1_158' title='bbox 718 1823 1009 1892; x_wconf 83' lang='lat' dir='ltr'>coaptavit,</span> <span class='ocrx_word' id='word_1_159' title='bbox 1039 1837 1183 1892; x_wconf 87' lang='lat' dir='ltr'>quae</span> <span class='ocrx_word' id='word_1_160' title='bbox 1201 1822 1432 1877; x_wconf 85' lang='lat' dir='ltr'>totidem</span> <span class='ocrx_word' id='word_1_161' title='bbox 1449 1832 1579 1878; x_wconf 88' lang='lat' dir='ltr'>sunt</span> <span class='ocrx_word' id='word_1_162' title='bbox 1596 1828 1752 1879; x_wconf 81' lang='lat' dir='ltr'>men-</span> 
     </span>
     <span class='ocr_line' id='line_1_23' title="bbox 154 1895 1752 1966; baseline -0.001 -12"><span class='ocrx_word' id='word_1_163' title='bbox 154 1914 321 1955; x_wconf 84' lang='lat' dir='ltr'>surae</span> <span class='ocrx_word' id='word_1_164' title='bbox 342 1912 535 1952; x_wconf 88' lang='lat' dir='ltr'>cursus</span> <span class='ocrx_word' id='word_1_165' title='bbox 556 1895 783 1951; x_wconf 75' lang='lat' dir='ltr'>Solaria.</span> <span class='ocrx_word' id='word_1_166' title='bbox 828 1895 1037 1950; x_wconf 88' lang='lat' dir='ltr'>Deinde</span> <span class='ocrx_word' id='word_1_167' title='bbox 1054 1910 1155 1966; x_wconf 87' lang='lat' dir='ltr'>per</span> <span class='ocrx_word' id='word_1_168' title='bbox 1173 1896 1572 1951; x_wconf 85' lang='lat' dir='ltr'>incrementum</span> <span class='ocrx_word' id='word_1_169' title='bbox 1589 1906 1644 1953; x_wconf 90' lang='lat' dir='ltr'>et</span> <span class='ocrx_word' id='word_1_170' title='bbox 1661 1897 1752 1953; x_wconf 85' lang='lat' dir='ltr'>di-</span> 
     </span>
     <span class='ocr_line' id='line_1_24' title="bbox 156 1969 1752 2042; baseline -0.004 -11"><span class='ocrx_word' id='word_1_171' title='bbox 156 1973 525 2031; x_wconf 87' lang='lat' dir='ltr'>minutionem</span> <span class='ocrx_word' id='word_1_172' title='bbox 544 1970 874 2026; x_wconf 83' lang='lat' dir='ltr'>variationes</span> <span class='ocrx_word' id='word_1_173' title='bbox 904 1969 1466 2041; x_wconf 75' lang='lat' dir='ltr'>commutationesque</span> <span class='ocrx_word' id='word_1_174' title='bbox 1482 1986 1582 2042; x_wconf 89' lang='lat' dir='ltr'>pro</span> <span class='ocrx_word' id='word_1_175' title='bbox 1601 1986 1752 2026; x_wconf 87' lang='lat' dir='ltr'>emo-</span> 
     </span>
     <span class='ocr_line' id='line_1_25' title="bbox 156 2043 1750 2119; baseline -0.003 -13"><span class='ocrx_word' id='word_1_176' title='bbox 156 2052 405 2106; x_wconf 87' lang='lat' dir='ltr'>lumento</span> <span class='ocrx_word' id='word_1_177' title='bbox 426 2046 677 2119; x_wconf 74' lang='lat' dir='ltr'>universi</span> <span class='ocrx_word' id='word_1_178' title='bbox 707 2044 857 2100; x_wconf 78' lang='lat' dir='ltr'>facit.</span> <span class='ocrx_word' id='word_1_179' title='bbox 935 2043 1130 2100; x_wconf 87' lang='lat' dir='ltr'>Fidem</span> <span class='ocrx_word' id='word_1_180' title='bbox 1156 2043 1364 2099; x_wconf 83' lang='lat' dir='ltr'>faciunt</span> <span class='ocrx_word' id='word_1_181' title='bbox 1387 2054 1590 2103; x_wconf 80' lang='lat' dir='ltr'>certam</span> <span class='ocrx_word' id='word_1_182' title='bbox 1607 2063 1750 2117; x_wconf 86' lang='lat' dir='ltr'>quae</span> 
     </span>
     <span class='ocr_line' id='line_1_26' title="bbox 153 2119 1752 2185; baseline -0.003 -5"><span class='ocrx_word' id='word_1_183' title='bbox 153 2127 219 2180; x_wconf 90' lang='lat' dir='ltr'>in</span> <span class='ocrx_word' id='word_1_184' title='bbox 256 2124 375 2179; x_wconf 75' lang='lat' dir='ltr'>ae&#39;re</span> <span class='ocrx_word' id='word_1_185' title='bbox 402 2130 532 2177; x_wconf 85' lang='lat' dir='ltr'>sunt</span> <span class='ocrx_word' id='word_1_186' title='bbox 556 2119 898 2177; x_wconf 87' lang='lat' dir='ltr'>conditiones</span> <span class='ocrx_word' id='word_1_187' title='bbox 928 2127 1131 2183; x_wconf 57' lang='lat' dir='ltr'>status,</span> <span class='ocrx_word' id='word_1_188' title='bbox 1173 2120 1520 2185; x_wconf 78' lang='lat' dir='ltr'>serenitates,</span> <span class='ocrx_word' id='word_1_189' title='bbox 1558 2130 1752 2176; x_wconf 80' lang='lat' dir='ltr'>vento·-</span> 
     </span>
     <span class='ocr_line' id='line_1_27' title="bbox 156 2190 1750 2269; baseline -0.003 -15"><span class='ocrx_word' id='word_1_190' title='bbox 156 2215 284 2269; x_wconf 75' lang='lat' dir='ltr'>rum</span> <span class='ocrx_word' id='word_1_191' title='bbox 311 2190 669 2260; x_wconf 82' lang='lat' dir='ltr'>cessationes,</span> <span class='ocrx_word' id='word_1_192' title='bbox 714 2194 919 2259; x_wconf 83' lang='lat' dir='ltr'>nubes,</span> <span class='ocrx_word' id='word_1_193' title='bbox 964 2193 1256 2249; x_wconf 84' lang='lat' dir='ltr'>violentiae</span> <span class='ocrx_word' id='word_1_194' title='bbox 1282 2202 1568 2249; x_wconf 85' lang='lat' dir='ltr'>ventorum</span> <span class='ocrx_word' id='word_1_195' title='bbox 1587 2195 1750 2252; x_wconf 84' lang='lat' dir='ltr'>ethis</span> 
     </span>
     <span class='ocr_line' id='line_1_28' title="bbox 157 2266 1750 2344; baseline -0.001 -17"><span class='ocrx_word' id='word_1_196' title='bbox 157 2272 394 2328; x_wconf 89' lang='lat' dir='ltr'>similia:</span> <span class='ocrx_word' id='word_1_197' title='bbox 452 2279 731 2344; x_wconf 86' lang='lat' dir='ltr'>praeterea</span> <span class='ocrx_word' id='word_1_198' title='bbox 750 2269 1051 2326; x_wconf 73' lang='lat' dir='ltr'>vastissimi</span> <span class='ocrx_word' id='word_1_199' title='bbox 1075 2269 1241 2325; x_wconf 88' lang='lat' dir='ltr'>maris</span> <span class='ocrx_word' id='word_1_200' title='bbox 1269 2266 1538 2338; x_wconf 75' lang='lat' dir='ltr'>refluxus3</span> <span class='ocrx_word' id='word_1_201' title='bbox 1601 2286 1750 2325; x_wconf 88' lang='lat' dir='ltr'>nunc</span> 
     </span>
     <span class='ocr_line' id='line_1_29' title="bbox 158 2336 1750 2409; baseline -0.002 -7"><span class='ocrx_word' id='word_1_202' title='bbox 158 2349 311 2403; x_wconf 89' lang='lat' dir='ltr'>enim</span> <span class='ocrx_word' id='word_1_203' title='bbox 332 2347 589 2402; x_wconf 86' lang='lat' dir='ltr'>deorsum</span> <span class='ocrx_word' id='word_1_204' title='bbox 612 2345 936 2402; x_wconf 82' lang='lat' dir='ltr'>absorbetur</span> <span class='ocrx_word' id='word_1_205' title='bbox 949 2384 963 2409; x_wconf 86' lang='lat'>‚</span> <span class='ocrx_word' id='word_1_206' title='bbox 994 2360 1144 2399; x_wconf 86' lang='lat' dir='ltr'>nunc</span> <span class='ocrx_word' id='word_1_207' title='bbox 1163 2336 1360 2401; x_wconf 86' lang='lat' dir='ltr'>iterum</span> <span class='ocrx_word' id='word_1_208' title='bbox 1379 2342 1641 2401; x_wconf 89' lang='lat' dir='ltr'>fluctibus</span> <span class='ocrx_word' id='word_1_209' title='bbox 1662 2362 1750 2399; x_wconf 91' lang='lat' dir='ltr'>re-</span> 
     </span>
     <span class='ocr_line' id='line_1_30' title="bbox 158 2416 1750 2495; baseline -0.002 -17"><span class='ocrx_word' id='word_1_210' title='bbox 158 2422 297 2478; x_wconf 86' lang='lat' dir='ltr'>silit.</span> <span class='ocrx_word' id='word_1_211' title='bbox 375 2423 611 2478; x_wconf 80' lang='lat' dir='ltr'>Maxime</span> <span class='ocrx_word' id='word_1_212' title='bbox 648 2437 781 2477; x_wconf 82' lang='lat' dir='ltr'>vero</span> <span class='ocrx_word' id='word_1_213' title='bbox 810 2416 884 2495; x_wconf 83' lang='lat'>[*]</span> <span class='ocrx_word' id='word_1_214' title='bbox 916 2420 1239 2476; x_wconf 82' lang='lat' dir='ltr'>animalium</span> <span class='ocrx_word' id='word_1_215' title='bbox 1273 2419 1618 2492; x_wconf 85' lang='lat' dir='ltr'>quorundam</span> <span class='ocrx_word' id='word_1_216' title='bbox 1653 2438 1750 2475; x_wconf 87' lang='lat' dir='ltr'>va-</span> 
     </span>
     <span class='ocr_line' id='line_1_31' title="bbox 156 2496 1749 2568; baseline -0.001 -16"><span class='ocrx_word' id='word_1_217' title='bbox 156 2498 419 2553; x_wconf 86' lang='lat' dir='ltr'>riationes</span> <span class='ocrx_word' id='word_1_218' title='bbox 440 2496 860 2568; x_wconf 88' lang='lat' dir='ltr'>adimpletorum</span> <span class='ocrx_word' id='word_1_219' title='bbox 880 2503 1394 2566; x_wconf 59' lang='lat' dir='ltr'>evacuatamque,</span> <span class='ocrx_word' id='word_1_220' title='bbox 1421 2496 1567 2551; x_wconf 84' lang='lat' dir='ltr'>sieut</span> <span class='ocrx_word' id='word_1_221' title='bbox 1582 2504 1749 2551; x_wconf 85' lang='lat' dir='ltr'>testa-</span> 
     </span>
     <span class='ocr_line' id='line_1_32' title="bbox 160 2570 1749 2643; baseline -0.001 -15"><span class='ocrx_word' id='word_1_222' title='bbox 160 2590 381 2628; x_wconf 89' lang='lat' dir='ltr'>ceorum</span> <span class='ocrx_word' id='word_1_223' title='bbox 402 2573 539 2627; x_wconf 88' lang='lat' dir='ltr'>ratio</span> <span class='ocrx_word' id='word_1_224' title='bbox 559 2571 723 2627; x_wconf 87' lang='lat' dir='ltr'>habet</span> <span class='ocrx_word' id='word_1_225' title='bbox 736 2612 749 2636; x_wconf 90' lang='lat'>‚</span> <span class='ocrx_word' id='word_1_226' title='bbox 778 2570 1065 2643; x_wconf 80' lang='lat' dir='ltr'>etreliqua</span> <span class='ocrx_word' id='word_1_227' title='bbox 1079 2611 1093 2637; x_wconf 85' lang='lat'>‚</span> <span class='ocrx_word' id='word_1_228' title='bbox 1123 2587 1265 2642; x_wconf 89' lang='lat' dir='ltr'>quae</span> <span class='ocrx_word' id='word_1_229' title='bbox 1286 2571 1425 2626; x_wconf 87' lang='lat' dir='ltr'>mira</span> <span class='ocrx_word' id='word_1_230' title='bbox 1445 2570 1749 2627; x_wconf 83' lang='lat' dir='ltr'>incredibi-</span> 
     </span>
     <span class='ocr_line' id='line_1_33' title="bbox 160 2645 1748 2719; baseline -0.001 -16"><span class='ocrx_word' id='word_1_231' title='bbox 160 2649 345 2719; x_wconf 85' lang='lat' dir='ltr'>liaque</span> <span class='ocrx_word' id='word_1_232' title='bbox 372 2649 431 2702; x_wconf 85' lang='lat' dir='ltr'>in</span> <span class='ocrx_word' id='word_1_233' title='bbox 460 2665 519 2702; x_wconf 89' lang='lat' dir='ltr'>se</span> <span class='ocrx_word' id='word_1_234' title='bbox 546 2647 803 2719; x_wconf 85' lang='lat' dir='ltr'>probant,</span> <span class='ocrx_word' id='word_1_235' title='bbox 844 2662 1079 2719; x_wconf 85' lang='lat' dir='ltr'>quorum</span> <span class='ocrx_word' id='word_1_236' title='bbox 1105 2646 1326 2719; x_wconf 86' lang='lat' dir='ltr'>singula</span> <span class='ocrx_word' id='word_1_237' title='bbox 1353 2645 1421 2701; x_wconf 89' lang='lat' dir='ltr'>ad</span> <span class='ocrx_word' id='word_1_238' title='bbox 1449 2648 1616 2704; x_wconf 87' lang='lat' dir='ltr'>totius</span> <span class='ocrx_word' id='word_1_239' title='bbox 1633 2655 1748 2702; x_wconf 84' lang='lat' dir='ltr'>sta-</span> 
     </span>
     <span class='ocr_line' id='line_1_34' title="bbox 158 2722 1746 2796; baseline -0.001 -18"><span class='ocrx_word' id='word_1_240' title='bbox 158 2732 277 2778; x_wconf 86' lang='lat' dir='ltr'>tum</span> <span class='ocrx_word' id='word_1_241' title='bbox 298 2732 679 2796; x_wconf 88' lang='lat' dir='ltr'>cooperantur:</span> <span class='ocrx_word' id='word_1_242' title='bbox 722 2724 979 2795; x_wconf 83' lang='lat' dir='ltr'>quamvis</span> <span class='ocrx_word' id='word_1_243' title='bbox 998 2722 1146 2779; x_wconf 86' lang='lat' dir='ltr'>enim</span> <span class='ocrx_word' id='word_1_244' title='bbox 1166 2738 1264 2777; x_wconf 82' lang='lat' dir='ltr'>nos</span> <span class='ocrx_word' id='word_1_245' title='bbox 1285 2739 1622 2795; x_wconf 86' lang='lat' dir='ltr'>nequeamus</span> <span class='ocrx_word' id='word_1_246' title='bbox 1643 2724 1746 2778; x_wconf 85' lang='lat' dir='ltr'>rite</span> 
     </span>
    </p>
   </div>
  </div>
 </body>
</html>
