2125 3084
160 173 246 240 [11,
274 169 393 235 505]
523 175 603 222 IN
639 176 978 224 EXODUM.
1026 177 1284 224 SERMO
1323 181 1384 224 11.
1660 175 1755 228 351

245 310 344 361 Cur
382 307 551 359 Moses
584 309 912 374 quadrayinta
946 309 1109 359 diebus
1143 310 1422 376 totidemque
1464 315 1673 364 noctibus
1697 289 1711 302 ο

606 377 657 427 in
689 386 843 426 monte
868 383 1150 441 permanet?
1196 378 1316 445 (ib.)

275 483 360 537 49.
400 481 475 534 De
503 477 926 552 quadragesimo
955 496 1182 535 numero
1203 489 1258 535 et
1281 481 1555 551 quomodo
1580 482 1640 535 in
1661 501 1760 538 na-

160 565 282 612 tura
303 573 363 610 sc
384 555 608 619 habeat,
651 553 989 624 iampridem·
1008 563 1153 610 certe
1180 555 1486 610 indicatum
1515 555 1647 621 fuit,
1691 576 1760 613 ne

160 631 402 703 amplius
431 631 593 703 longe
623 630 775 701 loqui
804 629 1035 684 accidat.
1113 630 1176 684 Id
1195 639 1377 692 tamen
1398 631 1646 686 fortassis
1665 651 1761 687 su—

157 705 579 780 peraddendum
618 705 741 760 erit.
825 703 1144 759 Damnanda
1182 715 1296 761 erat
1313 705 1367 778 *)
1406 723 1543 778 gens
1579 715 1760 761 trans-

159 783 407 854 migrans
426 788 479 836 et
496 797 596 852 per
617 797 785 835 annos
806 779 1172 854 quadraginta
1191 782 1594 852 corruptionem
1624 783 1758 836 sub-

159 859 335 921 itura,
396 856 697 927 multiplici
726 856 951 910 invento
987 855 1256 910 beneficio
1286 864 1340 911 et
1377 857 1760 927 multipliciter

155 931 556 1006 ingratitudine
577 931 964 985 demonstrata.
1042 930 1277 1003 Aequali
1304 932 1490 1002 itaque
1516 940 1758 1004 tempore

155 1008 380 1063 dierum
415 1023 513 1079 pro
548 1007 709 1061 annis
748 1022 971 1060 sursum
996 1013 1230 1077 perstat,
1279 1006 1540 1078 precibus
1576 1025 1638 1062 ac
1671 1009 1758 1062 in-

152 1083 490 1138 tercessione
508 1081 871 1136 reconcilians
892 1087 1130 1152 patrem:
1161 1083 1400 1136 maxime
1420 1084 1480 1137 in
1501 1081 1598 1137 tali
1618 1092 1758 1138 tem—

152 1175 289 1231 pore
306 1199 319 1221 ,
361 1159 418 1211 in
446 1174 555 1228 quo
575 1165 628 1212 et
645 1156 738 1212 lex
755 1155 947 1210 divina
967 1155 1128 1211 datur
1145 1164 1198 1211 et
1217 1159 1470 1228 portatile
1489 1158 1756 1230 templum

152 1233 349 1288 verbis
382 1233 636 1305 erigitur,
687 1232 1007 1287 Testimonii
1048 1232 1483 1288 Tabernaculum
1521 1234 1753 1288 dictum.

154 1309 265 1364 Cui
286 1308 436 1362 enim
456 1315 569 1362 erat
587 1305 713 1361 lex?
750 1323 883 1361 num
903 1307 1012 1371 εἰς,
1051 1310 1152 1378 qui
1171 1308 1401 1379 perituri
1424 1307 1612 1363 erant?
1647 1309 1756 1364 Aut

154 1385 323 1438 cuius
344 1383 518 1455 gratia
538 1389 691 1437 erant
709 1381 1057 1437 oracula?·an
1080 1400 1268 1437 eorum
1284 1425 1297 1448 ,
1329 1384 1428 1455 qui
1446 1384 1612 1456 paulo
1631 1395 1757 1454 post

152 1457 498 1532 deperdendi
520 1456 707 1513 erant?
745 1456 1030 1512 Caeterum
1045 1458 1186 1513 mihi
1207 1458 1455 1522 videtur,
1498 1457 1647 1531 quod
1666 1458 1756 1516 di-

154 1545 243 1590 cat
274 1534 505 1606 aliquis:
548 1532 963 1588 Praesciebatne
992 1533 1138 1588 illud
1164 1533 1313 1606 quod
1343 1533 1585 1589 futurum
1603 1544 1755 1607 post-

153 1609 384 1665 modum
412 1617 527 1664 erat
556 1610 608 1662 ei
638 1606 949 1662 iudicium?
982 1608 1369 1664 Verumtamen
1391 1611 1489 1681 qui
1511 1610 1645 1665 haec
1667 1611 1756 1664 di·-

154 1688 233 1740 cit
247 1727 261 1751 ,
284 1685 532 1740 revolvet
550 1684 608 1737 in
628 1691 808 1738 mente
822 1725 835 1747 ‚
865 1683 1015 1754 quod
1034 1687 1214 1738 omnis
1237 1685 1418 1739 anima
1436 1685 1753 1755 prophetica

152 1762 263 1816 deo
285 1761 562 1823 initiatur,
605 1766 659 1812 et
684 1758 924 1830 plurima
952 1757 1260 1813 futurorum
1289 1776 1396 1813 non
1428 1759 1754 1830 cogitatione

151 1837 345 1911 potius
361 1875 374 1899 ,
412 1850 579 1906 quam
599 1831 789 1889 divino
807 1841 984 1890 oestro
1008 1851 1236 1888 securus
1257 1833 1601 1904 praescribit.

262 1975 341 2042 [⁸⁸]
419 1972 579 2032 Quare
603 1975 843 2040 primitias
882 1977 945 2025 ab
982 1975 1190 2024 omnibus
1225 1972 1366 2022 corde
1398 1972 1682 2022 volentibus.

616 2044 743 2093 iubet
777 2043 1025 2108 accipere?
1078 2047 1182 2107 (25,
1214 2042 1288 2102 2.)

268 2149 355 2202 50.
414 2145 513 2201 Cor
542 2163 688 2201 nunc
718 2163 817 2217 pro
842 2145 1143 2218 principali
1173 2141 1250 2217 (in
1282 2141 1522 2215 homine)
1549 2143 1609 2197 in
1637 2160 1753 2198 me·

132 2217 315 2279 'dium
345 2222 533 2277 sumit.
611 2221 743 2277 Vult
772 2237 902 2293 ergo
930 2220 1203 2290 primitias
1232 2218 1539 2273 voluntaria
1567 2217 1754 2274 indole

148 2298 367 2356 oblatas
404 2295 707 2364 introduci;
769 2295 1049 2358 div-initas¹
1077 2295 1224 2348 enim
1269 2311 1374 2348 non
1418 2293 1608 2365 indiga
1649 2301 1750 2348 est.

147 2375 262 2441 Qui
302 2389 433 2428 vero
470 2373 682 2427 invitus
720 2371 1008 2434 obtulerit,
1068 2371 1336 2424 oblivioni
1375 2368 1634 2428 traditur,
1694 2385 1753 2422 se

148 2453 342 2523 ipsum
383 2446 608 2502 fallens:
670 2464 845 2519 quum
879 2453 1166 2519 argentum
1204 2444 1433 2516 quidem
1471 2452 1563 2497 aut
1601 2441 1753 2498 aliud

148 2527 456 2596 quicquam
473 2521 864 2584 introduxerit,
904 2527 1168 2589 primitias
1197 2528 1378 2575 tamen
1408 2519 1637 2574 minime
1656 2518 1755 2574 ad-
1793 2575 1796 2582 ,

152 2599 401 2655 duxerit.
478 2596 955 2662 Quemadmodum
982 2603 1034 2650 et
1062 2596 1162 2667 qui
1201 2594 1521 2649 immolabat
1549 2595 1752 2649 hostias

257 2741 302 2788 ὓ)
349 2738 413 2779 Cf.
441 2748 573 2787 supra
597 2737 695 2777 Vol.
721 2737 797 2777 VI.
824 2747 866 2787 p.
894 2738 981 2778 275.
