2125 3084
162 189 380 258 [11,253.]
514 194 595 239 IN
634 193 988 241 GENEsm.
1036 194 1288 241 sunno
1323 196 1409 243 Ν.
1497 176 1504 191 “
1688 188 1756 241 75

162 298 317 351 strati
334 337 349 359 ‚
388 311 561 365 quam
581 310 689 348 non
711 293 841 349 licet
860 294 1119 349 omnibus
1137 292 1323 348 dicere
1338 336 1350 359 ,
1379 295 1642 367 quoniam
1668 296 1758 349 in-

164 370 430 426 consultis
460 369 821 441 indignisque
856 376 1130 423 secretum
1166 368 1467 438 patefacere
1499 370 1620 425 eius
1653 377 1754 433 est,

164 447 254 517 qui
283 445 527 499 destruit
566 452 619 497 et
658 445 854 498 evertit
884 444 1065 515 legem
1099 441 1452 514 perfectionis
1481 460 1760 499 sacrorum

166 536 507 575 arcanorum.
586 517 632 573 O
668 526 752 573 ter
786 518 1002 573 beatam
1030 526 1223 588 terque
1251 516 1470 572 felicem
1499 520 1754 582 animam,

163 597 215 649 in
234 612 352 666 qua
373 593 517 648 deus
534 609 643 647 non
664 600 751 647 est
767 592 1098 665 dedignatus
1115 592 1366 647 habitare
1387 600 1442 646 et
1460 592 1760 656 ambulare,

162 671 374 743 regiam
394 684 557 723 suam
576 685 641 722 ac
659 667 886 724 domum
904 668 1187 739 propriam
1205 666 1414 721 faciens
1429 708 1442 730 ,
1479 674 1542 721 ut
1568 666 1768 721 laetifi-

160 752 381 799 cantem
398 760 463 797 se
482 742 827 797 laetificaret!
878 744 993 797 Hoc
1012 742 1165 796 enim
1187 744 1412 797 omnino
1437 758 1634 795 verum
1663 750 1762 806 est,

157 818 335 891 quod,
350 818 452 889 qui
462 816 715 872 homines
726 815 1480 889 suscipiunt(hospitalitate),
1501 815 1768 871 exhibent

160 894 436 949 laetitiam
448 892 721 960 convivii3
754 893 855 963 qui
875 908 1007 947 vero
1024 892 1190 963 plane
1209 892 1472 963 impletur
1481 890 1586 946 deo
1597 907 1768 964 appa-

160 977 319 1023 rente
330 966 647 1022 intellectus
656 968 1011 1040 purissimus,
1036 967 1160 1038 ipse
1175 967 1358 1037 potius
1380 966 1488 1021 frui
1508 967 1767 1023 convivio

162 1041 445 1097 dicendus
480 1050 562 1097 est
590 1049 645 1095 et
674 1040 1005 1097 laetabunde
1023 1042 1276 1096 recreari.
1353 1042 1422 1095 Et
1442 1040 1578 1095 forte
1598 1042 1768 1095 nimis

161 1119 301 1181 rite,
347 1133 475 1170 nam
506 1115 797 1187 hospitalis
826 1117 948 1189 ipse
978 1131 1187 1189 egenus
1209 1125 1318 1179 est,
1359 1116 1563 1186 hospes
1585 1123 1768 1170 autem

164 1191 475 1246 adveniens
502 1190 715 1245 nullius
739 1190 1027 1263 indigene,
1071 1191 1170 1245 sed
1199 1190 1512 1245 ditissimus
1543 1206 1772 1262 magno-

165 1282 303 1337 pere
316 1306 330 1332 ,
374 1282 541 1336 quem
568 1273 875 1335 sequuntur
894 1264 1072 1321 fontes
1091 1266 1360 1321 bonorum
1380 1272 1648 1336 perpetuo
1665 1262 1773 1319 flu-

166 1341 411 1395 entium:
451 1357 522 1393 ex
538 1340 745 1409 quibus
766 1357 875 1394 non
894 1357 1085 1395 omnes
1099 1381 1112 1404 ‚
1149 1339 1250 1395 sed
1269 1341 1490 1411 proprie
1512 1339 1770 1395 mundio-

168 1432 259 1469 res
288 1422 523 1485 possunt
550 1414 774 1469 haurire
793 1421 983 1485 potum
1010 1415 1248 1469 laetitiae
1269 1416 1325 1468 in
1348 1416 1468 1486 ipsa
1490 1422 1770 1486 compota-

170 1491 348 1553 tione,
391 1489 450 1542 in
480 1506 589 1559 qua
615 1488 1006 1560 prophetarum
1035 1498 1090 1544 et
1118 1490 1435 1562 angelorum
1465 1488 1604 1561 (sive
1624 1507 1771 1544 nun·-

172 1562 397 1636 tiorum)
419 1560 763 1618 delectantur
782 1564 979 1627 animi,
1012 1563 1350 1619 voluntariae
1371 1564 1512 1637 legis
1531 1563 1771 1619 mandu-

174 1647 363 1692 cantes
382 1637 574 1693 cibum
590 1636 764 1710 pu'rae
784 1638 1086 1709 sapientiae
1108 1639 1175 1694 ab
1197 1640 1485 1694 invitatore
1507 1638 1629 1693 deo.

278 1844 355 1909 [Ἴ
390 1843 551 1900 Quare
577 1844 716 1895 dicit.-
761 1880 795 1909 ‚‚
809 1844 977 1897 Posuit
1000 1862 1161 1895 coram
1181 1846 1246 1894 eis
1257 1881 1270 1906 ,
1303 1854 1347 1893 et
1364 1842 1675 1892 manducave-

757 1916 941 1963 runffl‘?
988 1915 1097 1977 (18,
1120 1914 1195 1972 8.)

289 2050 341 2101 9.
382 2045 629 2108 Evidens
658 2054 745 2101 est
768 2046 911 2102 illud
937 2052 1407 2110 manducaverunt,
1451 2042 1773 2119 symbolice,

182 2122 411 2175 minime
436 2138 567 2176 vero
596 2122 787 2175 cibum
813 2122 1126 2193 proprium3
1179 2138 1288 2176 non
1315 2122 1463 2176 enim
1484 2118 1778 2175 comedunt

180 2194 397 2260 cibum,
450 2212 633 2267 neque
672 2196 875 2251 bibunt
912 2196 1150 2251 rubeum
1185 2198 1379 2252 vinum
1417 2196 1608 2251 felices
1646 2194 1778 2249 illae

182 2278 434 2333 naturae,
477 2270 578 2325 sed
608 2270 888 2325 annuendi
918 2271 1246 2344 benignitati
1276 2272 1504 2327 fidenter
1534 2269 1777 2340 rogantis

181 2344 388 2399 indicio
418 2352 520 2399 est.
610 2344 769 2400 Sicut
804 2345 953 2399 enim
985 2346 1237 2401 homines
1267 2346 1508 2417 hospitio
1538 2342 1776 2411 excepti,

182 2434 353 2489 quum
394 2418 539 2472 cibis
579 2419 947 2484 delectantur,
997 2420 1240 2494 gaudent
1279 2420 1347 2474 de
1385 2416 1631 2486 hospite,
1683 2414 1782 2483 qui

183 2493 332 2563 ipsos
361 2494 660 2557 recreavit,
714 2495 969 2549 similiter
1003 2504 1057 2549 et
1091 2495 1356 2549 divinitas
1385 2491 1455 2545 de
1485 2488 1630 2550 illis,
1679 2486 1780 2556 qui

184 2564 421 2622 fideliter
448 2584 515 2621 ac
541 2569 664 2621 sine
694 2568 1095 2624 abalienatione
1123 2574 1316 2622 curant
1341 2567 1394 2619 ei
1413 2560 1778 2631 complacere:

185 2641 529 2697 commodius
550 2643 701 2697 enim
722 2643 883 2698 cibus
902 2644 995 2699 dei
1020 2643 1228 2699 dicitur
1255 2640 1350 2711 pia
1379 2654 1443 2693 ac
1469 2634 1641 2707 proba
1671 2633 1785 2689 vita

186 2714 427 2771 bominis
447 2716 655 2772 virtute
678 2720 877 2773 ornati.
