2125 3084
166 176 253 241 [11,
282 172 399 238 sea]
790 178 891 225 DE
928 179 1144 225 10NA.·
1174 198 1182 205 ·
1234 219 1240 229 .
1667 172 1772 229 439,

166 296 389 352 quoque
428 278 595 335 habet
636 278 937 350 ingentem.
1035 277 1306 345 Quoniam
1349 296 1500 336 nunc
1545 282 1766 337 veniam
1831 266 1842 279 ’

168 353 476 413 concedens
516 361 730 409 nostrae
772 346 1086 425 fragilitati}
1131 370 1278 409 nunc
1306 370 1406 424 pro
1433 353 1576 412 dono
1604 347 1773 426 prae-i

168 440 319 487 stans
356 428 645 500 pulchram
683 428 972 485 scientiam
998 446 1183 492 suam,
1226 428 1347 499 ipse
1376 430 1678 500 permansit
1706 432 1766 485 in

166 504 389 578 propria
408 503 677 576 dignitate
690 542 705 570 ,
738 520 847 559 non
868 504 1044 557 visus,
1125 502 1285 557 Dedit
1305 511 1486 558 tamen
1505 502 1666 562 nohis
1695 504 1766 559 ad

169 578 551 637 videndumse
575 577 791 642 oculos,
836 578 981 632 datis
1009 578 1206 633 mundi
1235 578 1549 643 elementis,
1591 579 1762 643 cae10‚

168 656 282 711 sole
298 696 311 718 ‚
338 654 495 718 luna,
525 652 682 711 stella
704 654 971 710 matutina
982 653 1476 724 multitudinisque
1497 661 1768 709 astrorum

168 730 479 785 harmonia:
550 728 700 799 quod
728 728 777 783 si
807 729 993 803 ipsum
1022 727 1298 797 artificem·
1313 745 1424 783 non
1451 726 1760 793 videamus,

165 822 266 879 per
306 806 411 861 ista
451 802 743 859 artificiose
780 802 921 858 facta
969 819 1240 875 queamus
1285 804 1472 874 ipsum
1517 820 1777 860 noscere..

162 882 287 935 Non
306 879 443 935 satis
461 888 575 933 erat
595 877 665 933 ad
686 877 1127 949 cognoscendum
1150 876 1436 933 manifeste
1462 877 1628 935 deum
1658 878 1767 950 (vi-

162 954 317 1027 dere)
340 954 555 1009 caelum
574 970 741 1024 super
762 954 882 1007 aera
904 953 1164 1025 positum,
1195 970 1304 1008 seu.
1315 970 1482 1025 super
1502 953 1768 1009 invisibi-

163 1032 249 1087 les
268 1028 537 1099 quasdam
555 1027 839 1085 columnas
857 1026 1170 1103 firmatum?
1205 1030 1324 1083 Non
1345 1036 1460 1084 erat
1479 1026 1767 1085 sufficiens

163 1104 249 1160 sol
282 1102 355 1159 ad
383 1101 775 1160 notificandum
803 1104 1052 1176 aurigam
1069 1143 1082 1167 ‚
1125 1119 1298 1173 quum
1327 1104 1447 1175 ipse
1478 1120 1764 1159 mensura-

162 1189 279 1236 tam
310 1176 518 1233 habens
549 1186 824 1243 naturam,
868 1194 939 1231 ex
966 1177 1245 1232 invisibili
1274 1178 1512 1251 quadam
1549 1177 1759 1243 dextra,

163 1252 483 1310 extenditur
520 1252 579 1307 in
614 1252 937 1308 universum
975 1252 1284 1307 mundum?
1340 1252 1762 1310 Comburentem

160 1330 322 1389 illam
342 1337 589 1384 naturam
609 1328 759 1383 intus
780 1328 838 1382 in
873 1325 1065 1401 apside
1097 1328 1393 1394 conclusit,
1435 1330 1632 1384 caloris
1664 1348 1764 1384 au-

160 1416 273 1460 tem
304 1413 466 1461 usum
502 1404 875 1459 necessarium
914 1420 1013 1475 per
1049 1404 1233 1459 radios
1274 1402 1566 1479 irrigantes
1603 1422 1767 1477 prae-

163 1472 317 1549 stat3‘
369 1479 511 1535 radii
546 1476 619 1553 [*]
652 1487 833 1534 tamen
874 1470 965 1533 dei
1005 1478 1222 1551 opificis
1263 1495 1370 1535 non
1411 1481 1765 1549 circumscri-

160 1556 331 1623 bendi
362 1555 601 1611 dixerim
631 1552 870 1625 apsidis,
916 1554 1280 1626 adimplentes
1302 1556 1764 1612 circumscribunt

162 1633 512 1693 universum,
576 1630 721 1683 circa
760 1627 1029 1683 mundum
1065 1628 1460 1700 splendoribus
1497 1633 1757 1694 extensiS,

160 1706 543 1779 praedicantes
576 1702 645 1758 de
675 1702 777 1759 deo
807 1704 986 1776 deque
1018 1713 1131 1759 arte
1160 1708 1274 1777 sua·
1289 1706 1348 1760 in
1369 1703 1604 1760 excelsis
1623 1723 1763 1777 pen-

159 1782 345 1836 dente.
992 1780 995 1785 ’

277 1887 367 1941 34.
418 1883 517 1941 Sin
546 1890 729 1938 autem
757 1881 897 1947 haee
922 1901 1030 1941 non
1060 1882 1412 1939 sufficiebant
1440 1880 1506 1937 ad
1529 1882 1763 1937 manife-

164 1958 427 2019 standum
446 1957 680 2031 (deum),
711 1958 769 2013 in
788 1960 1022 2032 reliquis
1043 1977 1185 2031 quae
1207 1948 1455 2030 quotidie
1477 1966 1712 2029 aguntur
1733 1975 1762 2010 a

164 2037 299 2100 deo,
341 2034 531 2093 oculos
556 2050 793 2105 aequum
823 2043 937 2091 erat
964 2034 1288 2107 praefigere.
1366 2031 1513 2099 Quid
1542 2040 1623 2087 est
1660 2031 1763 2087 hoc

162 2112 345 2169 noctis
375 2109 558 2175 sidus,
602 2109 751 2182 quod
778 2110 977 2182 incipit
1001 2110 1162 2181 quasi
1185 2108 1254 2164 ab
1275 2109 1396 2163 ae're
1417 2115 1594 2162 ortum
1617 2106 1763 2161 acci—

160 2203 297 2259 pere
326 2193 379 2241 et
404 2186 483 2241 ita
511 2193 849 2241 constantem
874 2202 1009 2258 prae
1038 2202 1098 2239 se
1129 2184 1232 2244 fert
1253 2182 1580 2255 sapientiam
1599 2180 1764 2252 epifi-ff

158 2264 273 2327 cis,
316 2261 478 2332 quasi
506 2269 883 2319 mensuratum
914 2260 982 2315 de
1003 2260 1096 2314 die
1117 2261 1173 2316 in
1202 2260 1352 2315 diem
1371 2258 1654 2328 suscipere
1675 2256 1764 2309 in-

160 2345 527 2402 crementum,
571 2344 624 2391 et
650 2352 874 2391 rursum
898 2334 1094 2390 itidem
1116 2335 1299 2390 denuo
1320 2332 1642 2389 accretionis
1664 2329 1771 2384 dea

162 2420 500 2469 crementum
539 2412 813 2482 recipere,
857 2427 925 2465 ne
963 2410 1092 2481 plus
1132 2427 1383 2465 crescens
1417 2408 1546 2480 plus
1588 2422 1762 2477 aequo

162 2488 453 2549 concedat,
497 2502 678 2558 neque
706 2485 879 2540 radiis
906 2485 1139 2540 defectis
1175 2484 1388 2540 tardius
1413 2491 1758 2543 nasceretur,

161 2560 262 2619 sed
292 2562 499 2633 primos
529 2560 588 2615 in
618 2559 1244 2632 nascendolsplendores
1274 2576 1400 2615 cum
1431 2558 1598 2615 altera
1620 2556 1765 2613 nati-

161 2641 331 2695 vitate
368 2636 675 2709 adiungens
712 2637 771 2690 in
812 2633 920 2690 fine
954 2637 1078 2707 ipso
1117 2635 1457 2690 nativitatem
1499 2630 1765 2706 attingat?

161 2711 304 2769 Haec
334 2719 516 2767 autem
547 2712 708 2767 lunae
738 2712 940 2767 mentio
970 2710 1154 2767 locum
1183 2709 1340 2769 cedat
1368 2713 1547 2785 magis
1573 2708 1764 2783 prodi,-
