2125 3084
172 175 325 245 [ιω]
403 181 501 226 DE
536 180 1087 236 PRovaN'rIA
1125 145 1378 230 senno
1415 185 1477 230 11.
1663 163 1738 230 '57

168 298 313 338 urere
346 281 433 336 vel
473 297 659 357 secare
694 298 795 352 pro
830 290 983 352 patre
1010 281 1101 336 vel
1133 289 1303 336 matre
1331 284 1738 354 aegrotantibus

169 357 331 412 'filium
366 373 561 410 sanum
602 355 1014 428 aggrederetur,
1076 372 1257 410 nonne
1297 365 1388 410 aut
1425 349 1605 412 furere
1647 366 1742 413 aut

168 430 373 487 exitiale
402 430 538 503 quid
570 431 749 484 moliri
772 430 1054 489 evidenter
1076 429 1423 486 censeretur?
1467 431 1743 497 Quantum

166 523 291 578 ergo
312 505 600 560 absurdius
628 506 757 569 erit,
805 505 866 560 id
904 505 1053 577 quod
1095 521 1274 577 neque
1313 505 1384 560 de
1422 505 1742 560 hominibus

164 581 273 637 dici
300 587 495 652 potest,
539 580 601 634 id
630 580 698 634 de
726 579 837 634 diis
868 578 1126 635 credere?
1180 577 1320 637 Mihi
1341 587 1486 634 certe
1507 580 1746 636 nullate-

160 673 265 711 nus
283 655 377 710 boc
395 655 671 726 sapienter
691 663 871 714 actum
893 654 1136 710 creditur
1150 695 1163 719 ,
1203 654 1301 709 sed
1329 655 1514 726 potius
1535 657 1635 726 qui
1655 655 1747 710 in-

160 731 349 785 iuriam
370 730 516 794 fecit,
540 729 689 784 hunc
706 747 910 802 poenas
925 726 998 805 [³¹⁵]
1020 729 1172 785 luere
1193 728 1392 784 iudicii
1413 729 1496 784 fas
1517 739 1600 784 est
1623 731 1746 803 lege

156 823 373 878 prorsus
393 805 833 877 sapientissima.'

270 917 318 967 8.
366 913 535 976 Nobis
562 912 791 984 quidem
819 912 1061 984 plurima
1081 912 1366 968 obstacula
1385 911 1626 984 pedibus
1644 911 1747 966 ob-

150 975 709 1058 iecta-impeffimento
732 996 861 1043 sunt
880 988 939 1042 in
958 988 1157 1042 itinere
1173 1028 1186 1052 ,
1219 986 1604 1052 imbecillitas,
1639 985 1747 1042 du-

148 1065 277 1127 bia,
308 1060 549 1117 defectus
569 1066 857 1134 temporis,
892 1063 1024 1116 item
1044 1063 1305 1128 societaS,
1349 1062 1752 1134 consanguini«

148 1149 237 1194 tas
253 1177 267 1202 ,
306 1153 522 1207 preceS,
565 1131 943 1209 deceptiones,
984 1136 1126 1192 dona
1142 1178 1155 1201 ,
1199 1155 1326 1208 spes
1346 1137 1603 1196 utilitatis
1622 1153 1749 1191 cae-

147 1221 377 1284 teraque
403 1211 491 1266 his
520 1211 752 1267 similia:
816 1211 953 1266 deus
976 1219 1155 1266 tamen
1178 1213 1443 1268 immunis
1463 1220 1547 1267 est
1565 1211 1634 1266 ab
1657 1211 1746 1266 his

146 1277 431 1343 omnibus.
508 1287 695 1358 Itaque
714 1287 791 1351 si,
830 1295 893 1342 ut
912 1285 1219 1362 Aeschylus
1241 1286 1405 1351 dicit,

262 1378 431 1432 Iovem
459 1395 525 1432 ex
552 1383 919 1434 sceleratorum
944 1396 1126 1448 qenere
1153 1384 1337 1434 eoeimit

370 1461 421 1507 ot
445 1457 513 1508 ab
541 1458 750 1508 iniustis
779 1456 892 1516 lex,
960 1471 967 1478 ·

138 1551 421 1616 oporteret
449 1539 783 1606 contrarium
810 1560 931 1599 esse
951 1544 1114 1599 illum
1133 1561 1206 1599 ex
1225 1542 1536 1618 iniustis-(s.
1560 1545 1619 1599 in
1641 1562 1748 1599 nu-

135 1635 295 1680 mero
314 1619 626 1692 iustorum).
687 1621 806 1674 Non
830 1620 905 1680 ita
926 1626 1107 1674 tamen
1129 1637 1217 1674 res
1237 1638 1298 1674 se
1319 1620 1503 1674 habet.
1555 1618 1747 1690 Siqui-

134 1693 273 1750 dem
304 1691 583 1758 SocrateS,
626 1694 724 1765 qui
753 1691 1025 1748 mirabilis
1054 1693 1162 1748 fuit
1189 1695 1458 1766 sapientia
1487 1701 1540 1748 et
1568 1695 1626 1746 in
1647 1693 1750 1747 ho-

132 1768 401 1822 diernam
438 1783 617 1838 usque
650 1767 799 1821 diem
834 1769 1021 1824 orbem
1060 1777 1329 1824 terrarum
1359 1769 1429 1822 ad
1461 1767 1748 1822 celebran-

129 1843 282 1897 dum
321 1849 590 1912 perpetuo
624 1841 977 1898 memorabile
1009 1861 1208 1899 nomen
1239 1839 1400 1898 suum
1432 1841 1594 1896 laude
1624 1840 1747 1913 glo-

124 1918 259 1973 riae
293 1915 565 1986 impellit,
604 1915 827 1980 insidiis
846 1917 916 1972 ab
933 1918 1204 1974 obscoeno
1222 1933 1502 1988 pravoque
1522 1917 1746 1970 homine

126 1989 472 2062 deperditus
500 1997 609 2055 est,
655 1992 753 2064 qui
780 1994 1058 2049 neminem
1088 2011 1162 2048 ex
1187 1993 1408 2047 civitate
1436 2009 1538 2046 nec
1565 1993 1760 2048 mino-.

120 2083 257 2122 rem
280 2081 388 2119 nec
408 2065 669 2121 maiorem
688 2067 1061 2133 interfecerat,
1087 2085 1196 2140 quo
1214 2067 1472 2140 peccasse
1493 2066 1745 2123 credere-

114 2152 255 2205 tur,
300 2157 408 2206 nec
434 2140 607 2196 ullam
634 2144 979 2200 occasionem
999 2142 1261 2217 malignis
1282 2143 1352 2198 ad
1371 2142 1746 2200 accusandum
1795 2143 1798 2146 ’

112 2221 195 2272 se'
210 2215 570 2288 praebuerat.
726 2211 739 2224 '
772 2219 777 2224 “

247 2337 303 2388 9.
354 2335 577 2391 Etenim
605 2337 788 2393 invisa
818 2353 939 2390 esse
968 2336 1109 2392 solet
1135 2337 1442 2391 communis
1470 2351 1632 2388 curae
1659 2343 1741 2389 at-

110 2410 336 2475 tentio,
386 2410 520 2465 dum
549 2411 609 2465 in
638 2411 867 2466 theoriis
896 2411 1288 2482 exercitiisque
1316 2418 1540 2464 naturae
1567 2417 1764 2477 se·oc-'

105 2492 303 2556 cupat
330 2493 388 2540 et
417 2503 536 2549 eoa,
580 2487 680 2556 qui
700 2485 962 2557 proficere
983 2485 1243 2556 cupiunt,
1285 2501 1315 2538 a
1334 2483 1570 2555 pueritia
1590 2483 1740 2538 coe'r-
1803 2506 1818 2518 ·

100 2569 231 2623 cet,
259 2559 482 2630 quibus
502 2568 555 2614 et
570 2559 857 2614 monitoris
875 2567 929 2614 et
944 2561 1118 2632 patris
1140 2558 1366 2613 adhibet
1385 2553 1735 2628 aequitatem,

96 2635 344 2689 docens
367 2635 590 2705 copiose
607 2635 729 2689 sine
749 2633 965 2689 invidia
992 2641 1045 2690 et
1073 2631 1245 2695 nihil,
1288 2631 1442 2702 quod‘
1467 2631 1537 2686 ad
1567 2633 1742 2688 disci-

89 2709 354 2784 plinam
394 2709 661 2782 pertinet,
702 2708 1011 2764 occultans:
1040 2751 1045 2756 .
1083 2705 1548 2780 quemadmodum
1591 2722 1741 2762 nunc

1470 2807 1497 2814 Α
