<?xml version="1.0" encoding="UTF-8"?>
<!DOCTYPE html PUBLIC "-//W3C//DTD XHTML 1.0 Transitional//EN"
    "http://www.w3.org/TR/xhtml1/DTD/xhtml1-transitional.dtd">
<html xmlns="http://www.w3.org/1999/xhtml" xml:lang="en" lang="en">
 <head>
  <title>
</title>
<meta http-equiv="Content-Type" content="text/html;charset=utf-8" />
  <meta name='ocr-system' content='tesseract 3.04.00' />
  <meta name='ocr-capabilities' content='ocr_page ocr_carea ocr_par ocr_line ocrx_word'/>
</head>
<body>
  <div class='ocr_page' id='page_1' title='image "./philonisiudaeio00alejgoog_0255.png"; bbox 0 0 2125 3084; ppageno 0'>
   <div class='ocr_carea' id='block_1_1' title="bbox 393 180 1978 253">
    <p class='ocr_par' dir='ltr' id='par_1_1' title="bbox 393 180 1978 253">
     <span class='ocr_line' id='line_1_1' title="bbox 393 180 1978 253; baseline 0.002 -19"><span class='ocrx_word' id='word_1_1' title='bbox 393 180 493 234; x_wconf 76' lang='lat'><strong>240</strong></span> <span class='ocrx_word' id='word_1_2' title='bbox 654 186 846 233; x_wconf 81' lang='lat' dir='ltr'><strong>PHIL.</strong></span> <span class='ocrx_word' id='word_1_3' title='bbox 884 186 1033 233; x_wconf 76' lang='grc' dir='ltr'>ΠΗ).</span> <span class='ocrx_word' id='word_1_4' title='bbox 1075 186 1398 245; x_wconf 76' lang='lat' dir='ltr'><strong>QUAEST.</strong></span> <span class='ocrx_word' id='word_1_5' title='bbox 1437 188 1535 233; x_wconf 86' lang='lat' dir='ltr'><strong>ET</strong></span> <span class='ocrx_word' id='word_1_6' title='bbox 1577 190 1732 235; x_wconf 70' lang='lat' dir='ltr'><strong>son.</strong></span> <span class='ocrx_word' id='word_1_7' title='bbox 1775 184 1978 253; x_wconf 81' lang='lat'><strong>[11,405.]</strong></span> 
     </span>
    </p>
   </div>
   <div class='ocr_carea' id='block_1_2' title="bbox 322 286 1989 1565">
    <p class='ocr_par' dir='ltr' id='par_1_2' title="bbox 322 286 1989 1565">
     <span class='ocr_line' id='line_1_2' title="bbox 393 286 1982 363; baseline 0.004 -22"><span class='ocrx_word' id='word_1_8' title='bbox 393 296 447 343; x_wconf 89' lang='lat' dir='ltr'><strong>et</strong></span> <span class='ocrx_word' id='word_1_9' title='bbox 464 286 796 359; x_wconf 82' lang='lat' dir='ltr'><strong>probabilis3</strong></span> <span class='ocrx_word' id='word_1_10' title='bbox 849 302 1041 341; x_wconf 84' lang='lat' dir='ltr'><strong>verum</strong></span> <span class='ocrx_word' id='word_1_11' title='bbox 1063 286 1133 341; x_wconf 88' lang='lat' dir='ltr'><strong>ad</strong></span> <span class='ocrx_word' id='word_1_12' title='bbox 1154 295 1396 343; x_wconf 77' lang='lat' dir='ltr'><strong>mentem</strong></span> <span class='ocrx_word' id='word_1_13' title='bbox 1415 290 1684 344; x_wconf 85' lang='lat' dir='ltr'><strong>rationem</strong></span> <span class='ocrx_word' id='word_1_14' title='bbox 1701 292 1982 363; x_wconf 74' lang='lat' dir='ltr'>concipere</span> 
     </span>
     <span class='ocr_line' id='line_1_3' title="bbox 392 361 1982 437; baseline 0.003 -20"><span class='ocrx_word' id='word_1_15' title='bbox 392 362 571 435; x_wconf 86' lang='lat' dir='ltr'><strong>magis</strong></span> <span class='ocrx_word' id='word_1_16' title='bbox 590 362 837 417; x_wconf 85' lang='lat' dir='ltr'><strong>naturale</strong></span> <span class='ocrx_word' id='word_1_17' title='bbox 864 370 967 416; x_wconf 87' lang='lat' dir='ltr'><strong>est.</strong></span> <span class='ocrx_word' id='word_1_18' title='bbox 1044 361 1316 428; x_wconf 79' lang='lat' dir='ltr'><strong>Quoniam</strong></span> <span class='ocrx_word' id='word_1_19' title='bbox 1341 364 1392 416; x_wconf 80' lang='lat' dir='ltr'><strong>si</strong></span> <span class='ocrx_word' id='word_1_20' title='bbox 1419 364 1682 437; x_wconf 83' lang='lat' dir='ltr'><strong>religiosa</strong></span> <span class='ocrx_word' id='word_1_21' title='bbox 1709 366 1982 421; x_wconf 85' lang='lat' dir='ltr'><strong>abstinen-</strong></span> 
     </span>
     <span class='ocr_line' id='line_1_4' title="bbox 391 437 1982 511; baseline 0.004 -19"><span class='ocrx_word' id='word_1_22' title='bbox 391 438 469 492; x_wconf 91' lang='lat' dir='ltr'><strong>tia</strong></span> <span class='ocrx_word' id='word_1_23' title='bbox 504 438 903 509; x_wconf 78' lang='lat' dir='ltr'><strong>operimentum</strong></span> <span class='ocrx_word' id='word_1_24' title='bbox 940 437 1134 492; x_wconf 88' lang='lat' dir='ltr'><strong>induat</strong></span> <span class='ocrx_word' id='word_1_25' title='bbox 1159 446 1440 509; x_wconf 86' lang='lat' dir='ltr'><strong>tamquam</strong></span> <span class='ocrx_word' id='word_1_26' title='bbox 1469 441 1528 493; x_wconf 89' lang='lat' dir='ltr'><strong>in</strong></span> <span class='ocrx_word' id='word_1_27' title='bbox 1557 442 1868 511; x_wconf 84' lang='lat' dir='ltr'><strong>spectaculo</strong></span> <span class='ocrx_word' id='word_1_28' title='bbox 1891 444 1982 497; x_wconf 85' lang='lat' dir='ltr'><strong>in-</strong></span> 
     </span>
     <span class='ocr_line' id='line_1_5' title="bbox 393 511 1972 584; baseline 0.003 -15"><span class='ocrx_word' id='word_1_29' title='bbox 393 513 785 569; x_wconf 83' lang='lat' dir='ltr'><strong>continentiam</strong></span> <span class='ocrx_word' id='word_1_30' title='bbox 814 529 877 567; x_wconf 91' lang='lat' dir='ltr'><strong>ac</strong></span> <span class='ocrx_word' id='word_1_31' title='bbox 906 511 1222 577; x_wconf 85' lang='lat' dir='ltr'><strong>lasciviam,</strong></span> <span class='ocrx_word' id='word_1_32' title='bbox 1267 522 1430 584; x_wconf 84' lang='lat' dir='ltr'><strong>atque</strong></span> <span class='ocrx_word' id='word_1_33' title='bbox 1457 515 1534 567; x_wconf 90' lang='lat' dir='ltr'><strong>ita</strong></span> <span class='ocrx_word' id='word_1_34' title='bbox 1563 516 1802 571; x_wconf 83' lang='lat' dir='ltr'>illudere</span> <span class='ocrx_word' id='word_1_35' title='bbox 1824 518 1972 581; x_wconf 69' lang='lat' dir='ltr'><strong>velit,</strong></span> 
     </span>
     <span class='ocr_line' id='line_1_6' title="bbox 393 588 1980 661; baseline 0.003 -19"><span class='ocrx_word' id='word_1_36' title='bbox 393 595 701 661; x_wconf 84' lang='lat' dir='ltr'><strong>contempta</strong></span> <span class='ocrx_word' id='word_1_37' title='bbox 740 589 997 653; x_wconf 86' lang='lat' dir='ltr'><strong>veritate,</strong></span> <span class='ocrx_word' id='word_1_38' title='bbox 1046 596 1317 659; x_wconf 86' lang='lat' dir='ltr'><strong>protector</strong></span> <span class='ocrx_word' id='word_1_39' title='bbox 1351 588 1450 659; x_wconf 89' lang='lat' dir='ltr'><strong>qui</strong></span> <span class='ocrx_word' id='word_1_40' title='bbox 1489 588 1626 643; x_wconf 86' lang='lat' dir='ltr'><strong>solet</strong></span> <span class='ocrx_word' id='word_1_41' title='bbox 1666 606 1816 645; x_wconf 87' lang='lat' dir='ltr'><strong>more</strong></span> <span class='ocrx_word' id='word_1_42' title='bbox 1851 592 1980 647; x_wconf 84' lang='lat' dir='ltr'><strong>boni</strong></span> 
     </span>
     <span class='ocr_line' id='line_1_7' title="bbox 392 662 1978 736; baseline 0.002 -18"><span class='ocrx_word' id='word_1_43' title='bbox 392 664 595 718; x_wconf 87' lang='lat' dir='ltr'><strong>medici</strong></span> <span class='ocrx_word' id='word_1_44' title='bbox 622 672 871 736; x_wconf 87' lang='lat' dir='ltr'><strong>tangere,</strong></span> <span class='ocrx_word' id='word_1_45' title='bbox 915 662 1278 735; x_wconf 87' lang='lat' dir='ltr'><strong>disquirendo</strong></span> <span class='ocrx_word' id='word_1_46' title='bbox 1303 662 1508 718; x_wconf 82' lang='lat' dir='ltr'><strong>revelat</strong></span> <span class='ocrx_word' id='word_1_47' title='bbox 1535 664 1776 719; x_wconf 86' lang='lat' dir='ltr'><strong>veriores</strong></span> <span class='ocrx_word' id='word_1_48' title='bbox 1802 676 1978 735; x_wconf 77' lang='lat' dir='ltr'><strong>partes</strong></span> 
     </span>
     <span class='ocr_line' id='line_1_8' title="bbox 393 738 1980 811; baseline 0.001 -18"><span class='ocrx_word' id='word_1_49' title='bbox 393 747 645 803; x_wconf 85' lang='lat' dir='ltr'><strong>naturae,</strong></span> <span class='ocrx_word' id='word_1_50' title='bbox 686 738 893 809; x_wconf 86' lang='lat' dir='ltr'><strong>quibus</strong></span> <span class='ocrx_word' id='word_1_51' title='bbox 924 740 1194 811; x_wconf 75' lang='lat' dir='ltr'><strong>contingit</strong></span> <span class='ocrx_word' id='word_1_52' title='bbox 1221 739 1402 793; x_wconf 87' lang='lat' dir='ltr'><strong>sanari</strong></span> <span class='ocrx_word' id='word_1_53' title='bbox 1431 738 1518 793; x_wconf 88' lang='lat' dir='ltr'><strong>vel</strong></span> <span class='ocrx_word' id='word_1_54' title='bbox 1549 747 1854 810; x_wconf 78' lang='lat' dir='ltr'>aegrotare,</span> <span class='ocrx_word' id='word_1_55' title='bbox 1897 752 1980 795; x_wconf 87' lang='lat' dir='ltr'><strong>at-</strong></span> 
     </span>
     <span class='ocr_line' id='line_1_9' title="bbox 394 813 1978 885; baseline 0 -16"><span class='ocrx_word' id='word_1_56' title='bbox 394 830 503 885; x_wconf 89' lang='lat' dir='ltr'><strong>que</strong></span> <span class='ocrx_word' id='word_1_57' title='bbox 520 816 605 869; x_wconf 87' lang='lat' dir='ltr'><strong>sic</strong></span> <span class='ocrx_word' id='word_1_58' title='bbox 622 813 1057 885; x_wconf 80' lang='lat' dir='ltr'>deprehenditur</span> <span class='ocrx_word' id='word_1_59' title='bbox 1077 814 1340 885; x_wconf 87' lang='lat' dir='ltr'><strong>venitque</strong></span> <span class='ocrx_word' id='word_1_60' title='bbox 1359 817 1418 867; x_wconf 89' lang='lat' dir='ltr'><strong>in</strong></span> <span class='ocrx_word' id='word_1_61' title='bbox 1437 814 1704 869; x_wconf 81' lang='lat' dir='ltr'><strong>notitiam.</strong></span> <span class='ocrx_word' id='word_1_62' title='bbox 1778 814 1978 869; x_wconf 88' lang='lat' dir='ltr'><strong>Verum</strong></span> 
     </span>
     <span class='ocr_line' id='line_1_10' title="bbox 392 888 1972 945; baseline 0 0"><span class='ocrx_word' id='word_1_63' title='bbox 392 890 577 945; x_wconf 87' lang='lat' dir='ltr'><strong>omnia</strong></span> <span class='ocrx_word' id='word_1_64' title='bbox 618 889 687 943; x_wconf 90' lang='lat' dir='ltr'><strong>ad</strong></span> <span class='ocrx_word' id='word_1_65' title='bbox 724 890 993 943; x_wconf 81' lang='lat' dir='ltr'><strong>amussim</strong></span> <span class='ocrx_word' id='word_1_66' title='bbox 1030 889 1176 943; x_wconf 77' lang='lat' dir='ltr'><strong>veris</strong></span> <span class='ocrx_word' id='word_1_67' title='bbox 1217 888 1538 945; x_wconf 82' lang='lat' dir='ltr'><strong>nominibus</strong></span> <span class='ocrx_word' id='word_1_68' title='bbox 1573 897 1719 944; x_wconf 85' lang='lat' dir='ltr'><strong>certe</strong></span> <span class='ocrx_word' id='word_1_69' title='bbox 1746 891 1972 945; x_wconf 79' lang='lat' dir='ltr'><strong>notavit:</strong></span> 
     </span>
     <span class='ocr_line' id='line_1_11' title="bbox 390 964 1980 1036; baseline 0 -17"><span class='ocrx_word' id='word_1_70' title='bbox 390 983 517 1020; x_wconf 89' lang='lat' dir='ltr'><strong>nam</strong></span> <span class='ocrx_word' id='word_1_71' title='bbox 549 966 747 1033; x_wconf 71' lang='lat' dir='ltr'><strong>pilosus</strong></span> <span class='ocrx_word' id='word_1_72' title='bbox 784 966 1179 1036; x_wconf 80' lang='lat' dir='ltr'><strong>intemperatus</strong></span> <span class='ocrx_word' id='word_1_73' title='bbox 1217 964 1663 1036; x_wconf 84' lang='lat' dir='ltr'><strong>libidinosusque</strong></span> <span class='ocrx_word' id='word_1_74' title='bbox 1703 972 1810 1028; x_wconf 88' lang='lat' dir='ltr'><strong>est,</strong></span> <span class='ocrx_word' id='word_1_75' title='bbox 1873 965 1980 1019; x_wconf 87' lang='lat' dir='ltr'><strong>im-</strong></span> 
     </span>
     <span class='ocr_line' id='line_1_12' title="bbox 391 1039 1982 1113; baseline -0.001 -18"><span class='ocrx_word' id='word_1_76' title='bbox 391 1039 659 1105; x_wconf 75' lang='lat' dir='ltr'><strong>munduS‚</strong></span> <span class='ocrx_word' id='word_1_77' title='bbox 702 1041 938 1111; x_wconf 88' lang='lat' dir='ltr'><strong>impuris</strong></span> <span class='ocrx_word' id='word_1_78' title='bbox 970 1048 1023 1095; x_wconf 87' lang='lat' dir='ltr'><strong>et</strong></span> <span class='ocrx_word' id='word_1_79' title='bbox 1052 1039 1279 1095; x_wconf 88' lang='lat' dir='ltr'><strong>incultis</strong></span> <span class='ocrx_word' id='word_1_80' title='bbox 1307 1041 1552 1095; x_wconf 85' lang='lat' dir='ltr'><strong>nutritus</strong></span> <span class='ocrx_word' id='word_1_81' title='bbox 1581 1039 1768 1095; x_wconf 83' lang='lat' dir='ltr'><strong>herbis</strong></span> <span class='ocrx_word' id='word_1_82' title='bbox 1788 1041 1901 1113; x_wconf 87' lang='lat' dir='ltr'><strong>agri</strong></span> <span class='ocrx_word' id='word_1_83' title='bbox 1921 1042 1982 1095; x_wconf 90' lang='lat' dir='ltr'><strong>in</strong></span> 
     </span>
     <span class='ocr_line' id='line_1_13' title="bbox 390 1114 1983 1190; baseline -0.001 -19"><span class='ocrx_word' id='word_1_84' title='bbox 390 1133 583 1190; x_wconf 87' lang='lat' dir='ltr'><strong>campo</strong></span> <span class='ocrx_word' id='word_1_85' title='bbox 620 1116 919 1189; x_wconf 80' lang='lat' dir='ltr'><strong>agrestium</strong></span> <span class='ocrx_word' id='word_1_86' title='bbox 957 1114 1222 1183; x_wconf 79' lang='lat' dir='ltr'><strong>ferarum3</strong></span> <span class='ocrx_word' id='word_1_87' title='bbox 1284 1123 1618 1187; x_wconf 82' lang='lat' dir='ltr'><strong>temperatus</strong></span> <span class='ocrx_word' id='word_1_88' title='bbox 1643 1124 1827 1171; x_wconf 84' lang='lat' dir='ltr'><strong>autem</strong></span> <span class='ocrx_word' id='word_1_89' title='bbox 1853 1114 1983 1171; x_wconf 88' lang='lat' dir='ltr'><strong>reli-</strong></span> 
     </span>
     <span class='ocr_line' id='line_1_14' title="bbox 390 1188 1983 1264; baseline 0 -19"><span class='ocrx_word' id='word_1_90' title='bbox 390 1193 579 1264; x_wconf 86' lang='lat' dir='ltr'><strong>giosus</strong></span> <span class='ocrx_word' id='word_1_91' title='bbox 607 1194 767 1246; x_wconf 74' lang='lat' dir='ltr'><strong>laevia</strong></span> <span class='ocrx_word' id='word_1_92' title='bbox 794 1198 901 1254; x_wconf 84' lang='lat' dir='ltr'><strong>est,</strong></span> <span class='ocrx_word' id='word_1_93' title='bbox 946 1188 1278 1263; x_wconf 75' lang='lat' dir='ltr'><strong>frugalitatis</strong></span> <span class='ocrx_word' id='word_1_94' title='bbox 1297 1191 1501 1246; x_wconf 73' lang='lat' dir='ltr'><strong>sociae.</strong></span> <span class='ocrx_word' id='word_1_95' title='bbox 1580 1192 1735 1247; x_wconf 78' lang='lat' dir='ltr'><strong>Pater</strong></span> <span class='ocrx_word' id='word_1_96' title='bbox 1754 1207 1880 1247; x_wconf 84' lang='lat' dir='ltr'><strong>vero</strong></span> <span class='ocrx_word' id='word_1_97' title='bbox 1899 1201 1983 1245; x_wconf 82' lang='lat' dir='ltr'><strong>at—</strong></span> 
     </span>
     <span class='ocr_line' id='line_1_15' title="bbox 391 1266 1984 1337; baseline -0.001 -17"><span class='ocrx_word' id='word_1_98' title='bbox 391 1276 641 1329; x_wconf 74' lang='lat' dir='ltr'><strong>tractam,</strong></span> <span class='ocrx_word' id='word_1_99' title='bbox 680 1266 779 1337; x_wconf 91' lang='lat' dir='ltr'><strong>qui</strong></span> <span class='ocrx_word' id='word_1_100' title='bbox 806 1266 1018 1321; x_wconf 88' lang='lat' dir='ltr'><strong>nullam</strong></span> <span class='ocrx_word' id='word_1_101' title='bbox 1045 1266 1260 1321; x_wconf 86' lang='lat' dir='ltr'><strong>animae</strong></span> <span class='ocrx_word' id='word_1_102' title='bbox 1285 1274 1497 1337; x_wconf 87' lang='lat' dir='ltr'><strong>partem</strong></span> <span class='ocrx_word' id='word_1_103' title='bbox 1517 1268 1640 1321; x_wconf 88' lang='lat' dir='ltr'><strong>sine</strong></span> <span class='ocrx_word' id='word_1_104' title='bbox 1659 1274 1808 1321; x_wconf 85' lang='lat' dir='ltr'><strong>tactu</strong></span> <span class='ocrx_word' id='word_1_105' title='bbox 1827 1275 1878 1321; x_wconf 87' lang='lat' dir='ltr'><strong>et</strong></span> <span class='ocrx_word' id='word_1_106' title='bbox 1897 1267 1984 1321; x_wconf 90' lang='lat' dir='ltr'><strong>in—</strong></span> 
     </span>
     <span class='ocr_line' id='line_1_16' title="bbox 390 1340 1985 1413; baseline 0 -18"><span class='ocrx_word' id='word_1_107' title='bbox 390 1341 681 1412; x_wconf 89' lang='lat' dir='ltr'><strong>dagatione</strong></span> <span class='ocrx_word' id='word_1_108' title='bbox 702 1340 967 1411; x_wconf 88' lang='lat' dir='ltr'><strong>relinquit</strong></span> <span class='ocrx_word' id='word_1_109' title='bbox 980 1382 993 1405; x_wconf 92' lang='lat'>‚</span> <span class='ocrx_word' id='word_1_110' title='bbox 1036 1340 1137 1397; x_wconf 87' lang='lat' dir='ltr'><strong>sed</strong></span> <span class='ocrx_word' id='word_1_111' title='bbox 1155 1349 1328 1399; x_wconf 86' lang='lat' dir='ltr'><strong>totum</strong></span> <span class='ocrx_word' id='word_1_112' title='bbox 1347 1342 1570 1397; x_wconf 87' lang='lat' dir='ltr'><strong>omnino</strong></span> <span class='ocrx_word' id='word_1_113' title='bbox 1586 1350 1820 1413; x_wconf 85' lang='lat' dir='ltr'><strong>tangens</strong></span> <span class='ocrx_word' id='word_1_114' title='bbox 1834 1380 1850 1405; x_wconf 80' lang='grc'><em>,</em></span> <span class='ocrx_word' id='word_1_115' title='bbox 1886 1358 1985 1395; x_wconf 90' lang='lat' dir='ltr'><strong>no-</strong></span> 
     </span>
     <span class='ocr_line' id='line_1_17' title="bbox 322 1413 1981 1491; baseline 0.004 -28"><span class='ocrx_word' id='word_1_116' title='bbox 322 1459 349 1467; x_wconf 89' lang='lat'><strong>..</strong></span> <span class='ocrx_word' id='word_1_117' title='bbox 391 1414 563 1469; x_wconf 88' lang='lat' dir='ltr'><strong>tificat</strong></span> <span class='ocrx_word' id='word_1_118' title='bbox 581 1414 871 1487; x_wconf 86' lang='lat' dir='ltr'><strong>condignis</strong></span> <span class='ocrx_word' id='word_1_119' title='bbox 892 1414 1214 1489; x_wconf 82' lang='lat' dir='ltr'><strong>diligenter:</strong></span> <span class='ocrx_word' id='word_1_120' title='bbox 1263 1416 1382 1471; x_wconf 89' lang='lat' dir='ltr'><strong>Non</strong></span> <span class='ocrx_word' id='word_1_121' title='bbox 1406 1416 1652 1481; x_wconf 83' lang='lat' dir='ltr'><strong>videtur,</strong></span> <span class='ocrx_word' id='word_1_122' title='bbox 1682 1413 1756 1491; x_wconf 67' lang='grc' dir='ltr'><strong>[Ἴ</strong></span> <span class='ocrx_word' id='word_1_123' title='bbox 1781 1417 1981 1487; x_wconf 86' lang='lat' dir='ltr'><strong>inquit,</strong></span> 
     </span>
     <span class='ocr_line' id='line_1_18' title="bbox 390 1488 1989 1565; baseline 0.002 -23"><span class='ocrx_word' id='word_1_124' title='bbox 390 1488 489 1544; x_wconf 89' lang='lat' dir='ltr'><strong>ille</strong></span> <span class='ocrx_word' id='word_1_125' title='bbox 510 1488 941 1545; x_wconf 88' lang='lat' dir='ltr'><strong>contemnendus</strong></span> <span class='ocrx_word' id='word_1_126' title='bbox 962 1500 1023 1549; x_wconf 90' lang='lat' dir='ltr'><strong>ut</strong></span> <span class='ocrx_word' id='word_1_127' title='bbox 1041 1500 1393 1547; x_wconf 88' lang='lat' dir='ltr'><strong>contemnens</strong></span> <span class='ocrx_word' id='word_1_128' title='bbox 1414 1508 1502 1546; x_wconf 86' lang='lat' dir='ltr'><strong>me</strong></span> <span class='ocrx_word' id='word_1_129' title='bbox 1512 1491 1592 1565; x_wconf 78' lang='lat'><strong>*);</strong></span> <span class='ocrx_word' id='word_1_130' title='bbox 1657 1508 1816 1547; x_wconf 87' lang='lat' dir='ltr'><strong>nemo</strong></span> <span class='ocrx_word' id='word_1_131' title='bbox 1837 1492 1989 1545; x_wconf 87' lang='lat' dir='ltr'><strong>enim</strong></span> 
     </span>
    </p>
   </div>
   <div class='ocr_carea' id='block_1_3' title="bbox 394 1665 1988 1767">
    <p class='ocr_par' dir='ltr' id='par_1_3' title="bbox 394 1665 1988 1767">
     <span class='ocr_line' id='line_1_19' title="bbox 494 1665 1988 1717; baseline -0.001 -12"><span class='ocrx_word' id='word_1_132' title='bbox 494 1666 537 1713; x_wconf 71' lang='lat'><strong>⁴¹)</strong></span> <span class='ocrx_word' id='word_1_133' title='bbox 574 1665 644 1705; x_wconf 82' lang='lat' dir='ltr'><strong>Sic</strong></span> <span class='ocrx_word' id='word_1_134' title='bbox 678 1676 842 1715; x_wconf 81' lang='lat' dir='ltr'><strong>expono</strong></span> <span class='ocrx_word' id='word_1_135' title='bbox 876 1668 1018 1707; x_wconf 85' lang='lat' dir='ltr'><strong>locum</strong></span> <span class='ocrx_word' id='word_1_136' title='bbox 1051 1667 1320 1706; x_wconf 86' lang='lat' dir='ltr'><strong>decurtatum</strong></span> <span class='ocrx_word' id='word_1_137' title='bbox 1351 1667 1662 1717; x_wconf 83' lang='lat' dir='ltr'><strong>habentemque</strong></span> <span class='ocrx_word' id='word_1_138' title='bbox 1696 1667 1751 1705; x_wconf 81' lang='lat' dir='ltr'><strong>ad</strong></span> <span class='ocrx_word' id='word_1_139' title='bbox 1787 1668 1988 1706; x_wconf 87' lang='lat' dir='ltr'><strong>verbum:</strong></span> 
     </span>
     <span class='ocr_line' id='line_1_20' title="bbox 394 1718 1966 1767; baseline -0.001 -10"><span class='ocrx_word' id='word_1_140' title='bbox 394 1718 487 1757; x_wconf 74' lang='lat' dir='ltr'><strong>Non</strong></span> <span class='ocrx_word' id='word_1_141' title='bbox 512 1720 782 1766; x_wconf 69' lang='lat' dir='ltr'><strong>contemptum</strong></span> <span class='ocrx_word' id='word_1_142' title='bbox 808 1722 865 1765; x_wconf 76' lang='grc' dir='ltr'><strong>(ε.</strong></span> <span class='ocrx_word' id='word_1_143' title='bbox 892 1720 1166 1765; x_wconf 70' lang='lat' dir='ltr'><strong>contemnere)</strong></span> <span class='ocrx_word' id='word_1_144' title='bbox 1191 1720 1402 1764; x_wconf 66' lang='lat' dir='ltr'><strong>viaeatur,</strong></span> <span class='ocrx_word' id='word_1_145' title='bbox 1432 1720 1585 1767; x_wconf 58' lang='lat' dir='ltr'><strong>tunic,</strong></span> <span class='ocrx_word' id='word_1_146' title='bbox 1613 1720 1748 1758; x_wconf 73' lang='lat' dir='ltr'><strong>ium.</strong></span> <span class='ocrx_word' id='word_1_147' title='bbox 1799 1718 1966 1757; x_wconf 78' lang='lat' dir='ltr'><strong>Aueh.</strong></span> 
     </span>
    </p>
   </div>
   <div class='ocr_carea' id='block_1_4' title="bbox 390 1968 2087 2796">
    <p class='ocr_par' dir='ltr' id='par_1_4' title="bbox 390 1968 2087 2796">
     <span class='ocr_line' id='line_1_21' title="bbox 392 1968 2087 2049; baseline -0.001 -23"><span class='ocrx_word' id='word_1_148' title='bbox 392 1972 743 2029; x_wconf 88' lang='lat' dir='ltr'><strong>verisimilis:</strong></span> <span class='ocrx_word' id='word_1_149' title='bbox 796 1980 1066 2044; x_wconf 88' lang='lat' dir='ltr'><strong>quantum</strong></span> <span class='ocrx_word' id='word_1_150' title='bbox 1091 1987 1220 2028; x_wconf 83' lang='lat' dir='ltr'><strong>vero</strong></span> <span class='ocrx_word' id='word_1_151' title='bbox 1241 1971 1311 2027; x_wconf 87' lang='lat' dir='ltr'><strong>ad</strong></span> <span class='ocrx_word' id='word_1_152' title='bbox 1333 1973 1673 2028; x_wconf 89' lang='lat' dir='ltr'><strong>intellectum</strong></span> <span class='ocrx_word' id='word_1_153' title='bbox 1693 1968 1998 2025; x_wconf 85' lang='lat' dir='ltr'><strong>naturalis·</strong></span> <span class='ocrx_word' id='word_1_154' title='bbox 2085 2036 2087 2049; x_wconf 40' lang='grc' dir='ltr'>Ι</span> 
     </span>
     <span class='ocr_line' id='line_1_22' title="bbox 391 2046 2087 2119; baseline -0.001 -18"><span class='ocrx_word' id='word_1_155' title='bbox 391 2050 551 2102; x_wconf 88' lang='lat' dir='ltr'><strong>sima.</strong></span> <span class='ocrx_word' id='word_1_156' title='bbox 630 2049 765 2102; x_wconf 89' lang='lat' dir='ltr'><strong>Nam</strong></span> <span class='ocrx_word' id='word_1_157' title='bbox 798 2050 902 2102; x_wconf 88' lang='lat' dir='ltr'><strong>etsi</strong></span> <span class='ocrx_word' id='word_1_158' title='bbox 924 2046 1192 2119; x_wconf 88' lang='lat' dir='ltr'><strong>quasdam</strong></span> <span class='ocrx_word' id='word_1_159' title='bbox 1214 2050 1448 2111; x_wconf 76' lang='lat' dir='ltr'><strong>vestitus</strong></span> <span class='ocrx_word' id='word_1_160' title='bbox 1470 2049 1683 2119; x_wconf 85' lang='lat' dir='ltr'><strong>species</strong></span> <span class='ocrx_word' id='word_1_161' title='bbox 1703 2047 1999 2101; x_wconf 84' lang='lat' dir='ltr'><strong>continen—</strong></span> <span class='ocrx_word' id='word_1_162' title='bbox 2085 2050 2087 2073; x_wconf 65' lang='lat'>³</span> 
     </span>
     <span class='ocr_line' id='line_1_23' title="bbox 391 2121 2001 2195; baseline -0.001 -19"><span class='ocrx_word' id='word_1_163' title='bbox 391 2124 469 2176; x_wconf 88' lang='lat' dir='ltr'><strong>tia</strong></span> <span class='ocrx_word' id='word_1_164' title='bbox 497 2131 757 2193; x_wconf 87' lang='lat' dir='ltr'><strong>tanquam</strong></span> <span class='ocrx_word' id='word_1_165' title='bbox 786 2123 845 2176; x_wconf 91' lang='lat' dir='ltr'><strong>in</strong></span> <span class='ocrx_word' id='word_1_166' title='bbox 876 2124 1155 2195; x_wconf 85' lang='lat' dir='ltr'><strong>spectalon</strong></span> <span class='ocrx_word' id='word_1_167' title='bbox 1185 2125 1578 2195; x_wconf 80' lang='lat' dir='ltr'><strong>temperantiae</strong></span> <span class='ocrx_word' id='word_1_168' title='bbox 1608 2121 1800 2177; x_wconf 86' lang='lat' dir='ltr'><strong>fallere</strong></span> <span class='ocrx_word' id='word_1_169' title='bbox 1831 2122 2001 2175; x_wconf 83' lang='lat' dir='ltr'><strong>vide-</strong></span> 
     </span>
     <span class='ocr_line' id='line_1_24' title="bbox 390 2196 2002 2271; baseline -0.001 -20"><span class='ocrx_word' id='word_1_170' title='bbox 390 2207 509 2262; x_wconf 88' lang='lat' dir='ltr'><strong>tur,</strong></span> <span class='ocrx_word' id='word_1_171' title='bbox 554 2198 951 2252; x_wconf 88' lang='lat' dir='ltr'><strong>contemnendo</strong></span> <span class='ocrx_word' id='word_1_172' title='bbox 990 2199 1238 2253; x_wconf 87' lang='lat' dir='ltr'><strong>veritatis</strong></span> <span class='ocrx_word' id='word_1_173' title='bbox 1279 2199 1538 2254; x_wconf 87' lang='lat' dir='ltr'><strong>factorem</strong></span> <span class='ocrx_word' id='word_1_174' title='bbox 1578 2197 1768 2271; x_wconf 74' lang='lat' dir='ltr'><strong>(marq.</strong></span> <span class='ocrx_word' id='word_1_175' title='bbox 1813 2196 2002 2251; x_wconf 84' lang='lat' dir='ltr'><strong>fauto-</strong></span> 
     </span>
     <span class='ocr_line' id='line_1_25' title="bbox 392 2272 2004 2346; baseline -0.001 -21"><span class='ocrx_word' id='word_1_176' title='bbox 392 2272 555 2345; x_wconf 90' lang='lat' dir='ltr'><strong>rem),</strong></span> <span class='ocrx_word' id='word_1_177' title='bbox 596 2273 820 2327; x_wconf 88' lang='lat' dir='ltr'><strong>solitum</strong></span> <span class='ocrx_word' id='word_1_178' title='bbox 852 2274 971 2327; x_wconf 89' lang='lat' dir='ltr'><strong>vice</strong></span> <span class='ocrx_word' id='word_1_179' title='bbox 998 2274 1194 2344; x_wconf 87' lang='lat' dir='ltr'><strong>optimi</strong></span> <span class='ocrx_word' id='word_1_180' title='bbox 1215 2273 1419 2329; x_wconf 89' lang='lat' dir='ltr'><strong>medici</strong></span> <span class='ocrx_word' id='word_1_181' title='bbox 1443 2272 1725 2346; x_wconf 87' lang='lat' dir='ltr'><strong>aptissime</strong></span> <span class='ocrx_word' id='word_1_182' title='bbox 1747 2280 2004 2327; x_wconf 85' lang='lat' dir='ltr'><strong>scrutare</strong></span> 
     </span>
     <span class='ocr_line' id='line_1_26' title="bbox 392 2346 2008 2417; baseline -0.001 -16"><span class='ocrx_word' id='word_1_183' title='bbox 392 2347 666 2411; x_wconf 84' lang='lat' dir='ltr'><strong>membra,</strong></span> <span class='ocrx_word' id='word_1_184' title='bbox 710 2346 917 2417; x_wconf 88' lang='lat' dir='ltr'><strong>quibus</strong></span> <span class='ocrx_word' id='word_1_185' title='bbox 956 2350 1162 2403; x_wconf 86' lang='lat' dir='ltr'><strong>sanitas</strong></span> <span class='ocrx_word' id='word_1_186' title='bbox 1201 2358 1254 2404; x_wconf 92' lang='lat' dir='ltr'><strong>et</strong></span> <span class='ocrx_word' id='word_1_187' title='bbox 1289 2350 1645 2405; x_wconf 82' lang='lat' dir='ltr'><strong>imbecillitas</strong></span> <span class='ocrx_word' id='word_1_188' title='bbox 1683 2348 2008 2402; x_wconf 85' lang='lat' dir='ltr'><strong>declaratur</strong></span> 
     </span>
     <span class='ocr_line' id='line_1_27' title="bbox 395 2422 2009 2494; baseline -0.001 -17"><span class='ocrx_word' id='word_1_189' title='bbox 395 2422 595 2477; x_wconf 88' lang='lat' dir='ltr'><strong>omnis.</strong></span> <span class='ocrx_word' id='word_1_190' title='bbox 674 2422 848 2494; x_wconf 82' lang='lat' dir='ltr'><strong>Igitur</strong></span> <span class='ocrx_word' id='word_1_191' title='bbox 874 2422 1098 2478; x_wconf 85' lang='lat' dir='ltr'><strong>directis</strong></span> <span class='ocrx_word' id='word_1_192' title='bbox 1128 2424 1415 2481; x_wconf 85' lang='lat' dir='ltr'><strong>vocabulis</strong></span> <span class='ocrx_word' id='word_1_193' title='bbox 1445 2440 1692 2479; x_wconf 84' lang='lat' dir='ltr'><strong>summae</strong></span> <span class='ocrx_word' id='word_1_194' title='bbox 1729 2424 2009 2477; x_wconf 84' lang='lat' dir='ltr'><strong>nuntian-</strong></span> 
     </span>
     <span class='ocr_line' id='line_1_28' title="bbox 392 2497 2012 2570; baseline 0 -19"><span class='ocrx_word' id='word_1_195' title='bbox 392 2506 502 2561; x_wconf 89' lang='lat' dir='ltr'><strong>tur,</strong></span> <span class='ocrx_word' id='word_1_196' title='bbox 526 2514 723 2551; x_wconf 87' lang='lat' dir='ltr'><strong>sensus</strong></span> <span class='ocrx_word' id='word_1_197' title='bbox 742 2497 891 2550; x_wconf 89' lang='lat' dir='ltr'><strong>enim</strong></span> <span class='ocrx_word' id='word_1_198' title='bbox 912 2497 1249 2564; x_wconf 82' lang='lat' dir='ltr'><strong>luxuriosuS‚</strong></span> <span class='ocrx_word' id='word_1_199' title='bbox 1274 2501 1518 2556; x_wconf 87' lang='lat' dir='ltr'><strong>incultus</strong></span> <span class='ocrx_word' id='word_1_200' title='bbox 1539 2498 1818 2568; x_wconf 74' lang='lat' dir='ltr'><strong>sordibus,</strong></span> <span class='ocrx_word' id='word_1_201' title='bbox 1835 2514 2012 2570; x_wconf 85' lang='lat' dir='ltr'><strong>agre-</strong></span> 
     </span>
     <span class='ocr_line' id='line_1_29' title="bbox 394 2571 2013 2636; baseline 0.002 -13"><span class='ocrx_word' id='word_1_202' title='bbox 394 2572 467 2624; x_wconf 88' lang='lat' dir='ltr'><strong>sti</strong></span> <span class='ocrx_word' id='word_1_203' title='bbox 491 2571 614 2626; x_wconf 90' lang='lat' dir='ltr'><strong>luco</strong></span> <span class='ocrx_word' id='word_1_204' title='bbox 634 2572 835 2625; x_wconf 88' lang='lat' dir='ltr'><strong>similis</strong></span> <span class='ocrx_word' id='word_1_205' title='bbox 850 2614 862 2636; x_wconf 94' lang='lat'><strong>‚</strong></span> <span class='ocrx_word' id='word_1_206' title='bbox 886 2580 948 2627; x_wconf 89' lang='lat' dir='ltr'><strong>ut</strong></span> <span class='ocrx_word' id='word_1_207' title='bbox 966 2572 1343 2630; x_wconf 87' lang='lat' dir='ltr'><strong>habitaculum</strong></span> <span class='ocrx_word' id='word_1_208' title='bbox 1366 2575 1626 2630; x_wconf 89' lang='lat' dir='ltr'><strong>ferarum.</strong></span> <span class='ocrx_word' id='word_1_209' title='bbox 1693 2573 2013 2629; x_wconf 86' lang='lat' dir='ltr'><strong>Continens</strong></span> 
     </span>
     <span class='ocr_line' id='line_1_30' title="bbox 394 2648 2016 2721; baseline 0.004 -25"><span class='ocrx_word' id='word_1_210' title='bbox 394 2660 527 2697; x_wconf 89' lang='lat' dir='ltr'><strong>vero</strong></span> <span class='ocrx_word' id='word_1_211' title='bbox 548 2649 700 2709; x_wconf 76' lang='lat' dir='ltr'><strong>lenis,</strong></span> <span class='ocrx_word' id='word_1_212' title='bbox 724 2654 779 2699; x_wconf 85' lang='lat' dir='ltr'><strong>et</strong></span> <span class='ocrx_word' id='word_1_213' title='bbox 796 2648 1131 2718; x_wconf 86' lang='lat' dir='ltr'><strong>tranquillus</strong></span> <span class='ocrx_word' id='word_1_214' title='bbox 1153 2657 1206 2703; x_wconf 91' lang='lat' dir='ltr'><strong>et</strong></span> <span class='ocrx_word' id='word_1_215' title='bbox 1225 2652 1593 2721; x_wconf 87' lang='lat' dir='ltr'><strong>parsimoniae</strong></span> <span class='ocrx_word' id='word_1_216' title='bbox 1615 2650 1821 2704; x_wconf 85' lang='lat' dir='ltr'><strong>socius.</strong></span> <span class='ocrx_word' id='word_1_217' title='bbox 1899 2649 2016 2703; x_wconf 91' lang='lat' dir='ltr'><strong>Pa-</strong></span> 
     </span>
     <span class='ocr_line' id='line_1_31' title="bbox 395 2720 2016 2796; baseline 0.006 -28"><span class='ocrx_word' id='word_1_218' title='bbox 395 2725 478 2769; x_wconf 85' lang='lat' dir='ltr'><strong>ter</strong></span> <span class='ocrx_word' id='word_1_219' title='bbox 498 2734 627 2773; x_wconf 90' lang='lat' dir='ltr'><strong>vero</strong></span> <span class='ocrx_word' id='word_1_220' title='bbox 646 2737 754 2773; x_wconf 87' lang='lat' dir='ltr'><strong>non</strong></span> <span class='ocrx_word' id='word_1_221' title='bbox 774 2720 844 2776; x_wconf 88' lang='lat' dir='ltr'><strong>de</strong></span> <span class='ocrx_word' id='word_1_222' title='bbox 864 2722 1108 2795; x_wconf 85' lang='lat' dir='ltr'><strong>palpatu,</strong></span> <span class='ocrx_word' id='word_1_223' title='bbox 1139 2724 1236 2779; x_wconf 84' lang='lat' dir='ltr'><strong>sed</strong></span> <span class='ocrx_word' id='word_1_224' title='bbox 1257 2724 1328 2780; x_wconf 90' lang='lat' dir='ltr'><strong>de</strong></span> <span class='ocrx_word' id='word_1_225' title='bbox 1345 2734 1589 2781; x_wconf 84' lang='lat' dir='ltr'><strong>scrutatu</strong></span> <span class='ocrx_word' id='word_1_226' title='bbox 1608 2725 1856 2796; x_wconf 85' lang='lat' dir='ltr'><strong>partium</strong></span> <span class='ocrx_word' id='word_1_227' title='bbox 1881 2725 2016 2779; x_wconf 88' lang='lat' dir='ltr'><strong>ani-</strong></span> 
     </span>
    </p>
   </div>
   <div class='ocr_carea' id='block_1_5' title="bbox 2083 1228 2090 3000">
    <p class='ocr_par' dir='ltr' id='par_1_5' title="bbox 2083 1228 2090 3000">
     <span class='ocr_line' id='line_1_32' title="bbox 2083 1228 2090 3000; baseline 0 0"><span class='ocrx_word' id='word_1_228' title='bbox 2083 1228 2090 3000; x_wconf 95' lang='lat' dir='ltr'><strong> </strong></span> 
     </span>
    </p>
   </div>
  </div>
 </body>
</html>
