2125 3084
214 161 452 232 [11,457.]
613 167 693 212 IN
729 167 1072 212 EXODUM.
1109 168 1365 214 SERMO
1402 172 1440 214 1.
1734 166 1832 216 309

214 272 413 325 horam
454 284 653 322 nonam
692 284 1018 338 praeparare
1056 265 1123 337 (e.
1155 269 1488 340 praeparari)
1527 268 1686 324 licuit
1725 272 1826 336 eis,

214 346 320 417 qui
342 350 501 398 nocte
524 341 855 396 beneficium
887 342 1193 396 assecuturi
1222 351 1394 400 erant.
1472 345 1660 414 ltaque
1689 355 1830 401 tem·-

214 437 327 492 pus
349 417 626 473 mediocre
649 415 718 470 ad
738 434 1005 484 vesperam
1022 432 1258 487 vergens
1278 433 1387 471 non
1408 433 1558 482 casu,
1583 419 1680 473 sed
1697 438 1830 475 con-

214 494 367 550 sulto
400 489 475 566 [³²²]
509 491 851 546 mensuravit
876 491 1165 562 propheta.
1253 492 1353 546 Hic
1383 491 1595 550 litterae
1631 511 1826 550 sensus

215 575 323 624 est.
403 566 489 622 Ad
518 574 757 624 mentem
787 583 917 620 vero
947 564 1092 621 illud
1119 563 1447 620 dicendum:
1511 567 1607 622 Dei
1639 584 1828 623 aman-

213 645 361 698 tium
392 643 699 697 animarum
728 639 1027 695 infallibile
1057 639 1392 697 sacrificium
1422 649 1504 695 est
1531 659 1728 696 vanam
1766 661 1828 700 ac

218 716 504 773 visibilem
524 715 758 790 gloriam
779 714 1166 786 derelinquere
1187 714 1318 769 etin
1340 715 1687 770 invisibilem
1709 725 1828 772 stu-

214 793 351 848 dere
378 790 684 846 transferri.
771 791 1124 860 Vesper-tinum
1151 797 1328 844 autem
1352 799 1570 861 tempus
1593 808 1695 846 nec
1715 791 1827 847 ful-

211 874 442 940 gentem
459 865 627 920 habet
646 865 997 939 splendorem
1013 907 1027 933 2
1071 873 1131 919 ut
1152 866 1409 919 convenit
1429 865 1548 920 fieri
1569 866 1820 931 meridie,

213 949 401 1014 neque
439 941 819 1008 obscuratum;
886 941 1017 1014 quia
1058 937 1240 994 adhuc
1283 940 1500 994 vicinus
1540 957 1715 1014 quum
1753 944 1826 996 sit

212 1017 341 1072 dies
378 1016 551 1080 nocti,
602 1014 911 1070 secundum
950 1015 1310 1088 quantitatem
1338 1013 1686 1071 obsuscatum
1718 1026 1820 1071 est.

213 1090 370 1148 Talis
407 1091 639 1145 habetur
680 1107 747 1150 ex
788 1097 980 1144 natura
1020 1087 1425 1160 proficientium
1457 1098 1657 1158 status3
1723 1109 1824 1147 nec

214 1167 372 1224 enim
412 1165 602 1220 mutati
640 1173 773 1219 sunt
805 1181 1030 1238 prorsus
1060 1165 1120 1217 in
1149 1165 1441 1230 virtutem,
1487 1183 1668 1240 neque
1695 1183 1825 1240 per-

214 1247 445 1370 manesst
465 1241 583 1294 sine
606 1240 891 1299 obstaculo
913 1238 979 1312 (s,
1002 1239 1346 1312 discrimine)
1367 1240 1426 1294 in
1457 1239 1704 1296 mortalis
1733 1243 1822 1296 vi-

212 1325 305 1370 tae
327 1331 385 1372 re
428 1331 514 1370 us.

307 1568 468 1628 Quare
502 1569 675 1624 iussum
708 1569 795 1622 dat
828 1570 887 1622 de
919 1571 1150 1638 eanyuim
1183 1573 1367 1640 apponi
1394 1539 1536 1640 super
1569 1575 1733 1630 limina

368 1647 588 1717 etxsuper
614 1647 777 1701 postea
808 1639 1098 1704 sinqularum
1133 1639 1401 1692 domorum?
1455 1647 1562 1705 (12,
1589 1643 1661 1705 ⁷.)

337 1789 417 1844 ⁴2.
452 1789 566 1844 Hoc
595 1789 778 1860 ipsum
808 1796 916 1856 est,
960 1789 1108 1861 quod
1128 1791 1295 1862 paulo
1317 1797 1472 1844 antea
1494 1787 1642 1853 dixi,
1685 1791 1820 1862 quia

211 1880 309 1918 ara
338 1861 717 1936 templumque
751 1882 815 1922 eo
840 1873 1087 1938 tempore
1125 1866 1304 1919 omnis
1335 1864 1530 1918 domus
1560 1862 1700 1918 facta
1730 1864 1821 1922 fu-

210 1945 330 1993 erat
360 1937 802 2011 contemplativis
831 1937 1164 2013 (Israelitis);
1209 1937 1358 1993 unde
1383 1939 1504 1992 iure
1527 1938 1708 1992 divini
1731 1957 1821 1992 sa-

210 2012 409 2068 crificii
441 2030 511 2068 ex
540 2015 810 2090 sanguine
846 2013 1122 2072 offerendo
1159 2030 1327 2086 super
1355 2020 1538 2086 postes
1569 2013 1821 2086 singulo-

210 2105 337 2142 rum
369 2087 569 2165 dignos
598 2107 691 2145 eos
720 2089 917 2155 efficit,
960 2090 1129 2145 simul
1152 2088 1478 2162 contemptis
1501 2095 1554 2142 et
1573 2088 1818 2142 inimicis

210 2179 283 2218 ne
304 2180 432 2219 cum
452 2173 603 2220 metu
624 2163 938 2229 immolent,
980 2164 1081 2219 sed
1106 2164 1267 2236 quasi
1292 2170 1626 2219 ostentantes
1648 2163 1820 2217 confi—

212 2238 407 2293 denter
448 2256 549 2314 per
594 2257 683 2294 ma
725 2238 1036 2296 nitudinem
1081 2240 1407 2312 copiamque
1452 2236 1542 2293 dei
1588 2238 1816 2312 gratiae.

212 2313 417 2368 Littera
438 2314 575 2368 haec
596 2256 858 2370 declarat.
946 2312 1032 2368 Ad
1073 2324 1311 2369 mentem
1345 2331 1503 2376 ver0,
1549 2313 1819 2384 tripartita

211 2403 388 2458 quum
410 2389 482 2443 sit
504 2389 687 2443 anima
708 2397 891 2444 nostra
907 2429 919 2452 ‚
959 2389 1370 2460 superliminari
1391 2388 1576 2442 simile
1597 2403 1820 2460 compe-

210 2462 353 2516 ritur
381 2479 474 2516 cor
502 2471 556 2517 et
582 2463 775 2519 domui
802 2462 1081 2535 cupiditas
1109 2473 1161 2520 et
1179 2465 1400 2536 utrique
1415 2465 1562 2535 posti
1582 2462 1819 2517 verbum

208 2535 353 2608 (sive
374 2539 547 2592 oratio
568 2547 623 2593 et
646 2536 825 2611 ratio).
904 2538 1277 2612 Unaquaeque
1309 2544 1440 2611 ergo
1469 2556 1539 2593 ex
1566 2537 1818 2609 partibus

208 2612 335 2668 istis
356 2613 895 2686 transmigrationem
918 2612 1123 2668 factura
1147 2613 1216 2668 ad
1238 2615 1526 2680 iustitiam,
1557 2615 1817 2688 pietatem

211 2685 661 2759 condignamque
710 2688 1053 2744 sanctitatem
1101 2697 1264 2760 atque
1312 2690 1370 2743 in
1410 2691 1545 2746 alias
1583 2691 1816 2746 virtutes
