2125 3084
354 167 449 222 ΓΗ
681 169 925 216 INDEX
960 167 1522 216 AUCHERIANUS
1557 167 1596 212 1.

1839 233 1884 273 P
1949 265 1962 274 .

350 289 406 340 Si
432 289 519 339 aer
544 288 837 338 immortalis
852 321 866 347 ,
914 285 1166 349 quomodo
1202 285 1258 334 in
1291 298 1500 348 corpore
1533 284 1835 354 immortali„
1883 243 1950 283 ἐ

414 356 651 406 mortales
670 355 797 404 mori
816 353 1041 403 soleant?
1042 387 1808 401 ..............................................
1891 359 1958 402 10

347 424 578 474 Delii-um
594 423 925 484 insanumque
950 421 1074 470 mihi
1091 419 1285 468 videtur
1299 425 1476 482 putare
1489 453 1503 478 ,
1543 419 1697 468 vitam
1713 419 1812 468 im-

416 489 680 540 mortalem
696 490 751 538 in
767 487 966 538 mortali
987 485 1146 549 (aere)
1166 486 1388 534 invenire
1405 500 1558 549 posse
1561 522 1807 534 ...............
1885 513 1956 525 -

346 553 454 609 Neo
479 563 645 621 partes
673 556 779 606 sine
806 562 913 605 toto
936 559 1166 603 constare
1183 560 1422 616 possunt,
1462 567 1629 615 neque
1646 559 1811 602 totum

414 626 523 676 sine
540 624 780 687 partibus.
850 621 1005 686 (Vide
1022 622 1174 670 etiam
1189 634 1306 683 pag.
1329 619 1437 678 24.)
1443 656 1806 667 ......................
1891 627 1952 669 12

348 690 702 742 ereaturarum
719 703 873 739 causa
899 695 977 738 est
992 688 1116 738 deus
1133 694 1192 736 ut
1213 693 1436 746 creator,
1471 687 1808 750 corruptionis

415 766 585 810 autem
601 765 659 808 ut
673 757 846 809 iudex.
914 755 1132 816 (Eadem
1150 754 1347 818 prolixe
1369 768 1488 818 pag.
1513 757 1807 818 16.)...........
1879 781 1952 791 —

349 824 614 888 Quaenam
638 830 717 874 est
742 838 807 874 ex
830 823 1003 872 mundi
1026 822 1251 886 partibus
1265 856 1280 882 ,
1325 835 1456 884 quae
1479 835 1584 870 non
1611 828 1700 870 aut
1728 836 1809 870 sa·

413 893 606 957 pientia
620 898 709 942 aut
722 890 1035 954 providentia
1051 889 1280 952 praedita
1307 887 1404 938 sit?
1405 923 1806 938 ........................
1877 915 1943 924 -—-

348 959 499 1022 Quod
515 960 669 1012 habet
684 958 985 1022 principium
996 991 1011 1017 ,
1048 956 1264 1019 incepit3
1300 961 1352 1005 et
1367 955 1501 1018 quod
1517 955 1736 1019 incepit,
1777 970 1811 1004 a

416 1029 635 1090 quodam
648 1061 663 1086 ,
698 1026 843 1076 initio
860 1030 1057 1088 sumpto
1070 1058 1086 1082 ‚
1119 1022 1321 1087 incepit.
1326 1058 1806 1072 .............................
1881 1027 1937 1070 18

349 1093 585 1158 Oportet,
622 1101 679 1142 ut
704 1099 897 1142 creator
917 1091 1122 1156 provide
1150 1104 1322 1142 curam
1344 1089 1528 1140 habeat
1553 1104 1724 1140 rerum
1741 1090 1806 1140 ab

413 1163 527 1225 ipso
550 1167 845 1212 creatarum.
858 1193 1805 1208 .........................................................
1869 1183 1936 1193 --

348 1226 613 1290 Quomodo
640 1228 937 1277 rationalem
962 1226 1041 1275 dei
1067 1224 1428 1288 providentiam
1454 1239 1557 1273 non
1585 1225 1807 1288 appella-

412 1294 605 1355 bimus,
642 1295 861 1344 maxime
888 1307 1043 1356 quum
1069 1307 1132 1342 ea
1147 1292 1286 1356 ipsa,
1324 1305 1454 1354 quae
1479 1291 1542 1341 ab
1575 1306 1638 1342 eo
1671 1292 1806 1342 facta

414 1366 555 1421 sunt,
580 1361 941 1424 providentiam
958 1375 1079 1424 prae
1099 1373 1156 1409 se
1170 1359 1364 1411 ferant..
1373 1393 1798 1410 .........................
1866 1385 1934 1394 --

346 1426 480 1476 Proh
498 1441 618 1477 sane
637 1427 833 1476 brutam
848 1427 1112 1478 invidiaml
1135 1427 1238 1490 Ipsi
1257 1426 1344 1489 qui
1365 1440 1420 1476 se
1437 1425 1662 1492 providos
1682 1438 1795 1474 esse

412 1493 610 1553 volunt,
642 1494 695 1542 hi
712 1495 808 1544 deo
828 1495 1055 1546 adimunt
1070 1492 1447 1558 providentiam.
1456 1526 1784 1542 .....................
1856 1517 1926 1526 -

346 1560 460 1610 Non
477 1560 596 1610 lieet
606 1574 862 1620 asserere,
897 1567 1066 1624 partes
1092 1561 1310 1610 universi
1337 1559 1581 1624 sapientes
1595 1571 1703 1608 esse
1725 1571 1786 1607 ae

412 1627 645 1692 providas
656 1663 670 1688 ,
688 1633 882 1690 patrem
898 1635 1068 1676 autem
1085 1642 1145 1676 ac
1163 1627 1437 1692 principem
1458 1627 1606 1676 totins
1619 1624 1790 1674 mundi

412 1695 602 1746 nullam
619 1709 740 1759 prae
759 1709 813 1744 se
833 1693 965 1744 ferre
986 1693 1346 1759 providentiam
1349 1728 1796 1744 ...........................
1869 1697 1928 1742 15

348 1761 493 1824 Quae
512 1778 548 1814 a
560 1778 615 1814 se
632 1763 845 1812 invicem
858 1763 1106 1826 pendent,
1137 1775 1240 1812 non
1257 1761 1366 1812 sine
1383 1762 1641 1826 utriusque
1659 1767 1802 1812 motu

414 1839 581 1880 actum
604 1831 1271 1880 sortiuntur........................,
1275 1863 1802 1878 ...............................
1868 1855 1931 1865 —

346 1898 549 1948 Morum
570 1899 785 1962 dignitas
812 1897 877 1948 ab
902 1897 1187 1948 hominibus
1220 1896 1368 1960 periit
1400 1910 1492 1959 per
1512 1897 1806 1946 inconstan-

412 1966 537 2015 tiam
555 1965 751 2016 consilii
764 2000 779 2026 ‚
814 1964 1119 2028 praecordiis
1138 1979 1170 2012 a
1185 1963 1378 2013 malitia
1397 1963 1500 2013 iam
1517 1963 1802 2027 captivatis.

415 2033 631 2097 (Eadem
648 2034 753 2082 fere
764 2046 881 2096 pag.
908 2031 1017 2092 49.)
1020 2065 1803 2082 ...............................................
1876 2033 1926 2079 17

345 2099 693 2150 Eruditionem
708 2100 887 2149 melius
906 2105 985 2148 est
998 2099 1124 2148 velle
1137 2133 1151 2159 ,
1176 2113 1328 2160 quam
1345 2097 1720 2148 contentionem
1723 2134 1802 2146 .....
1876 2101 1925 2145 18

346 2166 556 2216 Animas
573 2167 883 2229 ignorantiae
899 2167 1019 2215 vitio
1036 2165 1321 2216 laborantes
1339 2163 1608 2215 consilium
1622 2166 1805 2216 verita-

411 2235 476 2284 tis
498 2234 661 2285 solum
677 2248 853 2284 sanare
871 2239 1039 2298 potest
1040 2267 1803 2286 ..............................................
1868 2259 1926 2268 -

348 2299 405 2351 Si
432 2315 525 2352 nee
549 2301 861 2365 providentia
895 2307 972 2350 est
994 2315 1092 2350 nec
1119 2299 1412 2351 universalis
1437 2305 1632 2362 motor,
1675 2299 1806 2348 nihil

413 2369 617 2418 omnino
634 2369 689 2418 in
712 2369 899 2420 mundo
916 2367 1106 2416 moveri
1122 2367 1334 2431 poterit..-
1337 2402 1802 2416 ............................
1873 2369 1920 2412 19

345 2434 560 2486 Animae
594 2435 973 2488 deliberationes
1010 2435 1288 2498 practica,-
1334 2432 1646 2484 sensibilium
1680 2448 1802 2484 vero

413 2503 761 2614 operationum
792 2517 945 2567 opera
975 2509 1182 2566 peracta
1207 2501 1472 2552 manifesto
1504 2508 1801 2566 argumento
1863 2571 1920 2615 20

414 2580 505 2614 sun
531 2602 544 2614 .
566 2603 1799 2618 ...........................................................................

348 2627 403 2678 Si
439 2632 607 2680 anima
631 2641 746 2682 ante
770 2650 877 2684 rem
906 2634 1094 2684 factam
1119 2636 1386 2685 consilium
1411 2635 1632 2696 iniisset,
1669 2635 1796 2685 nihil

408 2694 745 2756 imprudenter
768 2701 1068 2764 πωπω...»
1071 2736 1796 2754 ............................................
1865 2729 1928 2738 --
