2125 3084
354 141 453 195 ‘00
809 145 1180 192 PnlLoms
1225 145 1506 193 mnam
1729 143 1818 210 [no
1842 144 1950 212 558]

354 247 561 318 aliquis
588 245 1065 311 animadverterit,
1117 245 1411 302 mirabitur
1447 246 1724 302 iustorum
1761 251 1956 306 mnam

349 323 708 386 ”rietatem
748 322 901 394 quod
926 323 1140 394 quippe
1167 321 1374 393 oppido
1399 337 1663 394 magnum
1683 331 1770 380 est
1789 326 1962 380 inter-

353 396 565 454 vallum
592 397 737 452 inter
762 397 1066 469 minores*)
1093 406 1150 452 et
1173 396 1414 458 medios:
1455 405 1620 466 atque
1647 398 1798 454 inter
1824 401 1958 456 istos

352 481 407 530 et
426 472 758 528 novissimos
776 473 970 528 iustos,
1052 471 1164 528 Cur
1193 473 1344 528 enim
1363 471 1638 527 Abraham
1657 481 1958 545 antequam

348 555 637 619 acceperat
660 547 1169 619 repromissionem,
1216 546 1485 603 invitabat
1512 547 1737 619 angelos
1767 549 1830 603 in
1855 567 1958 621 pa—

354 640 508 687 nem,
550 623 750 678 Manue
784 639 915 677 vero
944 630 1070 694 post
1095 619 1497 694 receptionem?
1535 620 1807 688 Quoniam
1836 626 1958 681 Ma-

354 712 465 752 nue
494 698 803 770 praemium
830 711 929 769 pro
954 696 1100 752 dono
1119 698 1431 770 praestabat
1447 697 1764 754 convivium
1785 705 1958 769 atque

352 775 595 846 primum
616 773 913 844 accipiens,
944 771 1210 829 reddebat
1229 773 1484 846 gratiam.
1525 770 1797 826 Abraham
1815 787 1955 829 vero

355 856 419 903 ut
434 847 932 904 manifestationem
954 847 1346 920 hospitalitatis
1359 847 1666 920 apponebat
1681 859 1949 913 mensam,

352 932 407 978 et
426 925 670 995 primum
690 923 828 978 dans
849 925 1176 996 accepturus
1195 931 1332 980 erat.
1395 923 1593 990 Datum
1611 936 1742 978 sane
1763 921 1956 978 ambo—

352 1012 475 1053 rum
494 999 703 1055 honum
726 1007 843 1054 erat
856 1039 869 1063 ,
911 998 1012 1054 sed
1039 1011 1150 1053 non
1179 998 1467 1070 aequalem
1493 998 1772 1054 habebant
1797 1009 1956 1052 men-

352 1090 564 1143 suram3
604 1089 751 1130 unus
770 1075 921 1129 enim
946 1082 1171 1146 propter
1189 1073 1422 1148 gratiam
1436 1115 1449 1138 ‚
1493 1073 1632 1129 alter
1648 1081 1829 1128 autem
1853 1087 1957 1145 pro

353 1165 504 1205 more
530 1150 871 1221 suscipiebat
898 1151 1250 1223 peregrinos:
1299 1163 1473 1221 quare
1501 1149 1651 1220 apud
1677 1148 1959 1204 Abraham

352 1225 495 1278 intra
514 1224 931 1280 tabernaculum
951 1226 1119 1280 etiam
1137 1226 1260 1279 eius
1281 1223 1520 1297 ingressi
1542 1231 1747 1280 suntet
1765 1223 1958 1280 cibum

352 1297 725 1356 manducandi
744 1301 1063 1371 opinionem
1083 1298 1374 1355 dederunt.
1432 1299 1638 1354 Verum
1657 1297 1953 1372 quomodo,

354 1372 561 1427 dixerit
591 1374 795 1444 aliquis
811 1416 823 1438 ,
866 1376 916 1428 si
946 1375 1032 1430 illi
1052 1376 1176 1430 sine
1195 1375 1504 1448 gustatione
1526 1392 1554 1428 a
1577 1374 1722 1429 cibis
1743 1375 1960 1430 disces-

354 1455 570 1511 serunt,
610 1449 881 1519 propositi
910 1448 1024 1505 cibi
1051 1449 1362 1538 consumpti
1383 1448 1626 1504 fuerint?
1661 1449 1805 1516 Quia
1825 1451 1960 1524 igne

353 1521 506 1594 pleni
534 1529 687 1577 erant
718 1523 929 1596 angeli,
972 1525 1122 1599 ignis
1150 1537 1340 1598 specie
1363 1539 1755 1597 consumpsere
1775 1525 1956 1581 cibos.

472 1613 551 1669 ⁴5.
588 1613 934 1672 Praesentem
959 1634 1089 1673 vero
1108 1617 1307 1673 Manus
1325 1615 1711 1672 invitationem
1732 1633 1960 1672 recusa-—

296 1717 303 1725 ·
355 1691 437 1745 vit
462 1689 733 1766 (angelus)
748 1733 761 1756 ‚
814 1689 1245 1764 hospitalitatem
1263 1692 1375 1748 sibi
1402 1691 1710 1749 exhibitam
1731 1691 1836 1748 deo
1859 1709 1958 1748 ex-

354 1765 654 1822 hibendam
678 1765 753 1846 [ἓ]
776 1763 890 1822 fore
909 1781 1158 1823 monens,
1200 1767 1268 1824 Et
1293 1767 1390 1822 ille
1409 1765 1650 1824 admisso
1671 1767 1763 1822 dei
1783 1769 1958 1822 sacri-

354 1840 468 1895 ficii
490 1843 694 1900 monito
709 1885 721 1909 ‚
764 1843 958 1899 volens
984 1852 1039 1899 et
1056 1843 1225 1899 simul
1247 1842 1511 1899 honorare
1532 1843 1794 1917 angelum
1815 1859 1957 1916 quo-

353 1933 488 1988 que,
537 1917 674 1984 Quid
702 1929 801 1987 est,
854 1919 955 1985 ait,
999 1921 1094 1975 tibi
1121 1936 1326 1982 nomen,
1376 1928 1434 1974 ut
1459 1922 1640 1974 saltem
1667 1922 1824 1974 huius
1851 1936 1959 1974 me-

352 1997 575 2058 moriam
613 1992 941 2050 recolamus?
993 2001 1278 2064 (ludic.13,
1300 1998 1405 2060 17.)
1477 1993 1560 2049 -At
1596 1993 1694 2050 ille
1732 2009 1956 2049 rursum

353 2084 518 2121 suum
549 2067 810 2122 honorem
837 2067 905 2124 ad
934 2068 1102 2124 deum
1133 2063 1374 2124 referens
1403 2076 1456 2125 et
1482 2067 1573 2124 dei
1599 2069 1958 2142 glorificatio-

354 2159 481 2196 nem
518 2140 629 2197 sibi
669 2143 860 2200 honori
897 2161 1018 2199 esse
1055 2143 1357 2200 decernens
1399 2143 1504 2199 Cur
1537 2149 1748 2215 quaeris
1773 2161 1959 2199 nomen

352 2215 558 2271 meum?
612 2219 822 2289 inquit,
866 2223 922 2273 id
949 2228 1122 2288 autem
1148 2223 1386 2275 mirabile
1413 2227 1487 2274 est
1515 2227 1603 2288 (ib.
1628 2241 1703 2273 vn.
1721 2225 1830 2285 18).
1909 2219 1959 2276 Ο

353 2293 413 2346 in
436 2292 587 2348 caelo
615 2291 835 2348 divinas
862 2295 1307 2350 conversationes
1322 2337 1334 2360 ,
1377 2293 1477 2350 ubi
1497 2294 1816 2368 angelorum
1838 2296 1961 2362 vir-

354 2374 534 2423 tutum
554 2365 887 2424 dominicam
908 2369 1238 2443 sapientiam
1259 2370 1524 2443 propheta
1545 2369 1761 2426 edocet!
1839 2410 1848 2422 .

472 2463 552 2514 ⁴6.
593 2461 711 2515 Non
742 2459 914 2527 dixit,
966 2459 1110 2517 illud
1138 2461 1376 2537 (nomen)
1403 2461 1636 2519 Michael
1658 2479 1807 2526 esse,
1853 2479 1964 2518 nec

456 2599 497 2644 *)
542 2600 819 2642 scribendum
846 2606 933 2643 est:
968 2603 1154 2652 primos,
1196 2608 1243 2644 ut
1269 2606 1470 2654 supponit
1493 2606 1562 2644 vel
1587 2604 1787 2652 inteuigit
1813 2602 1966 2648 Gloss.

356 2645 525 2734 giges&
562 2649 769 2695 „Primus
794 2652 1003 2724 Abi-anm,
1039 2653 1206 2693 medius
1231 2655 1334 2703 Lot.
1363 2657 1623 2710 novissimus
1642 2653 1803 2695 Mauue
1832 2657 1966 2697 etc-⁸⁸
