2125 3084
302 168 400 223 494
545 174 751 220 PHIL.
791 172 940 218 IUD.
983 172 1309 231 QUAEST.
1346 172 1445 217 ET
1485 172 1641 217 SOL.
1683 166 1912 237 [11,375.]

301 276 439 348 ptati
461 274 642 328 carnis
657 313 670 336 ,
708 274 830 327 iure
851 273 1121 329 conviciis
1140 270 1511 327 subiiceretur
1524 313 1537 336 ‚
1572 273 1785 346 quippe
1806 277 1913 346 qui

299 366 603 421 numquam
624 347 922 403 aemulator
943 347 1050 402 fuit
1070 347 1458 402 continentiae.
1518 348 1694 402 Habet
1712 357 1767 403 et
1782 352 1915 421 opi-

302 425 486 479 nionis
512 421 585 497 [³¹⁵]
612 423 765 477 locus
793 422 1100 477 naturalem
1130 421 1411 492 quandam
1438 422 1708 477 rationem
1730 423 1914 479 histo-

299 500 416 553 riae
455 496 845 552 elucidandae:
905 496 1186 568 siquidem
1212 512 1401 560 omne,
1444 496 1595 567 quod
1624 499 1907 569 coquitur,

299 573 652 637 dissolvitur,
687 572 756 626 ab
777 589 842 626 ea
862 572 1067 627 virtute
1082 612 1095 635 ,
1127 588 1297 641 quam
1316 578 1443 625 ante
1466 570 1731 637 habebat,
1766 566 1913 628 defi-

299 650 478 715 ciens;
533 648 626 701 cui
653 647 856 701 vitium
887 646 1224 700 assimilatur
1250 653 1311 699 ut
1332 643 1637 711 conforme,
1680 648 1814 718 quia
1846 649 1910 703 id

298 723 576 777 insulsum
617 728 701 775 est
739 728 792 775 et
832 720 1211 782 incredulum,
1258 719 1409 790 quod
1438 721 1775 775 continentia
1804 739 1909 793 per

298 799 565 853 rationem
575 794 629 869 *)
649 796 933 859 dissolvit,
973 796 1161 851 nervis
1182 794 1303 849 eius
1324 802 1378 849 et
1398 794 1617 850 viribus
1638 796 1901 867 diruptis.

338 970 435 1021 C'ur
459 972 557 1020 ait.-
600 1005 635 1034 ‚‚
657 968 797 1019 Venit
822 969 962 1019 Esau
988 969 1048 1018 de
1075 984 1240 1033 cmnpo
1267 966 1595 1032 derelictus“?
1620 974 1729 1034 (25,
1750 972 1859 1036 29.)

416 1092 532 1143 469.
555 1088 968 1160 Depatriarchis
985 1092 1250 1144 derelictio
1270 1088 1476 1144 dicitur
1496 1089 1641 1141 sicut
1660 1087 1899 1156 additio;

302 1164 390 1217 illi
425 1165 574 1218 enim
594 1163 858 1219 derelicta
878 1164 993 1218 vita
1013 1164 1231 1218 mortali
1251 1164 1308 1218 in
1331 1164 1486 1218 illam
1506 1164 1680 1217 vitam
1701 1162 1905 1219 adiecti

301 1246 449 1293 sunt.
519 1238 717 1294 Verum
737 1238 1026 1308 improbus
1045 1237 1461 1295 derelictionem
1482 1237 1648 1291 habet
1667 1245 1901 1302 tantum,

301 1313 539 1367 esuriem
568 1313 792 1368 virtutis
821 1314 1006 1382 potius
1031 1330 1231 1384 passus
1252 1314 1483 1386 iugiter,
1524 1328 1693 1383 quam
1715 1312 1831 1367 cibi
1854 1321 1907 1369 et

299 1394 482 1456 potua.

402 1559 447 1607 ¹¹)
474 1568 511 1598 s.
539 1558 726 1605 verbum,
756 1559 870 1607 quod
895 1561 1039 1599 tamen
1067 1560 1333 1601 desideratur
1358 1560 1402 1600 ln
1429 1559 1523 1599 cod.
1553 1557 1601 1599 C.
1654 1557 1819 1599 Anch-

301 1801 476 1857 Omne
515 1802 665 1857 enim
701 1801 852 1875 quod
888 1805 1169 1876 coquitur,
1224 1804 1425 1858 amissa
1462 1804 1691 1867 virtute,
1735 1820 1907 1874 quam

299 1878 458 1949 prius
488 1874 710 1942 habuit,
753 1878 1086 1934 dissolutum
1114 1880 1213 1947 sit3
1274 1878 1425 1949 quod
1452 1886 1663 1949 poterat
1682 1895 1791 1933 non
1814 1896 1909 1933 co-

302 1960 454 2006 ctum
479 1950 666 2024 (mar-9.
689 1954 1018 2027 contactum)
1047 1954 1203 2009 nullo
1230 1953 1518 2008 subiacere
1546 1954 1902 2025 improperi0‚

301 2026 402 2081 sed
421 2034 684 2096 tanquam
705 2030 1071 2083 continentiae
1094 2036 1239 2085 statu
1258 2044 1599 2100 permanere.
1673 2029 1752 2081 Ita
1770 2044 1909 2098 pru-

304 2100 442 2154 dens
447 2100 948 2227 ‹foncupiscentiae
977 2120 1177 2162 nervos
1228 2111 1282 2159 et
1332 2101 1711 2159 fortitudinem
1742 2102 1909 2158 vitio-

301 2190 427 2229 rum
487 2181 705 2227 estruit.
1574 2200 1602 2213 κ

345 2344 506 2405 Quare
541 2346 715 2397 dictum
750 2355 847 2395 est.-
905 2381 940 2408 „
955 2346 1094 2397 Venit
1118 2347 1259 2397 Esau
1293 2348 1352 2397 de
1386 2364 1552 2413 campo
1580 2348 1877 2412 deficz'ens“?

421 2470 536 2519 ⁴69.
606 2465 770 2536 Apud
815 2464 1089 2535 quosdam
1128 2470 1343 2534 desectio
1380 2466 1617 2523 adiectio
1656 2474 1907 2523 vocatur.

304 2537 520 2592 Defecta
569 2540 719 2593 enim
767 2539 1095 2595 mortalitate
1144 2540 1529 2596 immortalitas
1588 2544 1907 2613 apponitur,

304 2626 511 2679 pravus
547 2620 730 2668 tamen
765 2632 868 2687 pro
905 2614 1093 2683 inopia
1130 2613 1381 2678 virtutis,
1424 2633 1533 2671 non
1561 2617 1799 2687 penuria
1828 2618 1915 2672 ci-

307 2681 504 2737 borum
533 2694 626 2740 aut
651 2690 976 2757 poculorum
1004 2686 1253 2746 defectus
1282 2687 1508 2745 dicitur.
