<?xml version="1.0" encoding="UTF-8"?>
<!DOCTYPE html PUBLIC "-//W3C//DTD XHTML 1.0 Transitional//EN"
    "http://www.w3.org/TR/xhtml1/DTD/xhtml1-transitional.dtd">
<html xmlns="http://www.w3.org/1999/xhtml" xml:lang="en" lang="en">
 <head>
  <title>
</title>
<meta http-equiv="Content-Type" content="text/html;charset=utf-8" />
  <meta name='ocr-system' content='tesseract 3.04.00' />
  <meta name='ocr-capabilities' content='ocr_page ocr_carea ocr_par ocr_line ocrx_word'/>
</head>
<body>
  <div class='ocr_page' id='page_1' title='image "./philonisiudaeio00alejgoog_0620.png"; bbox 0 0 2125 3084; ppageno 0'>
   <div class='ocr_carea' id='block_1_1' title="bbox 219 171 1810 243">
    <p class='ocr_par' dir='ltr' id='par_1_1' title="bbox 219 171 1810 243">
     <span class='ocr_line' id='line_1_1' title="bbox 219 171 1810 243; baseline 0.001 -16"><span class='ocrx_word' id='word_1_1' title='bbox 219 171 289 243; x_wconf 61' lang='lat'>11,</span> <span class='ocrx_word' id='word_1_2' title='bbox 315 174 434 241; x_wconf 61' lang='grc' dir='ltr'>εει]</span> <span class='ocrx_word' id='word_1_3' title='bbox 614 180 753 225; x_wconf 76' lang='lat' dir='ltr'>mn.</span> <span class='ocrx_word' id='word_1_4' title='bbox 792 180 889 225; x_wconf 77' lang='lat' dir='ltr'>nn</span> <span class='ocrx_word' id='word_1_5' title='bbox 934 180 1414 227; x_wconf 62' lang='lat' dir='ltr'>artmannus.</span> <span class='ocrx_word' id='word_1_6' title='bbox 1715 176 1810 231; x_wconf 72' lang='grc'>449</span> 
     </span>
    </p>
   </div>
   <div class='ocr_carea' id='block_1_2' title="bbox 220 279 1810 577">
    <p class='ocr_par' dir='ltr' id='par_1_2' title="bbox 220 279 1810 577">
     <span class='ocr_line' id='line_1_2' title="bbox 223 279 1810 351; baseline 0 -14"><span class='ocrx_word' id='word_1_7' title='bbox 223 298 344 337; x_wconf 88' lang='lat' dir='ltr'>rem</span> <span class='ocrx_word' id='word_1_8' title='bbox 364 280 629 335; x_wconf 78' lang='lat' dir='ltr'>celeritati</span> <span class='ocrx_word' id='word_1_9' title='bbox 659 279 868 333; x_wconf 87' lang='lat' dir='ltr'>alarum</span> <span class='ocrx_word' id='word_1_10' title='bbox 882 320 894 343; x_wconf 99' lang='lat'>,</span> <span class='ocrx_word' id='word_1_11' title='bbox 936 280 1109 351; x_wconf 87' lang='lat' dir='ltr'>pedes</span> <span class='ocrx_word' id='word_1_12' title='bbox 1128 280 1250 334; x_wconf 85' lang='lat' dir='ltr'>eius</span> <span class='ocrx_word' id='word_1_13' title='bbox 1267 296 1376 334; x_wconf 91' lang='lat' dir='ltr'>non</span> <span class='ocrx_word' id='word_1_14' title='bbox 1395 289 1456 335; x_wconf 90' lang='lat' dir='ltr'>ut</span> <span class='ocrx_word' id='word_1_15' title='bbox 1477 292 1810 337; x_wconf 83' lang='lat' dir='ltr'>caeterorum</span> 
     </span>
     <span class='ocr_line' id='line_1_3' title="bbox 224 352 1810 427; baseline 0.001 -17"><span class='ocrx_word' id='word_1_16' title='bbox 224 356 453 409; x_wconf 83' lang='lat' dir='ltr'>firmans</span> <span class='ocrx_word' id='word_1_17' title='bbox 468 355 529 409; x_wconf 91' lang='lat' dir='ltr'>in</span> <span class='ocrx_word' id='word_1_18' title='bbox 548 352 849 427; x_wconf 88' lang='lat' dir='ltr'>imputrida</span> <span class='ocrx_word' id='word_1_19' title='bbox 876 370 938 408; x_wconf 89' lang='lat' dir='ltr'>ac</span> <span class='ocrx_word' id='word_1_20' title='bbox 963 355 1257 427; x_wconf 87' lang='lat' dir='ltr'>glomerata</span> <span class='ocrx_word' id='word_1_21' title='bbox 1284 353 1458 425; x_wconf 90' lang='lat' dir='ltr'>pelle,</span> <span class='ocrx_word' id='word_1_22' title='bbox 1499 356 1597 410; x_wconf 85' lang='lat' dir='ltr'>sed</span> <span class='ocrx_word' id='word_1_23' title='bbox 1625 356 1690 411; x_wconf 84' lang='lat' dir='ltr'>ad</span> <span class='ocrx_word' id='word_1_24' title='bbox 1721 358 1810 412; x_wconf 90' lang='lat' dir='ltr'>in-</span> 
     </span>
     <span class='ocr_line' id='line_1_4' title="bbox 222 427 1810 503; baseline -0.001 -17"><span class='ocrx_word' id='word_1_25' title='bbox 222 438 338 494; x_wconf 80' lang='lat' dir='ltr'>star</span> <span class='ocrx_word' id='word_1_26' title='bbox 364 430 585 503; x_wconf 82' lang='lat' dir='ltr'>spongii</span> <span class='ocrx_word' id='word_1_27' title='bbox 616 428 879 492; x_wconf 86' lang='lat' dir='ltr'>dilatans,</span> <span class='ocrx_word' id='word_1_28' title='bbox 920 438 983 483; x_wconf 91' lang='lat' dir='ltr'>ut</span> <span class='ocrx_word' id='word_1_29' title='bbox 1012 445 1208 499; x_wconf 84' lang='lat' dir='ltr'><strong>nempe</strong></span> <span class='ocrx_word' id='word_1_30' title='bbox 1234 427 1470 483; x_wconf 86' lang='lat' dir='ltr'>multum</span> <span class='ocrx_word' id='word_1_31' title='bbox 1500 431 1640 485; x_wconf 79' lang='lat' dir='ltr'>ae‘ris</span> <span class='ocrx_word' id='word_1_32' title='bbox 1669 433 1810 485; x_wconf 81' lang='lat' dir='ltr'>reci·</span> 
     </span>
     <span class='ocr_line' id='line_1_5' title="bbox 220 502 1612 577; baseline -0.001 -18"><span class='ocrx_word' id='word_1_33' title='bbox 220 504 431 577; x_wconf 86' lang='lat' dir='ltr'>piendo</span> <span class='ocrx_word' id='word_1_34' title='bbox 449 520 552 576; x_wconf 90' lang='lat' dir='ltr'>ope</span> <span class='ocrx_word' id='word_1_35' title='bbox 572 504 692 559; x_wconf 84' lang='lat' dir='ltr'>eius</span> <span class='ocrx_word' id='word_1_36' title='bbox 714 503 895 560; x_wconf 83' lang='lat' dir='ltr'>levius</span> <span class='ocrx_word' id='word_1_37' title='bbox 915 503 1260 558; x_wconf 77' lang='lat' dir='ltr'>elevarentur</span> <span class='ocrx_word' id='word_1_38' title='bbox 1279 502 1350 559; x_wconf 88' lang='lat' dir='ltr'>ad</span> <span class='ocrx_word' id='word_1_39' title='bbox 1368 520 1612 558; x_wconf 83' lang='lat' dir='ltr'>cursum.</span> 
     </span>
    </p>
   </div>
   <div class='ocr_carea' id='block_1_3' title="bbox 186 610 1811 1641">
    <p class='ocr_par' dir='ltr' id='par_1_3' title="bbox 186 610 1811 1641">
     <span class='ocr_line' id='line_1_6' title="bbox 336 610 1810 684; baseline 0 -17"><span class='ocrx_word' id='word_1_40' title='bbox 336 612 422 667; x_wconf 80' lang='lat'>70.</span> <span class='ocrx_word' id='word_1_41' title='bbox 465 610 740 679; x_wconf 88' lang='lat' dir='ltr'>Quantum</span> <span class='ocrx_word' id='word_1_42' title='bbox 760 626 890 667; x_wconf 86' lang='lat' dir='ltr'>vero</span> <span class='ocrx_word' id='word_1_43' title='bbox 907 611 999 666; x_wconf 90' lang='lat' dir='ltr'>isti</span> <span class='ocrx_word' id='word_1_44' title='bbox 1021 628 1224 684; x_wconf 89' lang='lat' dir='ltr'>pavore</span> <span class='ocrx_word' id='word_1_45' title='bbox 1243 618 1372 667; x_wconf 88' lang='lat' dir='ltr'>sunt</span> <span class='ocrx_word' id='word_1_46' title='bbox 1389 611 1570 683; x_wconf 87' lang='lat' dir='ltr'>pleni,</span> <span class='ocrx_word' id='word_1_47' title='bbox 1599 620 1810 669; x_wconf 89' lang='lat' dir='ltr'>tantum</span> 
     </span>
     <span class='ocr_line' id='line_1_7' title="bbox 220 684 1810 759; baseline -0.001 -16"><span class='ocrx_word' id='word_1_48' title='bbox 220 687 477 743; x_wconf 85' lang='lat' dir='ltr'>nonnulli</span> <span class='ocrx_word' id='word_1_49' title='bbox 512 687 572 741; x_wconf 90' lang='lat' dir='ltr'>in</span> <span class='ocrx_word' id='word_1_50' title='bbox 599 687 974 759; x_wconf 89' lang='lat' dir='ltr'>impudentem</span> <span class='ocrx_word' id='word_1_51' title='bbox 1003 686 1289 743; x_wconf 88' lang='lat' dir='ltr'>audaciam</span> <span class='ocrx_word' id='word_1_52' title='bbox 1317 684 1586 741; x_wconf 78' lang='lat' dir='ltr'>feruntur.</span> <span class='ocrx_word' id='word_1_53' title='bbox 1663 684 1810 753; x_wconf 85' lang='lat' dir='ltr'>Quid</span> 
     </span>
     <span class='ocr_line' id='line_1_8' title="bbox 222 760 1810 833; baseline -0.001 -15"><span class='ocrx_word' id='word_1_54' title='bbox 222 762 374 819; x_wconf 86' lang='lat' dir='ltr'>enim</span> <span class='ocrx_word' id='word_1_55' title='bbox 402 769 611 833; x_wconf 82' lang='lat' dir='ltr'>oportet</span> <span class='ocrx_word' id='word_1_56' title='bbox 640 778 894 832; x_wconf 88' lang='lat' dir='ltr'>aprorum</span> <span class='ocrx_word' id='word_1_57' title='bbox 921 761 1010 816; x_wconf 87' lang='lat' dir='ltr'>vel</span> <span class='ocrx_word' id='word_1_58' title='bbox 1037 761 1334 833; x_wconf 87' lang='lat' dir='ltr'>pardorum</span> <span class='ocrx_word' id='word_1_59' title='bbox 1363 768 1456 815; x_wconf 86' lang='lat' dir='ltr'>aut</span> <span class='ocrx_word' id='word_1_60' title='bbox 1485 760 1704 816; x_wconf 89' lang='lat' dir='ltr'>leonum</span> <span class='ocrx_word' id='word_1_61' title='bbox 1724 780 1810 817; x_wconf 89' lang='lat' dir='ltr'>re-</span> 
     </span>
     <span class='ocr_line' id='line_1_9' title="bbox 222 836 1809 909; baseline 0 -17"><span class='ocrx_word' id='word_1_62' title='bbox 222 836 369 892; x_wconf 79' lang='lat' dir='ltr'>ferre</span> <span class='ocrx_word' id='word_1_63' title='bbox 403 837 857 907; x_wconf 83' lang='lat' dir='ltr'>praepotentiam,</span> <span class='ocrx_word' id='word_1_64' title='bbox 900 837 999 905; x_wconf 90' lang='lat' dir='ltr'>qui</span> <span class='ocrx_word' id='word_1_65' title='bbox 1034 836 1104 891; x_wconf 90' lang='lat' dir='ltr'>ad</span> <span class='ocrx_word' id='word_1_66' title='bbox 1142 836 1375 891; x_wconf 87' lang='lat' dir='ltr'>iniurias</span> <span class='ocrx_word' id='word_1_67' title='bbox 1409 836 1809 909; x_wconf 86' lang='lat' dir='ltr'>violentiasque</span> 
     </span>
     <span class='ocr_line' id='line_1_10' title="bbox 220 909 1811 981; baseline -0.001 -14"><span class='ocrx_word' id='word_1_68' title='bbox 220 910 503 967; x_wconf 80' lang='lat' dir='ltr'>faciendas</span> <span class='ocrx_word' id='word_1_69' title='bbox 522 911 695 981; x_wconf 89' lang='lat' dir='ltr'>parati</span> <span class='ocrx_word' id='word_1_70' title='bbox 716 919 861 973; x_wconf 90' lang='lat' dir='ltr'>sunt,</span> <span class='ocrx_word' id='word_1_71' title='bbox 884 926 1057 980; x_wconf 89' lang='lat' dir='ltr'>quum</span> <span class='ocrx_word' id='word_1_72' title='bbox 1078 911 1167 966; x_wconf 85' lang='lat' dir='ltr'>vel</span> <span class='ocrx_word' id='word_1_73' title='bbox 1189 911 1528 966; x_wconf 86' lang='lat' dir='ltr'>connutritus</span> <span class='ocrx_word' id='word_1_74' title='bbox 1549 912 1691 965; x_wconf 89' lang='lat' dir='ltr'>inter</span> <span class='ocrx_word' id='word_1_75' title='bbox 1709 909 1811 966; x_wconf 91' lang='lat' dir='ltr'>ho-</span> 
     </span>
     <span class='ocr_line' id='line_1_11' title="bbox 221 983 1810 1059; baseline -0.001 -18"><span class='ocrx_word' id='word_1_76' title='bbox 221 986 403 1043; x_wconf 80' lang='lat' dir='ltr'>mines</span> <span class='ocrx_word' id='word_1_77' title='bbox 432 985 583 1039; x_wconf 86' lang='lat' dir='ltr'>canis</span> <span class='ocrx_word' id='word_1_78' title='bbox 612 983 829 1055; x_wconf 90' lang='lat' dir='ltr'>quando</span> <span class='ocrx_word' id='word_1_79' title='bbox 856 984 1106 1059; x_wconf 86' lang='lat' dir='ltr'>obtingat</span> <span class='ocrx_word' id='word_1_80' title='bbox 1133 986 1349 1041; x_wconf 82' lang='lat' dir='ltr'>vultum</span> <span class='ocrx_word' id='word_1_81' title='bbox 1378 985 1488 1040; x_wconf 89' lang='lat' dir='ltr'>sibi</span> <span class='ocrx_word' id='word_1_82' title='bbox 1508 984 1810 1041; x_wconf 86' lang='lat' dir='ltr'>infamilia-</span> 
     </span>
     <span class='ocr_line' id='line_1_12' title="bbox 219 1056 1810 1133; baseline 0 -17"><span class='ocrx_word' id='word_1_83' title='bbox 219 1076 342 1118; x_wconf 86' lang='lat' dir='ltr'>rem</span> <span class='ocrx_word' id='word_1_84' title='bbox 356 1099 371 1125; x_wconf 85' lang='lat'>,</span> <span class='ocrx_word' id='word_1_85' title='bbox 413 1056 545 1113; x_wconf 80' lang='lat' dir='ltr'>furit</span> <span class='ocrx_word' id='word_1_86' title='bbox 568 1068 779 1129; x_wconf 88' lang='lat' dir='ltr'>praeter</span> <span class='ocrx_word' id='word_1_87' title='bbox 798 1057 1059 1115; x_wconf 76' lang='lat' dir='ltr'>modum?</span> <span class='ocrx_word' id='word_1_88' title='bbox 1115 1060 1214 1133; x_wconf 89' lang='lat' dir='ltr'>qui</span> <span class='ocrx_word' id='word_1_89' title='bbox 1232 1061 1282 1115; x_wconf 92' lang='lat' dir='ltr'>si</span> <span class='ocrx_word' id='word_1_90' title='bbox 1301 1077 1373 1115; x_wconf 82' lang='lat' dir='ltr'>ex</span> <span class='ocrx_word' id='word_1_91' title='bbox 1393 1059 1692 1133; x_wconf 86' lang='lat' dir='ltr'>longinquo</span> <span class='ocrx_word' id='word_1_92' title='bbox 1711 1078 1810 1133; x_wconf 88' lang='lat' dir='ltr'>ap-</span> 
     </span>
     <span class='ocr_line' id='line_1_13' title="bbox 219 1132 1808 1208; baseline 0.001 -19"><span class='ocrx_word' id='word_1_93' title='bbox 219 1141 441 1208; x_wconf 78' lang='lat' dir='ltr'>pareat,</span> <span class='ocrx_word' id='word_1_94' title='bbox 481 1132 669 1189; x_wconf 85' lang='lat' dir='ltr'>crebro</span> <span class='ocrx_word' id='word_1_95' title='bbox 695 1143 997 1191; x_wconf 89' lang='lat' dir='ltr'>murmurat</span> <span class='ocrx_word' id='word_1_96' title='bbox 1022 1142 1077 1191; x_wconf 91' lang='lat' dir='ltr'>et</span> <span class='ocrx_word' id='word_1_97' title='bbox 1115 1152 1241 1190; x_wconf 90' lang='lat' dir='ltr'>cum</span> <span class='ocrx_word' id='word_1_98' title='bbox 1278 1136 1488 1207; x_wconf 89' lang='lat' dir='ltr'>impetu</span> <span class='ocrx_word' id='word_1_99' title='bbox 1527 1134 1808 1206; x_wconf 88' lang='lat' dir='ltr'>impavide</span> 
     </span>
     <span class='ocr_line' id='line_1_14' title="bbox 224 1208 1809 1281; baseline 0.002 -17"><span class='ocrx_word' id='word_1_100' title='bbox 224 1211 411 1277; x_wconf 80' lang='lat' dir='ltr'>latrat,</span> <span class='ocrx_word' id='word_1_101' title='bbox 456 1208 978 1281; x_wconf 80' lang='lat' dir='ltr'>appropinquantem</span> <span class='ocrx_word' id='word_1_102' title='bbox 1007 1226 1137 1265; x_wconf 86' lang='lat' dir='ltr'>vero</span> <span class='ocrx_word' id='word_1_103' title='bbox 1166 1209 1407 1275; x_wconf 86' lang='lat' dir='ltr'>invadit,</span> <span class='ocrx_word' id='word_1_104' title='bbox 1450 1210 1662 1265; x_wconf 87' lang='lat' dir='ltr'>cunctis</span> <span class='ocrx_word' id='word_1_105' title='bbox 1699 1211 1809 1267; x_wconf 88' lang='lat' dir='ltr'>im·</span> 
     </span>
     <span class='ocr_line' id='line_1_15' title="bbox 186 1280 1803 1361; baseline 0 -22"><span class='ocrx_word' id='word_1_106' title='bbox 186 1351 194 1359; x_wconf 86' lang='lat'><em>.</em></span> <span class='ocrx_word' id='word_1_107' title='bbox 222 1280 565 1339; x_wconf 78' lang='lat' dir='ltr'>minentibus</span> <span class='ocrx_word' id='word_1_108' title='bbox 584 1282 743 1339; x_wconf 88' lang='lat' dir='ltr'>malis</span> <span class='ocrx_word' id='word_1_109' title='bbox 764 1285 1108 1356; x_wconf 86' lang='lat' dir='ltr'>contemptis.</span> <span class='ocrx_word' id='word_1_110' title='bbox 1185 1284 1324 1340; x_wconf 90' lang='lat' dir='ltr'>Nam</span> <span class='ocrx_word' id='word_1_111' title='bbox 1343 1285 1703 1359; x_wconf 84' lang='lat' dir='ltr'>supersiliens</span> <span class='ocrx_word' id='word_1_112' title='bbox 1729 1282 1803 1361; x_wconf 71' lang='lat'>[⁴⁸²]</span> 
     </span>
     <span class='ocr_line' id='line_1_16' title="bbox 220 1357 1801 1433; baseline 0.001 -20"><span class='ocrx_word' id='word_1_113' title='bbox 220 1357 578 1413; x_wconf 86' lang='lat' dir='ltr'>vehementer</span> <span class='ocrx_word' id='word_1_114' title='bbox 610 1358 786 1413; x_wconf 89' lang='lat' dir='ltr'>oculis</span> <span class='ocrx_word' id='word_1_115' title='bbox 818 1360 1140 1433; x_wconf 80' lang='lat' dir='ltr'>sanguineis</span> <span class='ocrx_word' id='word_1_116' title='bbox 1167 1376 1369 1431; x_wconf 88' lang='lat' dir='ltr'>oreque</span> <span class='ocrx_word' id='word_1_117' title='bbox 1397 1376 1593 1432; x_wconf 90' lang='lat' dir='ltr'>spuma</span> <span class='ocrx_word' id='word_1_118' title='bbox 1617 1360 1801 1432; x_wconf 90' lang='lat' dir='ltr'>pleno,</span> 
     </span>
     <span class='ocr_line' id='line_1_17' title="bbox 221 1431 1805 1509; baseline 0.003 -22"><span class='ocrx_word' id='word_1_119' title='bbox 221 1450 333 1489; x_wconf 88' lang='lat' dir='ltr'>non</span> <span class='ocrx_word' id='word_1_120' title='bbox 371 1440 579 1491; x_wconf 89' lang='lat' dir='ltr'>tantum</span> <span class='ocrx_word' id='word_1_121' title='bbox 610 1431 857 1505; x_wconf 88' lang='lat' dir='ltr'>lapidum</span> <span class='ocrx_word' id='word_1_122' title='bbox 885 1435 1274 1505; x_wconf 86' lang='lat' dir='ltr'>proiectionem</span> <span class='ocrx_word' id='word_1_123' title='bbox 1301 1432 1514 1500; x_wconf 81' lang='lat' dir='ltr'>suffert,</span> <span class='ocrx_word' id='word_1_124' title='bbox 1558 1452 1678 1491; x_wconf 85' lang='lat' dir='ltr'>sese</span> <span class='ocrx_word' id='word_1_125' title='bbox 1705 1453 1805 1509; x_wconf 90' lang='lat' dir='ltr'>op-</span> 
     </span>
     <span class='ocr_line' id='line_1_18' title="bbox 220 1507 1805 1584; baseline 0.001 -21"><span class='ocrx_word' id='word_1_126' title='bbox 220 1508 477 1581; x_wconf 88' lang='lat' dir='ltr'>ponendo</span> <span class='ocrx_word' id='word_1_127' title='bbox 490 1550 504 1575; x_wconf 92' lang='lat'>,</span> <span class='ocrx_word' id='word_1_128' title='bbox 536 1507 635 1563; x_wconf 85' lang='lat' dir='ltr'>sed</span> <span class='ocrx_word' id='word_1_129' title='bbox 655 1510 817 1566; x_wconf 89' lang='lat' dir='ltr'>etiam</span> <span class='ocrx_word' id='word_1_130' title='bbox 838 1508 1119 1577; x_wconf 83' lang='lat' dir='ltr'>hastarum</span> <span class='ocrx_word' id='word_1_131' title='bbox 1139 1510 1569 1584; x_wconf 82' lang='lat' dir='ltr'>sagittarumque</span> <span class='ocrx_word' id='word_1_132' title='bbox 1589 1512 1805 1565; x_wconf 87' lang='lat' dir='ltr'>immis-</span> 
     </span>
     <span class='ocr_line' id='line_1_19' title="bbox 220 1582 1244 1641; baseline 0.002 -4"><span class='ocrx_word' id='word_1_133' title='bbox 220 1601 407 1640; x_wconf 87' lang='lat' dir='ltr'>sarum</span> <span class='ocrx_word' id='word_1_134' title='bbox 426 1584 570 1641; x_wconf 85' lang='lat' dir='ltr'>ictus</span> <span class='ocrx_word' id='word_1_135' title='bbox 590 1582 778 1640; x_wconf 84' lang='lat' dir='ltr'>obviat</span> <span class='ocrx_word' id='word_1_136' title='bbox 798 1592 850 1639; x_wconf 88' lang='lat' dir='ltr'>et</span> <span class='ocrx_word' id='word_1_137' title='bbox 870 1584 1144 1640; x_wconf 87' lang='lat' dir='ltr'>interserit</span> <span class='ocrx_word' id='word_1_138' title='bbox 1163 1602 1244 1639; x_wconf 82' lang='lat' dir='ltr'>se.</span> 
     </span>
    </p>
   </div>
   <div class='ocr_carea' id='block_1_4' title="bbox 222 1690 1806 2492">
    <p class='ocr_par' dir='ltr' id='par_1_4' title="bbox 222 1690 1806 2492">
     <span class='ocr_line' id='line_1_20' title="bbox 331 1690 1804 1764; baseline 0.001 -22"><span class='ocrx_word' id='word_1_139' title='bbox 331 1692 417 1743; x_wconf 80' lang='grc' dir='ltr'>Ἦ.</span> <span class='ocrx_word' id='word_1_140' title='bbox 475 1692 664 1761; x_wconf 89' lang='lat' dir='ltr'>Itaque</span> <span class='ocrx_word' id='word_1_141' title='bbox 702 1690 971 1760; x_wconf 88' lang='lat' dir='ltr'>reliquam</span> <span class='ocrx_word' id='word_1_142' title='bbox 1008 1695 1172 1747; x_wconf 89' lang='lat' dir='ltr'>etiam</span> <span class='ocrx_word' id='word_1_143' title='bbox 1209 1701 1446 1764; x_wconf 89' lang='lat' dir='ltr'>partem,</span> <span class='ocrx_word' id='word_1_144' title='bbox 1488 1708 1598 1745; x_wconf 90' lang='lat' dir='ltr'>non</span> <span class='ocrx_word' id='word_1_145' title='bbox 1627 1692 1804 1744; x_wconf 89' lang='lat' dir='ltr'>solum</span> 
     </span>
     <span class='ocr_line' id='line_1_21' title="bbox 224 1763 1806 1827; baseline -0.003 -7"><span class='ocrx_word' id='word_1_146' title='bbox 224 1763 503 1827; x_wconf 87' lang='lat' dir='ltr'>homines,</span> <span class='ocrx_word' id='word_1_147' title='bbox 545 1780 739 1818; x_wconf 82' lang='lat' dir='ltr'>verum</span> <span class='ocrx_word' id='word_1_148' title='bbox 772 1765 935 1817; x_wconf 89' lang='lat' dir='ltr'>etiam</span> <span class='ocrx_word' id='word_1_149' title='bbox 964 1764 1169 1819; x_wconf 85' lang='lat' dir='ltr'>bestias</span> <span class='ocrx_word' id='word_1_150' title='bbox 1197 1767 1412 1819; x_wconf 87' lang='lat' dir='ltr'>sortitas</span> <span class='ocrx_word' id='word_1_151' title='bbox 1440 1780 1561 1817; x_wconf 86' lang='lat' dir='ltr'>esse</span> <span class='ocrx_word' id='word_1_152' title='bbox 1587 1764 1806 1817; x_wconf 89' lang='lat' dir='ltr'>intelle-</span> 
     </span>
     <span class='ocr_line' id='line_1_22' title="bbox 224 1836 1800 1909; baseline -0.002 -16"><span class='ocrx_word' id='word_1_153' title='bbox 224 1844 373 1901; x_wconf 86' lang='lat' dir='ltr'>ctus,</span> <span class='ocrx_word' id='word_1_154' title='bbox 414 1836 577 1908; x_wconf 86' lang='lat' dir='ltr'>quasi</span> <span class='ocrx_word' id='word_1_155' title='bbox 602 1836 901 1891; x_wconf 87' lang='lat' dir='ltr'>hereditate</span> <span class='ocrx_word' id='word_1_156' title='bbox 922 1844 1140 1909; x_wconf 88' lang='lat' dir='ltr'>accepta</span> <span class='ocrx_word' id='word_1_157' title='bbox 1154 1878 1167 1899; x_wconf 91' lang='lat'>,</span> <span class='ocrx_word' id='word_1_158' title='bbox 1207 1837 1359 1892; x_wconf 83' lang='lat' dir='ltr'>haud</span> <span class='ocrx_word' id='word_1_159' title='bbox 1377 1837 1673 1891; x_wconf 87' lang='lat' dir='ltr'>obscurum</span> <span class='ocrx_word' id='word_1_160' title='bbox 1693 1844 1800 1890; x_wconf 87' lang='lat' dir='ltr'>est:</span> 
     </span>
     <span class='ocr_line' id='line_1_23' title="bbox 225 1909 1805 1983; baseline -0.003 -16"><span class='ocrx_word' id='word_1_161' title='bbox 225 1912 385 1967; x_wconf 86' lang='lat' dir='ltr'>cuius</span> <span class='ocrx_word' id='word_1_162' title='bbox 414 1912 493 1967; x_wconf 87' lang='lat' dir='ltr'>rei</span> <span class='ocrx_word' id='word_1_163' title='bbox 523 1911 867 1983; x_wconf 88' lang='lat' dir='ltr'>participatio</span> <span class='ocrx_word' id='word_1_164' title='bbox 895 1911 1117 1966; x_wconf 84' lang='lat' dir='ltr'>virtutis</span> <span class='ocrx_word' id='word_1_165' title='bbox 1149 1926 1212 1964; x_wconf 92' lang='lat' dir='ltr'>ac</span> <span class='ocrx_word' id='word_1_166' title='bbox 1229 1910 1470 1964; x_wconf 81' lang='lat' dir='ltr'>malitiae</span> <span class='ocrx_word' id='word_1_167' title='bbox 1487 1909 1620 1963; x_wconf 87' lang='lat' dir='ltr'>satis</span> <span class='ocrx_word' id='word_1_168' title='bbox 1641 1909 1805 1965; x_wconf 83' lang='lat' dir='ltr'>fidem</span> 
     </span>
     <span class='ocr_line' id='line_1_24' title="bbox 224 1984 1806 2057; baseline -0.003 -14"><span class='ocrx_word' id='word_1_169' title='bbox 224 1986 377 2043; x_wconf 77' lang='lat' dir='ltr'>facit.</span> <span class='ocrx_word' id='word_1_170' title='bbox 454 1984 597 2041; x_wconf 91' lang='lat' dir='ltr'>Sunt</span> <span class='ocrx_word' id='word_1_171' title='bbox 624 1984 851 2057; x_wconf 89' lang='lat' dir='ltr'>quidem</span> <span class='ocrx_word' id='word_1_172' title='bbox 879 1985 1080 2056; x_wconf 87' lang='lat' dir='ltr'>aliqui,</span> <span class='ocrx_word' id='word_1_173' title='bbox 1123 1984 1221 2055; x_wconf 90' lang='lat' dir='ltr'>qui</span> <span class='ocrx_word' id='word_1_174' title='bbox 1251 1991 1529 2055; x_wconf 89' lang='lat' dir='ltr'>nequeunt</span> <span class='ocrx_word' id='word_1_175' title='bbox 1554 1984 1688 2038; x_wconf 88' lang='lat' dir='ltr'>haec</span> <span class='ocrx_word' id='word_1_176' title='bbox 1706 2001 1806 2039; x_wconf 90' lang='lat' dir='ltr'>au-</span> 
     </span>
     <span class='ocr_line' id='line_1_25' title="bbox 224 2058 1806 2133; baseline -0.003 -16"><span class='ocrx_word' id='word_1_177' title='bbox 224 2062 345 2117; x_wconf 90' lang='lat' dir='ltr'>dire</span> <span class='ocrx_word' id='word_1_178' title='bbox 360 2103 373 2126; x_wconf 96' lang='lat'>,</span> <span class='ocrx_word' id='word_1_179' title='bbox 410 2078 511 2133; x_wconf 88' lang='lat' dir='ltr'>per</span> <span class='ocrx_word' id='word_1_180' title='bbox 528 2078 588 2117; x_wconf 88' lang='lat' dir='ltr'>se</span> <span class='ocrx_word' id='word_1_181' title='bbox 605 2061 833 2115; x_wconf 89' lang='lat' dir='ltr'>minime</span> <span class='ocrx_word' id='word_1_182' title='bbox 854 2060 1060 2124; x_wconf 87' lang='lat' dir='ltr'>edocti,</span> <span class='ocrx_word' id='word_1_183' title='bbox 1091 2058 1190 2113; x_wconf 85' lang='lat' dir='ltr'>sed</span> <span class='ocrx_word' id='word_1_184' title='bbox 1207 2058 1570 2131; x_wconf 83' lang='lat' dir='ltr'>ignorantiam</span> <span class='ocrx_word' id='word_1_185' title='bbox 1588 2076 1687 2131; x_wconf 90' lang='lat' dir='ltr'>pro</span> <span class='ocrx_word' id='word_1_186' title='bbox 1715 2059 1806 2113; x_wconf 92' lang='lat' dir='ltr'>di-</span> 
     </span>
     <span class='ocr_line' id='line_1_26' title="bbox 226 2133 1806 2221; baseline -0.002 -29"><span class='ocrx_word' id='word_1_187' title='bbox 226 2136 465 2208; x_wconf 86' lang='lat' dir='ltr'>sciplina</span> <span class='ocrx_word' id='word_1_188' title='bbox 482 2134 747 2191; x_wconf 84' lang='lat' dir='ltr'>habentes</span> <span class='ocrx_word' id='word_1_189' title='bbox 768 2135 1104 2221; x_wconf 55' lang='lat' dir='ltr'>contrarium</span> <span class='ocrx_word' id='word_1_190' title='bbox 1119 2134 1340 2189; x_wconf 89' lang='lat' dir='ltr'>omnino</span> <span class='ocrx_word' id='word_1_191' title='bbox 1357 2141 1599 2188; x_wconf 87' lang='lat' dir='ltr'>tuentur.</span> <span class='ocrx_word' id='word_1_192' title='bbox 1669 2133 1806 2201; x_wconf 84' lang='lat' dir='ltr'>Qui-</span> 
     </span>
     <span class='ocr_line' id='line_1_27' title="bbox 224 2208 1805 2280; baseline -0.003 -13"><span class='ocrx_word' id='word_1_193' title='bbox 224 2213 331 2267; x_wconf 86' lang='lat' dir='ltr'>bus</span> <span class='ocrx_word' id='word_1_194' title='bbox 358 2219 539 2266; x_wconf 88' lang='lat' dir='ltr'>tamen</span> <span class='ocrx_word' id='word_1_195' title='bbox 574 2228 685 2266; x_wconf 88' lang='lat' dir='ltr'>una</span> <span class='ocrx_word' id='word_1_196' title='bbox 711 2228 837 2266; x_wconf 91' lang='lat' dir='ltr'>cum</span> <span class='ocrx_word' id='word_1_197' title='bbox 866 2209 1101 2265; x_wconf 72' lang='lat' dir='ltr'>naturali</span> <span class='ocrx_word' id='word_1_198' title='bbox 1123 2208 1404 2263; x_wconf 86' lang='lat' dir='ltr'>ratiocinio</span> <span class='ocrx_word' id='word_1_199' title='bbox 1425 2208 1698 2280; x_wconf 89' lang='lat' dir='ltr'>principia</span> <span class='ocrx_word' id='word_1_200' title='bbox 1716 2210 1805 2263; x_wconf 91' lang='lat' dir='ltr'>in-</span> 
     </span>
     <span class='ocr_line' id='line_1_28' title="bbox 223 2282 1806 2359; baseline -0.004 -16"><span class='ocrx_word' id='word_1_201' title='bbox 223 2286 563 2359; x_wconf 87' lang='lat' dir='ltr'>telligentiae</span> <span class='ocrx_word' id='word_1_202' title='bbox 583 2285 720 2341; x_wconf 87' lang='lat' dir='ltr'>deus</span> <span class='ocrx_word' id='word_1_203' title='bbox 740 2284 1068 2341; x_wconf 85' lang='lat' dir='ltr'>concesserit</span> <span class='ocrx_word' id='word_1_204' title='bbox 1088 2292 1249 2354; x_wconf 88' lang='lat' dir='ltr'>atque</span> <span class='ocrx_word' id='word_1_205' title='bbox 1270 2282 1571 2339; x_wconf 86' lang='lat' dir='ltr'>doctrinam</span> <span class='ocrx_word' id='word_1_206' title='bbox 1591 2299 1662 2339; x_wconf 86' lang='lat' dir='ltr'>ex</span> <span class='ocrx_word' id='word_1_207' title='bbox 1679 2300 1806 2338; x_wconf 84' lang='lat' dir='ltr'>ver-</span> 
     </span>
     <span class='ocr_line' id='line_1_29' title="bbox 224 2358 1803 2433; baseline -0.003 -15"><span class='ocrx_word' id='word_1_208' title='bbox 224 2362 295 2418; x_wconf 86' lang='lat' dir='ltr'>bo</span> <span class='ocrx_word' id='word_1_209' title='bbox 332 2360 771 2433; x_wconf 85' lang='lat' dir='ltr'>acquisiverunt,</span> <span class='ocrx_word' id='word_1_210' title='bbox 819 2361 942 2414; x_wconf 87' lang='lat' dir='ltr'>istis</span> <span class='ocrx_word' id='word_1_211' title='bbox 980 2358 1110 2415; x_wconf 87' lang='lat' dir='ltr'>licet</span> <span class='ocrx_word' id='word_1_212' title='bbox 1147 2358 1486 2413; x_wconf 83' lang='lat' dir='ltr'>adversarios</span> <span class='ocrx_word' id='word_1_213' title='bbox 1523 2359 1803 2429; x_wconf 88' lang='lat' dir='ltr'>increpare</span> 
     </span>
     <span class='ocr_line' id='line_1_30' title="bbox 222 2432 1545 2492; baseline -0.006 0"><span class='ocrx_word' id='word_1_214' title='bbox 222 2435 398 2492; x_wconf 80' lang='lat' dir='ltr'>veluti</span> <span class='ocrx_word' id='word_1_215' title='bbox 428 2436 649 2491; x_wconf 89' lang='lat' dir='ltr'>insanos</span> <span class='ocrx_word' id='word_1_216' title='bbox 678 2444 771 2491; x_wconf 91' lang='lat' dir='ltr'>aut</span> <span class='ocrx_word' id='word_1_217' title='bbox 796 2434 970 2491; x_wconf 82' lang='lat' dir='ltr'>veluti</span> <span class='ocrx_word' id='word_1_218' title='bbox 997 2434 1252 2489; x_wconf 89' lang='lat' dir='ltr'>inimicos</span> <span class='ocrx_word' id='word_1_219' title='bbox 1279 2432 1545 2488; x_wconf 84' lang='lat' dir='ltr'>veritatis.</span> 
     </span>
    </p>
   </div>
   <div class='ocr_carea' id='block_1_5' title="bbox 223 2541 1802 2769">
    <p class='ocr_par' dir='ltr' id='par_1_5' title="bbox 223 2541 1802 2769">
     <span class='ocr_line' id='line_1_31' title="bbox 334 2541 1801 2606; baseline -0.001 -8"><span class='ocrx_word' id='word_1_220' title='bbox 334 2546 421 2601; x_wconf 81' lang='lat'>72.</span> <span class='ocrx_word' id='word_1_221' title='bbox 470 2544 873 2601; x_wconf 68' lang='lat' dir='ltr'>erncnus·</span> <span class='ocrx_word' id='word_1_222' title='bbox 931 2544 1075 2599; x_wconf 88' lang='lat' dir='ltr'>Haec</span> <span class='ocrx_word' id='word_1_223' title='bbox 1113 2549 1267 2606; x_wconf 87' lang='lat' dir='ltr'>sunt,</span> <span class='ocrx_word' id='word_1_224' title='bbox 1315 2558 1348 2595; x_wconf 94' lang='lat' dir='ltr'>o</span> <span class='ocrx_word' id='word_1_225' title='bbox 1387 2541 1801 2597; x_wconf 90' lang='lat' dir='ltr'>honoratissime</span> 
     </span>
     <span class='ocr_line' id='line_1_32' title="bbox 223 2612 1802 2691; baseline -0.004 -14"><span class='ocrx_word' id='word_1_226' title='bbox 223 2620 407 2683; x_wconf 80' lang='lat' dir='ltr'>Philo,-</span> <span class='ocrx_word' id='word_1_227' title='bbox 447 2630 590 2691; x_wconf 71' lang='lat' dir='ltr'>qua&#39;e</span> <span class='ocrx_word' id='word_1_228' title='bbox 617 2617 923 2675; x_wconf 83' lang='lat' dir='ltr'>Alexander</span> <span class='ocrx_word' id='word_1_229' title='bbox 950 2626 1132 2674; x_wconf 87' lang='lat' dir='ltr'>noster</span> <span class='ocrx_word' id='word_1_230' title='bbox 1157 2634 1228 2672; x_wconf 86' lang='lat' dir='ltr'>ex</span> <span class='ocrx_word' id='word_1_231' title='bbox 1268 2612 1430 2671; x_wconf 81' lang='lat' dir='ltr'>fratre</span> <span class='ocrx_word' id='word_1_232' title='bbox 1465 2632 1632 2689; x_wconf 84' lang='lat' dir='ltr'>nepos</span> <span class='ocrx_word' id='word_1_233' title='bbox 1671 2634 1802 2671; x_wconf 89' lang='lat' dir='ltr'>con-</span> 
     </span>
     <span class='ocr_line' id='line_1_33' title="bbox 223 2691 1692 2769; baseline -0.004 -18"><span class='ocrx_word' id='word_1_234' title='bbox 223 2696 446 2769; x_wconf 86' lang='lat' dir='ltr'>scripsit</span> <span class='ocrx_word' id='word_1_235' title='bbox 462 2701 517 2750; x_wconf 88' lang='lat' dir='ltr'>et</span> <span class='ocrx_word' id='word_1_236' title='bbox 536 2696 594 2749; x_wconf 89' lang='lat' dir='ltr'>in</span> <span class='ocrx_word' id='word_1_237' title='bbox 622 2694 866 2751; x_wconf 89' lang='lat' dir='ltr'>medium</span> <span class='ocrx_word' id='word_1_238' title='bbox 894 2696 1122 2750; x_wconf 84' lang='lat' dir='ltr'>veniens</span> <span class='ocrx_word' id='word_1_239' title='bbox 1146 2691 1474 2765; x_wconf 83' lang='lat' dir='ltr'>publicavit.</span> <span class='ocrx_word' id='word_1_240' title='bbox 1685 2709 1692 2716; x_wconf 94' lang='lat'><strong>·</strong></span> 
     </span>
    </p>
   </div>
   <div class='ocr_carea' id='block_1_6' title="bbox 1997 2624 2116 3015">
    <p class='ocr_par' dir='ltr' id='par_1_6' title="bbox 1997 2624 2116 3015">
     <span class='ocr_line' id='line_1_34' title="bbox 1997 2624 2116 3015; baseline 0 0"><span class='ocrx_word' id='word_1_241' title='bbox 1997 2624 2116 3015; x_wconf 67' lang='lat' dir='ltr'>l</span> 
     </span>
    </p>
   </div>
  </div>
 </body>
</html>
