2125 3084
370 185 467 237 436
860 190 1100 235 PHILo
1136 187 1471 238 mnums
1743 189 1832 254 [11,
1855 193 1972 265 595]

366 295 691 362 sequentes,
728 287 993 344 cadavera
1014 299 1306 354 exuentes,
1335 289 1589 362 deposita
1605 292 1969 367 denegantes,
2072 343 2073 346 ,

368 365 653 438 exigentes
682 364 952 436 quicquid
978 365 1120 421 uuili
1141 365 1474 433 tradidistis3
1521 373 1824 439 antequam
1843 372 1977 426 red-
2072 371 2073 436 J

370 439 513 495 datis
549 439 751 512 prioris
786 439 1088 506 iudicium,
1137 441 1380 496 secunda
1416 442 1694 513 supplicia
1733 444 1973 519 indigna
2072 439 2073 442 '

368 523 649 586 parantes;
692 513 837 568 nibil
864 531 935 570 ex
960 524 1141 570 vestra
1159 524 1314 588 parte
1335 515 1569 570 liberum
1587 534 1620 572 a
1638 518 1856 574 malitia
1871 537 1972 575 co·—
2072 549 2073 590 ᾗ

366 592 602 664 gitantes
616 631 629 654 ,
652 589 924 661 quaedam
944 590 1134 646 dic-itis
1155 607 1224 645 ex
1243 591 1486 664 maligno·
1505 592 1738 647 consilio
1751 634 1764 656 ,
1789 607 1971 665 quae—-
2072 607 2073 642 ὴ

367 665 494 720 dam
514 664 721 728 facitis,
752 665 1016 720 nonnulla
1036 667 1202 720 etiam
1217 674 1458 721 caeteros
1471 666 1729 722 edocetis.
2072 663 2073 696 ἴ

477 788 564 842 28.
604 786 749 842 Haec
768 783 867 840 ubi
887 783 1112 840 audiere
1131 783 1411 839 Ninivitae
1430 801 1463 840 a
1479 783 1738 856 propheta
1753 825 1768 848 ,
1807 787 1960 842 sicut

365 859 614 933 veram*)
635 859 1098 933 praedicationem
1127 867 1496 932 agnoverunt,
1538 861 1614 916 ita
1633 876 1956 916 consensum

366 931 634 1003 praebent
658 937 713 986 et
738 930 1087 986 convenienti
1113 931 1345 1001 ‚consilio
1378 925 1610 986 credunt
1641 931 1950 1004 prophetae.

366 1006 551 1074 Quum
570 1007 715 1062 enim
738 1005 979 1062 facinore
998 1023 1206 1070 eorum,
1229 1007 1330 1079 qui
1356 1024 1466 1062 non
1487 1001 1642 1072 erant
1661 1025 1730 1062 ex
1757 1007 1852 1062 illa
1875 1009 1956 1062 ci·—

366 1085 557 1146 vitate.
578 1084 839 1146 narravit,
871 1081 975 1136 boc
1000 1081 1124 1154 ipso
1149 1091 1204 1136 et
1233 1079 1306 1157 [*]
1335 1081 1734 1154 praedicationi
1757 1083 1872 1137 eius
1891 1081 1958 1136 fi-

371 1157 498 1212 dem
519 1163 883 1227 praestarunt.
942 1155 1192 1226 Namque
1212 1170 1386 1226 quum
1406 1162 1522 1209 acta
1542 1170 1826 1224 nunquam
1845 1152 1968 1208 visa

371 1232 675 1294 enarravit,
715 1248 787 1286 ex
810 1230 1001 1286 eadem
1029 1229 1316 1301 prophetia
1343 1229 1576 1282 asseruit
1597 1238 1651 1282 et
1669 1227 1850 1283 futura
1867 1243 1968 1282 su-

368 1323 470 1378 per
489 1322 581 1359 eos
601 1305 887 1376 compleri.
954 1301 1234 1359 Ninivitae
1254 1304 1439 1374 itaque
1461 1303 1807 1376 congregatis
1828 1303 1964 1358 viris

370 1388 425 1433 et
442 1379 801 1442 mulieribus»,
851 1380 1163 1434 senioribus
1190 1395 1253 1434 ac
1270 1378 1645 1450 principibus,
1696 1377 1965 1432 ministris

370 1461 425 1508 et
451 1453 679 1526 regibus
708 1469 771 1508 ac
800 1453 1040 1510 dominis
1070 1461 1234 1526 atque
1260 1459 1580 1508 cunctorum
1598 1452 1966 1525 dignitatibus

367 1529 429 1582 in
472 1544 646 1582 unum
683 1530 1026 1594 commixtis,
1074 1530 1133 1584 in
1167 1527 1314 1584 tristi
1351 1536 1508 1584 coetu
1543 1527 1968 1602 promulgabant

369 1603 755 1658 huiuscemodi
776 1605 1123 1659 sententiam.

482 1716 569 1772 29.
596 1715 719 1770 Iure
740 1713 967 1770 fortasse
988 1711 1137 1786 apud
1156 1730 1254 1769 vos
1268 1753 1282 1778 ,
1311 1729 1344 1768 o
1362 1712 1473 1768 viri
1493 1713 1643 1767 cives
1658 1753 1674 1778 ,
1695 1713 1966 1766 iustorum

370 1789 441 1844 ad
477 1790 758 1862 principes
802 1788 1059 1845 colendos
1088 1789 1536 1860 experimentum
1579 1803 1642 1841 eo
1678 1785 1961 1858 probetur,

366 1863 518 1937 quod
550 1866 796 1922 nondum
835 1873 1051 1938 recepta
1090 1864 1280 1919 mortis
1318 1863 1613 1926 sententia,
1661 1861 1721 1916 in
1760 1859 1967 1916 iudicis

368 1950 694 1996 concurrant
713 1941 1142 1998 venerationem.
1217 1937 1485 2004 Quoniam
1505 1937 1630 2000 illa,
1678 1952 1825 2010 quae
1845 1943 1966 1990 ante

366 2011 693 2070 sententiam
722 2015 912 2070 mortis
940 2032 969 2068 a
990 2015 1168 2070 servis
1188 2013 1258 2068 ad
1277 2030 1464 2086 regem
1484 2011 1716 2067 refertur
1737 2027 1968 2066 venera-

368 2091 445 2144 tio
460 2131 472 2152 ‚
496 2108 567 2148 ex
586 2092 783 2145 intimo
800 2091 983 2146 animo
1001 2106 1122 2145 esse
1141 2089 1521 2144 venerantium
1541 2085 1866 2154 fidelitatem
1883 2094 1968 2140 te-

366 2172 565 2232 statur;
610 2165 761 2237 quod
790 2183 919 2220 vero
948 2182 1046 2236 per
1073 2166 1252 2220 minas
1283 2163 1575 2220 exhibetur
1609 2161 1964 2234 obsequium,

369 2239 675 2302 delusionis
724 2240 1168 2311 adulationisqne
1211 2237 1512 2304 iudicium,
1579 2254 1689 2292 non
1741 2235 1968 2299 amoris,

368 2316 693 2374 ostenditur.
738 2316 861 2370 Illic
881 2333 1010 2370 vero
1033 2315 1154 2386 ipse
1173 2315 1324 2370 solus
1345 2312 1597 2370 honorari
1618 2307 1968 2382 videtur“)‚

366 2391 467 2453 sed
494 2400 556 2446 ut
580 2409 679 2449 nos
701 2408 849 2446 nunc
868 2389 1102 2446 facimus
1117 2432 1130 2456 ‚
1174 2400 1257 2445 est
1276 2387 1488 2445 nostras
1515 2403 1706 2443 curare
1726 2386 1970 2461 gratias3

470 2533 511 2578 ¹*)
554 2525 623 2571 Aa
647 2534 849 2573 verbum:
894 2534 1130 2578 assiduam,
1156 2533 1435 2578 contimtum,
1479 2531 1589 2570 {brba
1611 2533 1838 2578 tamquam
1865 2537 1980 2567 con-

364 2583 489 2620 tiuuo
514 2584 759 2623 testimonio
786 2584 1086 2630 eonscientiae,
1097 2583 1366 2622 concordem.
1419 2582 1580 2622 Anch.

468 2631 537 2676 W)
590 2631 697 2672 eod.
730 2633 792 2672 A:
830 2635 1082 2682 putabatur,
1134 2635 1375 2680 videbatur,-
1427 2633 1521 2672 cod.
1552 2630 1607 2670 C:
1652 2633 1766 2680 quod
1789 2631 1876 2669 sibi
1901 2632 1982 2668 vel

366 2689 461 2723 δυο,
508 2681 577 2728 cui
602 2691 763 2720 morem
790 2685 901 2730 gerit
926 2683 970 2722 e‘t
995 2683 1134 2722 mose.
1161 2687 1289 2732 atque
1316 2685 1380 2724 sie
1405 2683 1612 2734 explicatz
1657 2683 1761 2730 quia
1784 2681 1870 2722 ⁸08⁸·
1894 2690 1982 2719 suo

362 2731 548 2776 principi
572 2734 633 2768 eat
654 2732 801 2770 honor.
854 2734 1013 2778 Aucb.
1151 2731 1164 2744 ⁸
1896 2739 1904 2746 ·
