2125 3084
542 186 902 231 NOMINUM
934 186 1037 242 ET
1073 185 1354 231 RERUM.
1653 182 1752 235 239

215 308 307 353 89.
343 302 587 352 bonorum
610 302 875 365 dissipator
890 301 935 362 Ι,
1038 302 1314 365 sapientiae
1349 303 1532 351 ancilla
1563 303 1605 363 Ι,
1637 309 1750 352 580.

218 376 241 418 1
256 374 336 419 71.
364 374 473 421 176.
497 375 611 419 686.
654 370 762 417 eius
784 383 937 433 poen·
1038 370 1172 417 cirea
1205 368 1445 416 mundum
1467 369 1756 419 universum

214 439 325 488 lum
360 438 403 499 1,
444 442 558 487 685.
604 437 855 486 somnium
891 435 933 496 Ι,
1038 442 1312 498 occupatur
1325 435 1368 494 Ι,
1384 440 1498 484 540.
1519 436 1626 483 eius
1643 452 1756 498 par-

217 510 337 555 687.
374 506 611 554 adversus
635 505 785 553 deum
802 518 936 552 arro-
1035 510 1114 553 tes
1133 517 1252 565 agro
1268 503 1570 553 assimilatae
1580 501 1622 562 Ι,
1637 508 1727 551 301
1739 538 1751 551 .

216 588 347 637 gans
368 572 437 633 II,
458 577 540 620 94.
1038 575 1153 619 589.
1187 570 1394 618 Iudaica
1410 569 1479 629 H,
1505 574 1615 617 168.
1639 574 1750 619 568.

136 658 343 708 Pharus
361 655 527 703 insula
541 669 697 717 prope
714 654 935 703 Alexan·
970 638 1211 697 Pffisseffl’
1269 637 1407 685 ‘'⁰⁰5ss
1461 643 1663 715 etymon
1708 636 1752 697 12

216 724 378 771 driam
394 722 464 781 H,
482 726 592 770 139.
608 726 721 770 521.
743 722 851 770 eius
871 722 935 770 si·
1036 710 1152 753 2⁶¹·
1191 718 1257 753 03
1273 704 1381 782 2910
1401 704 1502 780 Dfil
1523 711 1756 767 peceato·

214 800 301 839 tus
311 790 381 849 H,
397 794 509 837 139.
531 790 584 836 in
596 803 658 837 eo
670 788 933 837 celebritas
1032 786 1114 821 10⁸
1157 772 1396 820 interfluit
1432 771 1497 819 ²⁶-
1551 778 1602 821 0¹3
1641 775 1752 819 135·

217 855 559 906 anniversaria
582 856 651 916 II,
686 860 797 905 140,
1033 844 1150 889 413.
1185 843 1298 887 595.
1352 852 1479 901 paee
1513 844 1564 887 et
1593 853 1753 887 saeer-

1034 907 1172 955 dotio
1192 913 1458 955 coronatur
1476 904 1520 963 1,
1539 910 1656 954 261.
1682 905 1752 965 H,

140 940 348 1035 PhPXffl
366 954 499 987 mors
522 939 592 1000 11,
618 944 730 987 ⁶4⁰·
763 1023 775 1034 ,
835 1021 846 1034 ,
1039 978 1280 1022 129.22o.
1304 972 1622 1021 idololatram
1640 987 1752 1035 per-

139 1024 359 1076 Phidiae
375 1038 528 1089 opera
537 1023 935 1074 elaboratissima
1034 1041 1144 1089 imit
1180 1054 1296 1097 oum
1332 1046 1498 1089 scorto
1531 1039 1599 1098 11,
1636 1045 1749 1089 129.

213 1092 259 1153 1,
280 1093 398 1140 370.
1036 1113 1152 1156 220·

139 1176 299 1226 Philo
317 1175 421 1223 iam
440 1176 606 1223 senior
630 1175 933 1238 legationem
966 1176 1158 1225 Phison
1174 1174 1350 1223 fluvius
1369 1174 1661 1236 prudentiae
1685 1176 1751 1223 si-

216 1242 323 1291 obit
367 1242 430 1290 ad
477 1240 659 1291 Caium
702 1242 771 1302 H,
816 1244 930 1291 572.
1032 1257 1188 1305 gnum
1208 1242 1254 1301 I,
1274 1246 1356 1289 56.

216 1324 335 1359 oum
376 1309 527 1358 sociis
574 1310 798 1371 sequitur
835 1307 933 1357 Ca-
966 1310 1202 1359 Phithom
1227 1309 1402 1357 civitas
1427 1309 1470 1369 Ι,
1497 1314 1612 1359 236.
1633 1315 1749 1358 632.

214 1378 323 1426 ium
348 1378 415 1427 ad
439 1378 677 1426 Puteolos
712 1377 783 1437 H,
814 1379 929 1425 573.
965 1378 1302 1427 Phocensium
1331 1377 1518 1425 bellum
1552 1391 1752 1427 sacrum
1789 1424 1804 1430 -

218 1445 469 1507 quomodo
504 1446 569 1494 ab
605 1460 665 1495 eo
694 1451 930 1508 aceeptus
1030 1446 1102 1506 H,
1125 1450 1238 1494 640.
1284 1459 1456 1493 eorum
1479 1444 1566 1495 lex
1589 1446 1652 1495 de
1673 1460 1750 1495 sa-

214 1512 285 1572 H,
335 1516 449 1563 597.
520 1513 583 1561 ab
610 1512 931 1562 ·adversariis
1031 1514 1237 1576 erilegio
1254 1511 1316 1561 ib.

217 1579 345 1629 Caio
380 1586 643 1644 praesente
678 1581 809 1629 male
844 1580 931 1627 ha·
964 1580 1134 1641 Phua,
1153 1580 1397 1630 obstetrix
1413 1581 1456 1640 1,
1477 1585 1593 1629 491.

216 1648 349 1695 bitus
384 1648 451 1708 H,
486 1652 600 1695 598.
656 1648 718 1695 de
743 1648 845 1695 vita
874 1647 931 1694 ti-
964 1648 1274 1711 Phylarehae
1296 1648 1339 1708 1,
1363 1652 1476 1697 557.

216 1720 321 1762 met
344 1713 415 1773 H,
444 1717 557 1761 599.
602 1714 801 1761 tandem
825 1713 931 1775 pla-
964 1715 1182 1777 Physica
1201 1715 1410 1763 scientia
1429 1714 1664 1775 stirpibus
1685 1715 1749 1762 si-

220 1779 328 1828 eide
360 1793 393 1827 a
419 1777 546 1827 Caio
575 1778 837 1827 dimittitur
861 1777 928 1837 H,
1030 1782 1166 1829 milis
1188 1781 1232 1840 1,
1253 1786 1369 1828 302.

222 1851 335 1895 600.
374 1846 481 1893 eius
500 1859 629 1893 uxor
644 1845 713 1904 H,
736 1846 849 1893 673.
966 1847 1290 1909 Physiologia
1304 1846 1347 1905 Ι,
1369 1847 1484 1894 370.
1511 1851 1624 1895 589.

150 1913 365 1965 Philolai
388 1913 449 1960 de
468 1913 564 1960 deo
582 1912 765 1973 dogma
783 1911 826 1971 I,
848 1917 928 1959 24.
966 1913 1170 1961 Pictura
1205 1920 1255 1961 et
1281 1913 1520 1961 statuaria
1548 1928 1579 1961 a
1604 1914 1750 1962 Mose

150 1980 456 2032 Philomelus
474 1979 543 2039 H,
566 1984 680 2028 640.
1031 1978 1342 2042 improbatae
1391 1979 1434 2039 1,
1478 1982 1592 2029 270.
1631 1984 1748 2031 374.

153 2047 446 2110 Philosophi
464 2047 644 2095 mentis
661 2046 842 2095 medici
860 2044 929 2105 H,
1032 2051 1151 2095 496.
1179 2046 1299 2109 pict.
1323 2053 1372 2095 et
1389 2047 1598 2109 plastice
1617 2056 1748 2097 artes

222 2116 333 2163 637.
368 2119 481 2166 638.
524 2114 587 2163 iis
610 2113 931 2176 regnantibus
1033 2114 1218 2162 noxiae
1263 2114 1334 2173 11,
1365 2119 1444 2163 91.
1476 2119 1592 2165 205.
1623 2120 1749 2174 215;

220 2182 341 2231 felix
385 2181 667 2244 respublica
705 2180 773 2240 H,
820 2186 930 2229 134.
1036 2182 1374 2243 cognitionem
1392 2196 1560 2231 veram
1579 2183 1642 2231 de
1655 2183 1750 2232 deo

221 2263 393 2299 eorum
434 2248 710 2299 sententiae
750 2248 935 2299 disere-
1034 2248 1306 2297 obscurant
1339 2249 1409 2309 11,
1446 2253 1557 2298 181.
1830 2287 1836 2294 .

220 2322 393 2381 pantes
424 2316 467 2375 Ι,
488 2320 603 2365 387.
965 2315 1153 2377 Pietas,
1177 2317 1296 2378 quid
1312 2316 1356 2375 Ι,
1378 2318 1491 2366 370.
1529 2316 1630 2365 Dei
1649 2317 1750 2364 cul-

156 2383 479 2446 Philosophia
520 2398 637 2443 vera
656 2416 669 2442 ‚
728 2382 847 2444 quid
884 2382 927 2443 1,
1031 2390 1112 2432 tus
1147 2384 1317 2444 nobis,
1367 2398 1472 2431 non
1503 2383 1620 2433 Deo
1653 2385 1748 2432 uti-

223 2456 333 2501 419.
358 2456 471 2499 530.
492 2451 563 2509 H,
586 2453 696 2500 167.
717 2451 823 2499 eius
842 2451 929 2499 ali-
1030 2452 1094 2499 lis
1121 2451 1163 2510 1,
1195 2455 1310 2499 202.
1351 2451 1520 2499 omnia
1545 2458 1750 2515 propter

223 2524 389 2569 menta
424 2518 663 2567 solidiora
704 2517 771 2579 H,
812 2519 927 2567 470.
1029 2519 1199 2568 Deum
1237 2518 1340 2581 agit
1383 2517 1428 2579 I,
1472 2523 1582 2567 129.
1644 2532 1744 2567 non

223 2586 493 2637 maximum
534 2586 721 2634 donum
759 2586 803 2645 1,
850 2591 927 2634 12.
1032 2588 1140 2635 sine
1171 2600 1266 2649 ope
1297 2585 1463 2634 divina
1489 2600 1746 2649 eompara-

223 2653 549 2703 immortalem
572 2654 733 2703 reddit
766 2652 812 2713 Ι,
850 2657 927 2701 18.
1029 2661 1112 2703 tur
1136 2655 1178 2714 I,
1208 2658 1318 2703 168.
1343 2654 1578 2705 victoriae
1597 2668 1747 2703 omen

224 2722 356 2788 regia
385 2722 450 2772 ad
474 2722 621 2773 deum
645 2722 728 2773 via
747 2720 791 2783 Ι,
810 2726 926 2772 244.
1030 2722 1100 2784 H,
1123 2727 1238 2771 423.
1265 2736 1461 2787 semper
1477 2723 1656 2773 victrix
1673 2722 1743 2781 H,
