2125 3084
318 141 410 196 140
763 145 1134 192 PHILONIS
1169 144 1446 192 IUDAEI
1717 139 1792 205 [1,
1817 145 2046 210 152-]

313 253 517 304 exeunt
534 247 595 302 in
610 243 775 302 silvis
788 285 803 309 ‚
844 261 1019 316 quum
1036 243 1242 302 viderit
1261 252 1546 302 venatores
1559 285 1576 308 ‚
1615 262 1744 302 non
1771 249 2014 320 prius

314 321 537 385 viribus,
554 321 779 384 armari,
798 337 967 390 quam
988 320 1045 374 in
1067 319 1290 374 arbores
1305 319 1520 374 vicinas
1539 321 1776 378 acuerit
1793 321 1966 378 den—-

314 407 419 454 tes.
467 397 593 454 Ursi
616 411 746 452 vero
764 393 1084 450 secedentes
1103 395 1482 465 impetumque
1503 393 1791 452 facientes
1811 414 1960 452 cer—
2039 356 2051 444 R

314 473 497 530 vicem
515 471 817 528 immittunt
832 469 939 526 suh
960 468 1144 524 medio
1165 467 1490 532 adversarii,
1513 476 1571 524 et
1591 478 1960 542 retorquen-

314 557 399 604 tes
427 547 695 604 violenter
722 551 973 602 sternunt
1000 545 1059 599 in
1085 551 1286 600 terram
1307 543 1622 616 etpedibus
1641 548 1948 602 constrin-

314 630 455 695 gunt
484 619 775 678 artificiose
802 619 957 676 velut
984 619 1186 688 laqueo
1214 619 1578 688 captivantes.
1653 619 1738 676 Et
1765 623 1946 692 quic—

316 697 457 770 quid
484 694 817 768 paedagogia
844 693 923 765 (s.
954 693 1212 748 ludorum
1240 691 1546 765 magistris)
1583 694 1645 750 in
1685 711 1804 750 usu
1847 705 1944 751 est

316 789 415 844 per
438 771 693 830 astutiam
712 769 941 841 peritiae
954 809 969 830 ‚
992 776 1166 824 totum
1185 769 1299 838 ipsi
1315 777 1724 838 exsequunmr.
1796 768 1943 826 Sin-

318 848 447 920 gula
466 845 795 919 singillatim
812 843 1164 902 dinumerare
1183 840 1525 913 superfluum
1545 852 1650 899 est.

427 953 511 1008 52.
552 949 693 1004 Ecce
720 949 868 1004 enim
887 946 1095 1002 nudius
1114 947 1310 1000 tertius
1329 944 1656 1004 dracunculi
1675 963 1816 1002 cum
1831 951 1933 1003 vi-

314 1027 464 1098 peris
504 1024 854 1098 Aegyptiacis
892 1022 1167 1077 luctamen
1201 1019 1430 1085 videns,
1481 1037 1590 1076 non
1629 1023 1928 1078 modicum
2029 1063 2034 1066 -

317 1099 654 1172 stupefactus
680 1099 789 1154 fui:
833 1099 905 1153 ita
936 1105 999 1152 ut
1026 1113 1096 1150 ex
1125 1096 1266 1166 ipsis
1293 1095 1459 1150 rebus
1489 1113 1792 1152 necessum
1820 1098 1926 1152 ha-

315 1175 533 1230 buerim
554 1173 773 1228 credere
794 1172 1010 1228 veritati
1030 1170 1100 1225 de
1129 1171 1260 1234 hoc,
1303 1169 1452 1242 quod
1480 1172 1714 1226 rationis
1745 1173 1928 1244 parti-

316 1265 446 1320 ceps
468 1265 587 1302 esse
603 1289 615 1313 ,
656 1247 805 1302 haud
826 1263 985 1302 secus
1007 1263 1071 1301 ac
1089 1245 1450 1314 rationalibus
1464 1286 1476 1308 ,
1520 1247 1758 1302 caeteris
1779 1263 1928 1319 quo-

315 1340 423 1396 que
445 1322 778 1390 animalibus
798 1338 1120 1376 concessum
1140 1320 1324 1375 fuerit.
1401 1320 1606 1392 Vipera
1638 1323 1795 1376 enim
1823 1340 1927 1377 ve-

314 1414 516 1452 nenosa
547 1399 699 1452 venit
726 1396 794 1452 ad
816 1411 1198 1470 congressum,
1238 1395 1393 1449 velut
1410 1397 1666 1470 geminae
1685 1405 1926 1452 naturae

316 1490 378 1527 ac
399 1471 650 1526 biformis
671 1471 828 1535 facte,
852 1473 1061 1542 quippe
1074 1487 1214 1542 quae
1235 1469 1465 1524 caudam
1485 1472 1662 1526 nimio
1681 1475 1924 1544 strepitu

314 1550 371 1603 in
395 1547 565 1602 forma
596 1545 745 1620 globi
773 1545 1098 1618 retraheret,
1144 1545 1212 1600 de
1239 1553 1456 1616 pectore
1483 1563 1616 1601 vero
1641 1561 1832 1618 usque
1851 1547 1924 1602 ad

315 1630 478 1696 caput
506 1637 726 1676 sursum
756 1629 931 1676 erecta
958 1628 1265 1676 accurreret
1289 1629 1507 1691 pectore
1536 1620 1663 1676 forti
1687 1630 1744 1676 et
1767 1623 1926 1696 largn

316 1699 557 1761 cervice,
600 1694 812 1761 inflata,
852 1695 1015 1767 plena
1037 1695 1238 1750 suroris
1255 1697 1595 1767 venenique:
1643 1697 1800 1752 sicut
1827 1699 1920 1753 alii

316 1789 536 1848 quoque
564 1773 725 1844 quasi
754 1771 929 1844 digito
957 1770 1304 1834 indicabant,
1352 1769 1463 1825 huc
1481 1771 1620 1826 illuc
1641 1773 1920 1828 versando

316 1850 563 1924 linguam
603 1865 729 1902 cum
766 1847 933 1902 sibilo
970 1847 1219 1901 immani.
1296 1845 1466 1900 Draco
1511 1863 1644 1901 vero
1689 1847 1916 1902 elevans

318 1927 483 1986 ultius
504 1922 733 1981 caudam
754 1941 909 1980 suam
924 1963 939 1986 ‚
967 1921 1200 1978 removit
1217 1937 1366 1984 eam,
1388 1929 1451 1976 ut
1469 1921 1664 1992 vipera
1685 1921 1914 1996 decepta

314 2003 373 2058 in
411 2002 591 2075 ipsam
633 2007 911 2068 tamquam
950 1999 1007 2052 in
1036 1997 1413 2052 adversarium
1448 1995 1560 2050 sibi
1589 1997 1806 2054 animal
1843 2001 1915 2054 ir-

312 2085 513 2134 rueret.
566 2075 691 2146 Ipse
714 2072 845 2130 dein
865 2089 1030 2143 super
1048 2071 1246 2130 faciem
1264 2086 1470 2141 pronus
1489 2066 1754 2143 herpebat
1772 2083 1912 2130 totus

314 2150 666 2212 humiliatus,
707 2147 883 2204 oculis
910 2146 1046 2202 solis
1075 2161 1296 2202 sursum
1331 2143 1586 2209 directis,
1629 2155 1688 2204 et
1715 2165 1911 2220 exspe-

314 2235 465 2282 ctem
505 2220 963 2296 praestolabatur3
1022 2220 1231 2275 veritus
1267 2227 1447 2276 tamen
1463 2260 1477 2283 ‚
1528 2237 1600 2276 ne
1637 2219 1786 2278 forte
1821 2223 1908 2278 ina

309 2299 657 2372 praeveniret
682 2306 735 2354 et
764 2293 966 2356 vulnus
1005 2291 1082 2369 [³¹⁶]
1113 2293 1226 2352 sibi
1262 2292 1476 2352 efferret
1508 2295 1906 2366 periculosum,

266 2405 275 2412 ‚
310 2373 537 2444 parabat
556 2390 615 2430 se
635 2373 861 2431 insimul
884 2371 953 2432 sd
975 2370 1246 2440 impetum
1263 2367 1616 2426 faciendum..
1679 2370 1905 2439 Quando

309 2447 497 2515 itaquo
514 2447 689 2504 sensit
706 2447 937 2504 insidias
958 2447 1138 2504 luctae
1159 2460 1296 2500 suae
1315 2442 1384 2500 ad
1403 2443 1628 2508 libitum
1651 2448 1901 2510 cessisse,

308 2533 481 2586 quum
502 2520 766 2578 nimirum
796 2523 983 2592 vipera
1007 2539 1138 2578 cum
1159 2517 1338 2580 cauda
1353 2535 1456 2576 sua
1473 2519 1622 2578 serio
1641 2519 1906 2582 dimicare

314 2589 601 2671 videbatur
614 2633 628 2656 ‚
665 2595 853 2652 subito
879 2595 1148 2652 invadens
1178 2613 1300 2654 eam
1329 2597 1442 2652 scri
1455 2611 1652 2652 morsu
1665 2597 1910 2668 prehen-

308 2658 392 2714 dit
410 2665 683 2722 cervicem
700 2670 825 2726 eius
840 2680 897 2728 et
910 2669 1220 2728 suffocavit.
