2125 3084
382 196 479 249 388
600 200 803 249 rmn.
842 202 997 248 iun.
1038 202 1366 260 Quanam.
1407 202 1508 249 ΕΤ
1544 200 1716 251 sor..
1755 200 2000 269 [ms-im]

378 305 511 377 plex
524 302 593 376 hy
601 301 881 357 acinthina
892 304 1098 366 tunica,
1123 318 1186 357 eo
1197 300 1346 374 quod
1357 302 1624 374 subniger
1645 303 1721 358 sit
1739 305 1852 369 aer,
1875 308 2002 363 iure

376 381 633 435 subucula
662 375 769 433 fuit
789 376 964 443 dicta,
1008 376 1270 449 quoniam
1289 372 1585 449 postillam
1602 418 1614 440 ,
1655 393 1804 448 quae
1825 394 2008 452 super

378 460 573 526 pectus
592 461 708 508 erat
727 452 926 516 vestis,
953 451 1282 519 exsistebat3
1337 466 1573 522 namque
1595 452 1686 505 ae‘r
1707 450 1819 507 sub
1841 456 2008 511 caelo

379 536 433 583 et
462 526 681 583 aethere
710 534 835 582 stat.
920 528 1118 581 Verum
1141 526 1442 581 admiratus
1463 542 1586 581 sum
1607 533 1778 597 atque
1799 537 2009 601 stupe-

379 601 555 659 factus
572 601 913 674 Theologum
958 616 1069 655 una
1113 614 1243 656 oum
1290 600 1638 673 philosophia
1689 601 2006 675 allegorice

378 692 545 734 usum
574 679 865 733 sententia.
944 676 1216 743 Quoniam
1235 684 1412 731 totum
1431 676 1644 731 caelum
1663 679 1878 747 pectori
1903 696 2006 733 as-

378 752 675 818 similavit,
720 750 846 807 ideo
873 760 1067 824 pectus
1096 751 1377 823 pontificis
1405 759 1630 807 exornat
1664 750 1755 805 his
1793 751 1992 819 dictis,

378 840 477 900 pei·
507 842 599 883 eas
628 842 771 899 quae
798 840 967 899 super
995 826 1256 882 humeros
1285 824 1578 882 exstabant
1607 826 1798 881 ambae
1825 842 1998 899 gem·-

378 914 499 958 mae
528 911 581 958 et
610 918 708 974 per
736 918 828 957 eas
858 914 999 973 quae
1028 914 1198 973 super
1226 900 1493 957 rationale
1513 901 1805 959 duodecim
1826 915 1996 975 gem-

380 996 500 1033 mae
526 986 763 1050 quatuor
780 976 1074 1032 ordinibus
1095 976 1398 1049 dispositae
1417 990 1489 1033 ex
1509 980 1683 1033 ternis
1698 1018 1710 1042 ,
1743 979 1862 1032 aera
1881 994 1994 1031 au·-

378 1060 488 1108 tem
511 1052 726 1125 duplici
744 1052 1137 1127 hyacinthinae
1161 1052 1409 1116 tunicae,
1441 1052 1752 1107 subuculae
1775 1052 1984 1121 dictaeg

379 1142 506 1183 ecce
536 1136 589 1183 et
618 1144 717 1200 per
744 1136 984 1183 caeteras
1011 1136 1194 1201 partes
1225 1126 1424 1201 figurat
1451 1135 1654 1183 terram
1681 1136 1737 1183 et
1764 1142 1990 1199 aquam.

379 1204 483 1258 Ubi
506 1219 663 1275 ergo,
704 1203 910 1258 dixerit
930 1204 1163 1274 aliquis,
1205 1202 1539 1274 otheologe,
1583 1204 1658 1258 sit
1675 1202 1867 1258 mundi
1892 1218 1997 1259 ca·-

378 1283 505 1349 put,
550 1278 717 1333 edoce
748 1294 875 1343 nos,
914 1294 1089 1351 quum
1119 1290 1298 1349 usque
1325 1279 1386 1332 in
1415 1278 1612 1349 pectus
1655 1278 1986 1349 pervenisti,

380 1352 689 1423 adaptando
710 1353 845 1407 haec
873 1370 1017 1424 quae
1043 1346 1296 1428 spectant
1324 1352 1394 1407 ad
1424 1352 1678 1407 caelum?
1733 1353 1874 1409 Mihi
1905 1363 1997 1409 ta-

378 1442 505 1480 men
528 1426 750 1481 videtur
768 1429 1102 1499 respondere
1121 1429 1286 1483 tacite
1300 1470 1313 1492 ‚
1343 1426 1495 1500 quod
1516 1426 1874 1484 manifestum
1905 1438 1998 1485 est

379 1500 439 1554 id
468 1501 578 1563 eis,
620 1502 719 1572 qui
749 1518 858 1557 non
888 1512 1018 1559 sunt
1054 1512 1328 1568 amentes,
1371 1502 1469 1559 sed
1509 1503 1778 1559 ordinatis
1817 1505 1995 1560 rebus

381 1592 716 1631 consuevere
738 1585 977 1633 mentem
1004 1578 1296 1634 adiuvare:
1363 1580 1412 1634 si
1443 1580 1570 1649 quis
1599 1588 1784 1634 autem
1813 1581 1889 1635 sit
1919 1581 1994 1635 ad
2092 1618 2093 1623 κ

377 1650 806 1723 intelligendum
834 1655 1049 1725 graviS,
1095 1652 1302 1711 audiat.
1379 1652 1624 1709 Verbum
1654 1662 1738 1709 est
1777 1656 1994 1727 sempi-

381 1735 597 1782 ternum
616 1729 939 1799 sempiterni
961 1724 1051 1785 dei
1069 1770 1081 1794 ‚
1117 1737 1284 1801 caput
1303 1729 1687 1784 universorum
1704 1722 1738 1793 ,⁸
1750 1729 1860 1785 sub
1877 1746 1992 1802 quo

377 1801 584 1875 pedum
625 1803 797 1859 instar
838 1814 932 1859 aut
966 1804 1308 1875 reliquorum
1343 1820 1566 1876 quoque
1609 1803 1989 1861 membrorum

378 1879 692 1934 subiectum
738 1880 879 1935 iacet
926 1880 1223 1935 universus
1273 1879 1542 1944 mundus,
1603 1894 1770 1951 supra
1819 1896 1990 1953 quem

376 1955 650 2009 transiens
691 1963 998 2009 constanter
1035 1964 1158 2009 stat.
1256 1954 1377 2009 Non
1415 1952 1672 2027 quidem,
1733 1970 1800 2010 eo
1837 1954 1986 2027 quod

376 2028 632 2084 Christus
681 2029 938 2084 dominus
985 2038 1069 2085 est
1093 2071 1105 2094 ‚
1176 2046 1342 2101 supra
1390 2029 1661 2085 mundum
1711 2030 1986 2084 transiens

340 2104 535 2169 ‚sedet
573 2131 649 2147 -·-
687 2103 849 2160 sedes
888 2106 1035 2159 enim
1073 2106 1195 2159 eius
1233 2105 1389 2160 iuxta
1431 2116 1596 2160 snum
1643 2114 1858 2176 patrem
1903 2114 1986 2158 est

378 2178 546 2234 deum
574 2208 675 2243 —-‚
717 2178 815 2235 sed
844 2180 977 2250 quia
1009 2181 1384 2234 necessarium
1415 2188 1500 2235 est
1527 2179 1740 2235 mundo
1768 2179 1838 2235 ad
1860 2194 1988 2251 pcr—

376 2253 575 2309 fectam
605 2254 1013 2326 plenitudinem
1040 2270 1144 2327 pro
1173 2266 1304 2309 cura
1323 2254 1576 2311 habenda
1599 2256 1988 2310 exactissimae
2077 2272 2079 2283 ·

378 2328 837 2399 dispensationis,
880 2336 1043 2400 atque
1070 2348 1172 2401 pro
1198 2331 1420 2401 propria
1451 2331 1654 2401 pietate
1677 2331 1863 2384 omnis
1925 2346 1987 2383 e-

378 2404 528 2456 neris
550 2404 729 2473 ipsius
750 2403 931 2457 divini
950 2404 1138 2471 verbi3
1181 2406 1329 2461 sicut
1349 2412 1402 2460 et
1423 2405 1724 2460 animantia
1743 2419 1887 2479 opus
1925 2402 1984 2479 ³⁸¹]

378 2474 585 2530 habent
604 2478 783 2547 capite
797 2517 809 2541 ‚
842 2478 965 2531 sine
984 2492 1096 2548 quo
1116 2479 1307 2535 vivere
1327 2496 1435 2535 non
1456 2488 1710 2552 possunt.

436 2576 597 2633 Quare
630 2616 664 2645 ,‚
672 2583 995 2645 peristomium
1007 2586 1043 2615 “
1077 2584 1197 2634 ilhad
1226 2588 1290 2635 ab
1323 2588 1429 2649 ipso
1465 2588 1616 2637 talari
1646 2622 1681 2650 „
1695 2588 1748 2637 in
1779 2587 1935 2637 nodio

574 2652 790 2711 9yrnm“
824 2650 993 2711 habet,
1030 2666 1139 2713 „ne
1173 2657 1498 2716 rumpatur-“3
1533 2656 1640 2719 (28,
1669 2658 1781 2717 32.)

498 2726 610 2776 1⁴8.
668 2728 1076 2784 Elementorum
1125 2732 1309 2802 aliqua
1361 2743 1554 2791 natura
1599 2743 1732 2789 sunt
1767 2736 1984 2808 gravia.
