2125 3084
364 182 431 234 74
814 188 1184 235 PHILONIS
1231 188 1504 235 mnam
1783 183 1854 249 [1,
1880 186 1988 252 74]

474 296 521 342 et
548 290 759 343 incudes
785 291 913 341 duos
940 292 1122 343 demisi
1147 292 1212 343 de
1234 292 1452 356 pedibus
1479 292 1580 342 tuis
1607 296 1656 342 et
1683 293 1744 342 in
1777 308 1990 347 manus

486 402 493 409 .
584 364 797 417 vincula
814 366 959 427 misi,

472 454 638 494 aurea
664 442 759 493 vix
784 436 1131 507 smnqt’bilia?
1190 438 1266 492 Tu
1293 456 1416 493 vero
1443 443 1500 491 in
1531 442 1740 493 aethere
1777 450 1830 495 et
1871 458 1982 495 nu-

590 517 735 567 bibus

470 592 697 657 pendens
721 588 925 641 stabas.-
986 590 1418 655 supplicabamus·
1441 597 1616 642 autem
1635 592 1716 641 dii
1727 606 1836 658 per
1857 594 1976 643 ton—

586 680 706 731 9um
730 662 1025 731 Olympum,

472 741 667 793 solvere
686 746 859 793 autom
874 753 978 792 non
990 745 1247 807 poterant.

394 914 403 923 ,
610 860 681 993 [⁴]
714 861 862 929 Quid
890 862 1051 934 plura
1079 860 1406 935 singillatim
1435 878 1722 920 recensere
1753 873 1969 937 oportet
2070 870 2071 873 ’

366 938 435 995 ab
475 938 572 993 illo
613 956 641 992 a
685 954 876 993 versus
913 936 1044 992 deos
1086 936 1353 991 obscoene
1391 934 1574 991 dicta?
1623 936 1806 993 Plena
1842 948 1964 994 sunt

365 1016 513 1069 enim
532 1022 788 1103 poemata
800 1030 920 1067 e1us
942 1011 1352 1067 abundantibus
1374 1010 1765 1084 blasphemiis,
1818 1016 1962 1069 Non·

362 1108 433 1145 ne
455 1091 639 1161 itaque
660 1088 861 1143 iustius
882 1095 1052 1151 esset,
1098 1104 1206 1142 non
1227 1094 1336 1141 tam
1357 1086 1668 1161 Thamyren
1692 1087 1959 1157 Thraoem

364 1182 491 1220 cum
512 1164 684 1219 Musis
705 1163 775 1217 de
795 1170 958 1217 cantu
978 1170 1272 1217 certantem
1289 1161 1466 1216 oculis
1487 1162 1768 1227 mulctari,
1797 1180 1958 1235 quam

362 1257 455 1295 eos
464 1230 673 1301 omnes,
696 1239 795 1309 qui
814 1238 883 1293 de
900 1238 1011 1293 diis
1027 1237 1290 1293 omnibus
1305 1236 1550 1295 oblocuti
1561 1246 1719 1301 eunt,
1737 1238 1951 1309 puniri,

362 1331 470 1368 non
480 1312 825 1385 poematibus
838 1311 1035 1377 solum,
1052 1330 1247 1367 verum
1257 1313 1424 1370 etiam
1437 1312 1646 1384 linguis
1658 1312 1956 1369 abscissis?

360 1392 520 1444 Nunc
546 1397 729 1442 autem
756 1396 1016 1443 venustas
1034 1388 1232 1460 poetici
1260 1387 1502 1447 nominis
1520 1388 1658 1441 mira
1689 1404 1826 1443 cum
1847 1406 1955 1443 me-

363 1462 509 1519 lodia
538 1462 714 1532 operit
742 1464 1098 1528 sententiam,
1144 1461 1276 1517 dum
1313 1462 1548 1517 oblectat
1584 1479 1776 1517 aures:
1824 1480 1957 1535 qua-

402 1555 497 1608 rop
501 1545 581 1591 ter
599 1553 630 1591 a
651 1537 935 1591 iuventute
953 1553 1130 1609 usque
1153 1535 1221 1591 ad
1241 1538 1458 1593 senium
1475 1536 1825 1593 incessanter
1842 1556 1955 1595 eam

358 1555 604 1687 legentes
634 1609 904 1675 fallimur,
965 1612 1229 1668 damnum
1265 1628 1364 1684 pro
1401 1612 1638 1667 utilitate
1666 1604 1951 1667 ducentes.

360 1688 488 1745 Ideo
518 1686 745 1743 caeteris
781 1688 994 1743 cunctis
1024 1688 1348 1767 sceleratis
1332 1697 1390 1741 ιἰι
1417 1686 1762 1744 oblivionem
1791 1688 1948 1751 datis»,

362 1773 597 1827 attamen
627 1760 966 1817 mirabilium
997 1758 1323 1836 semperque
1348 1762 1796 1817 memorabilium
1826 1780 1953 1835 poe·

361 1849 540 1896 tarum
561 1839 631 1894 de
652 1837 763 1892 diis'
782 1838 1084 1911 loquacitas
1104 1845 1368 1929 perpetuo
1385 1834 1562 1893 durat

472 1972 559 2023 39.
600 1968 807 2023 Fur-um
836 1964 985 2019 enim
1015 1964 1318 2020 Mercurius
1337 1962 1613 2036 refugium
1635 1974 1720 2021 est
1739 1968 1951 2023 tutissi-

359 2060 539 2108 mum,
582 2041 969 2101 adulterorum
979 2042 1033 2095 M
1036 2057 1151 2104 ars
1193 2039 1440 2093 omnium
1465 2056 1596 2095 vero
1622 2040 1742 2098 dux
1765 2043 1951 2115 Iuppi-

360 2128 465 2174 ter:
491 2126 545 2173 et
560 2132 749 2173 omnes
768 2125 897 2170 sunt
916 2114 1234 2179 mendaces,
1259 2112 1730 2185 quandoquidem
1735 2134 1868 2172 vera
1887 2118 1949 2171 de

359 2193 469 2248 diis
488 2201 770 2265 poetarum
790 2200 951 2244 nemo
970 2190 1133 2255 dic-it,
1168 2190 1299 2260 quia
1325 2206 1542 2261 semper
1567 2192 1670 2263 qui
1689 2194 1951 2249 consimi-

359 2270 438 2323 les
469 2270 782 2340 perpetrant
808 2265 1071 2329 iniurias,
1117 2263 1400 2337 apologiae
1421 2264 1546 2319 loco
1583 2265 1782 2323 eadem
1809 2268 1951 2322 refe-

358 2353 487 2399 runt
513 2342 583 2397 de
610 2344 867 2412 supremo
892 2354 1114 2411 quoque
1145 2348 1306 2411 atque
1325 2340 1552 2415 optimo.
1631 2342 1755 2396 Non
1775 2342 1852 2398 ita
1871 2352 1953 2397 ta—

357 2435 481 2472 men
521 2413 930 2487 Xenophanes
938 2424 1033 2469 aut
1067 2413 1420 2469 Parmenides
1459 2424 1554 2469 aut
1589 2415 1953 2487 Empedocles

357 2492 477 2545 sive
499 2490 613 2553 alii,
638 2490 976 2574 quicumque
997 2489 1240 2563 theologi
1263 2506 1292 2544 a
1312 2490 1468 2569 poesi
1489 2491 1635 2561 capti
1655 2502 1789 2547 sunt
1806 2492 1955 2547 divi-

356 2562 414 2614 ni
434 2564 569 2626 viri,
604 2562 703 2616 sed
728 2564 913 2633 potius
931 2563 1200 2623 theoriam
1221 2562 1444 2619 naturae
1463 2564 1709 2621 iucunde
1729 2564 1844 2621 sibi
1861 2584 1957 2623 ac-

354 2634 760 2689 commodantes
789 2644 843 2690 et
872 2638 1043 2693 vitam
1073 2656 1296 2693 omnem
1316 2637 1388 2693 ad
1394 2639 1678 2709 pietatem
1701 2641 1959 2701 laudem-

353 2722 463 2775 que
484 2707 712 2761 deorum
734 2710 1082 2776 dedicantes,
1106 2715 1300 2785 optimi
1321 2692 1556 2784 quidem
1570 2716 1680 2770 viri
1697 2732 1961 2789 comper-
