2125 3084
192 159 291 225 [m
316 153 437 224 433]
560 159 641 205 IN
680 159 1036 206 (mnu-sm.
1085 160 1340 208 SERMO
1378 161 1463 209 1v.
1719 157 1814 212 28!

191 263 351 319 Haeo
370 268 557 316 autem
576 261 807 316 mortuis
826 260 1184 323 conveniunt,
1208 259 1306 314 illa
1325 278 1456 316 vero
1475 263 1646 316 vivis.
1702 263 1820 337 Ego

194 355 339 394 varo
366 344 451 392 ter
464 377 479 400 ‚
518 347 629 392 non
656 334 827 392 semel
864 335 1133 390 miserum
1144 333 1198 407 ⁴¹⁵)
1240 333 1478 390 dixerim
1513 353 1642 392 eum
1656 379 1668 403 ‚
1719 340 1818 410 qui

197 429 335 468 cum
354 428 525 468 sensu
543 411 782 466 sustinet
798 417 1031 466 mortem
1038 416 1059 462 .“

426 549 507 618 [Ἴ
548 548 682 608 Quid
712 559 781 601 ast
816 550 1033 614 „Fratri
1065 559 1146 600 tuo
1178 551 1438 600 eerviea“?
1479 551 1602 616 (ib.)

316 657 441 713 236.
483 655 747 728 Magnum
765 661 847 708 est
866 651 972 708 hoc
990 651 1202 708 bonum
1224 653 1515 727 insipienti
1533 695 1556 722 „
1571 671 1640 710 ne
1661 652 1821 711 dere-

199 731 493 804 linquatur
522 727 694 785 liber:
755 745 885 782 nam
913 728 1080 784 elatio
1116 729 1353 784 cervicis
1390 746 1562 804 grave
1603 739 1686 785 est
1723 730 1822 786 da—

198 822 401 862 mnum
436 799 759 859 huiusmodi
797 803 1039 868 homini,
1105 804 1346 860 servitus
1387 812 1571 860 autem
1607 805 1815 870 utilior,

198 882 452 936 maxime
469 895 645 950 quum
666 878 875 933 bonum
896 879 1130 951 attingat
1152 879 1460 936 dominum.
1538 877 1633 937 Sic
1654 883 1819 936 etiam

197 957 371 1012 navis
396 955 670 1018 salvatur,
710 951 934 1024 quando
960 953 1181 1008 iussum
1201 954 1469 1026 impleant
1487 954 1821 1012 obaudiant-

196 1047 320 1104 que
347 1025 621 1085 navarcho
646 1036 877 1096 nautae;
937 1036 993 1083 et
1011 1027 1238 1094 domuS,
1271 1028 1712 1102 obsequentibus
1736 1029 1817 1088 fa-

200 1104 382 1162 mulis
412 1102 721 1172 dominum3
791 1110 848 1157 et
872 1103 1156 1168 civitates,
1199 1101 1332 1159 dum
1359 1105 1696 1163 habitatores
1724 1125 1816 1162 ce-

200 1181 345 1236 dant
362 1177 738 1252 principibus,
781 1187 836 1234 et
854 1180 1090 1234 iuvenes
1111 1178 1427 1236 senioribus
1443 1223 1455 1246 ,
1496 1191 1549 1240 et
1569 1183 1814 1254 imperiti

199 1253 405 1328 peritis
424 1253 899 1326 intelligentiaque
918 1253 1210 1327 praeditis.

306 1397 350 1443 ¹¹)
375 1395 571 1434 miserum
598 1395 745 1435 deerat
770 1397 815 1435 in
841 1395 965 1434 codd.
1018 1395 1182 1436 Auch.

198 1614 526 1671 viventibus
554 1631 586 1668 a
614 1613 738 1668 deo.
817 1613 937 1669 Non
966 1615 1167 1680 semel,
1211 1616 1309 1671 sed
1336 1625 1418 1672 ter
1437 1621 1814 1674 miserrimum

197 1688 573 1763 pronuntiabo
611 1705 739 1743 eum
752 1729 767 1752 ‚
818 1689 918 1760 qui
960 1706 1090 1745 eum
1123 1692 1356 1746 minima
1393 1692 1582 1764 (marq.
1619 1695 1813 1766 nimia)

201 1763 575 1820 sensibilitate
596 1771 823 1820 mortem
846 1765 1137 1820 sustineat.

568 1901 701 1960 Quid
730 1913 799 1956 eet
833 1903 1055 1971 „Fratri
1088 1915 1168 1955 tuo
1201 1905 1458 1954 senffes‘w

312 2009 435 2068 236.
464 2005 549 2062 Ob
570 2005 753 2080 (man-9.
776 2009 909 2082 Hoc)
929 2009 1043 2064 iam
1062 2007 1318 2080 proximo
1342 2005 1488 2060 bono
1504 2009 1813 2078 prosecutis

200 2082 513 2140 contumaci
532 2081 789 2157 dignum,
818 2102 889 2140 ne
910 2084 1286 2140 laxamentum
1307 2081 1516 2154 capiat3
1540 2080 1662 2137 sine
1679 2083 1813 2155 iugo

202 2160 353 2214 enim
372 2157 575 2232 degere
596 2161 975 2232 perniciosum
995 2168 1080 2214 est
1093 2201 1107 2224 ‚
1144 2157 1282 2226 dum
1299 2158 1584 2220 servituti,
1617 2157 1814 2212 condi-

202 2235 279 2290 tio
297 2233 617 2299 utilissima,
642 2235 959 2291 studiosum
977 2234 1268 2291 dominum
1285 2233 1496 2290 sortita.
1537 2233 1606 2288 Et
1627 2234 1812 2288 carina

198 2309 445 2364 salvatur
470 2309 867 2366 obedientibus
894 2309 1252 2384 gubernatori
1285 2309 1586 2375 ministris;
1631 2315 1688 2363 et
1712 2307 1813 2364 do-

199 2401 325 2440 mus
346 2381 583 2456 erigitur
600 2385 805 2442 melius
825 2385 1055 2441 famulis
1071 2385 1440 2458 vigilantibus
1451 2400 1554 2457 pro
1573 2384 1812 2456 imperio

198 2458 440 2527 domini;
484 2467 541 2516 et
566 2460 705 2516 urbs
738 2462 847 2516 erit
880 2461 1120 2526 beatior,
1161 2461 1213 2516 si
1246 2461 1409 2532 plebs
1447 2459 1700 2516 subiecta
1737 2461 1812 2514 sit

198 2531 631 2600 administranti,
652 2543 711 2592 et
728 2537 961 2592 iuvenes
980 2537 1258 2592 veteranis
1277 2536 1534 2592 debitum
1553 2534 1812 2592 deferen-
1901 2536 1909 2544 '

197 2617 281 2665 tes
300 2608 588 2664 honorem.
641 2612 857 2667 Felices
876 2609 1066 2682 (mm.
1079 2610 1250 2666 Vides
1272 2611 1482 2684 malim)
1503 2621 1558 2668 et
1577 2609 1805 2676 indocti,

190 2683 549 2756 sapientibus
570 2686 1031 2742 obsecundantes.
1789 2705 1795 2714 ·
