2125 3084
347 180 450 235 2⁴8
633 183 830 231 run„
853 184 1002 231 mn.
1027 181 1359 243 ouans-r.
1384 180 1485 227 ιιι·
1510 181 1663 242 θοι..
1716 176 1808 247 [n.
1832 182 1969 248 ιιι]

351 286 505 341 veria
523 284 796 341 similium
817 284 1151 353 accidentia3
1178 301 1242 339 ac
1260 283 1311 339 si
1336 283 1465 355 quis
1484 282 1715 351 diceret,
1728 287 1883 359 quod
1894 290 1963 345 In

349 378 440 417 me
469 368 529 415 et·
548 352 695 415 Esau
725 368 834 425 est,
869 375 1109 431 quercus
1138 357 1466 414 inflexibilis
1496 368 1552 415 et
1570 360 1831 417 inclinari
1854 382 1963 419 ne-

347 438 492 499 scis,
523 444 686 507 atque
705 436 947 508 pilosus,
972 436 1183 491 alienae
1204 435 1426 489 virtutis
1446 436 1737 507 probabile
1759 455 1960 494 exem-

344 511 506 585 plum
523 519 580 566 et
603 510 997 583 intemperatus
1026 512 1085 566 in
1113 508 1417 581 impetibus
1446 512 1593 575 suis,
1636 512 1734 583 qui
1766 512 1955 569 brutis

345 586 778 659 indomitisque'
764 604 840 641 im
881 586 1066 641 etibus
1086 585 1314 642 incedit.
1392 586 1453 640 In
1472 603 1560 639 me
1580 594 1634 641 et
1653 587 1817 641 Iacob
1838 600 1947 651 est,

345 662 522 719 laevis
547 656 671 727 ille,
703 678 812 718 non
858 659 910 736 *J
935 660 1387 717 scabrosus.1n
1406 676 1493 714 me
1512 668 1566 715 et
1584 678 1756 715 senex
1777 672 1833 717 et
1853 664 1953 719 iu-

343 738 524 802 venis,
553 738 922 809 princepsque
941 738 1151 809 quique
1171 735 1429 808 princeps
1450 752 1555 790 non
1576 744 1674 800 est,
1698 745 1753 790 et
1772 754 1948 793 mun-

345 812 452 868 dus
481 821 535 867 et
563 812 846 867 deformis.
923 812 1129 868 Verum
1157 809 1381 883 quando
1407 810 1535 883 quis
1555 811 1815 866 virtutem
1838 812 1946 867 ha-

344 888 464 952 bet,
505 888 564 943 in
593 887 861 943 contraria
891 888 1084 944 virtuti
1112 895 1165 942 et
1202 886 1411 941 similia
1448 884 1739 957 superficie
1775 895 1941 943 tenus

344 980 522 1035 usque
551 962 622 1019 ad
649 971 854 1019 tactum
871 964 1052 1019 solum
1072 962 1387 1035 impingens
1406 961 1643 1017 illudere
1664 961 1937 1029 videatur.

343 1040 574 1095 minime
594 1054 725 1094 vero
741 1038 1048 1097 secundum
1068 1036 1311 1093 indolem
1332 1045 1637 1110 cognatam,
1652 1055 1761 1111 qua
1780 1056 1943 1112 repe-

343 1114 484 1171 ritur
504 1113 822 1186 exemplum
839 1115 1019 1169 omnis
1041 1121 1319 1168 creaturae
1340 1129 1403 1167 ac
1423 1113 1691 1169 mortalis.
1754 1113 1941 1181 Quan-

344 1188 415 1245 do
446 1206 575 1245 vero
603 1189 782 1246 malus
811 1189 910 1253 sit,
953 1206 1042 1243 res
1061 1189 1419 1259 insipientiae
1438 1188 1820 1257 eginiustitiae
1840 1208 1942 1263 pa-

344 1265 454 1320 lam
474 1263 705 1337 profem
737 1281 833 1323 ses
853 1272 1036 1319 autem
1053 1264 1357 1335 sapientiae
1378 1271 1433 1319 et
1449 1264 1695 1319 iustitiae
1714 1266 1943 1331 smulat

343 1340 653 1395 infirmiter.
749 1338 993 1395 Dicendo
1029 1340 1203 1411 igitur
1239 1338 1381 1410 patri
1422 1338 1608 1393 lacob-
1760 1359 1791 1395 ο
1826 1359 1940 1396 eum

341 1412 516 1477 Euam
541 1428 738 1469 verum
753 1413 891 1469 dicit
909 1414 1216 1469 secundum
1240 1421 1463 1469 naturae
1482 1416 1776 1481 rationem.
1816 1417 1938 1471 ani·

343 1505 432 1545 ma
451 1486 760 1545 secundum
779 1505 900 1545 eam
921 1488 1151 1545 formam
1169 1506 1231 1545 se
1250 1497 1523 1547 movente.

340 1892 487 1947 Esau
525 1892 624 1949 ille
669 1892 916 1967 ligneus,
978 1909 1329 1966 nequaquam
1366 1889 1660 1957 flexibilis,
1721 1893 1933 1965 pilosus

339 1967 474 2023 item
501 1975 556 2022 et
591 1967 864 2025 ohsou‘rus
891 1968 962 2024 ad
991 1968 1289 2041 captandas
1317 1968 1586 2023 virtutum
1615 1968 1829 2041 fruges,
1880 1976 1931 2025 et

339 2059 542 2113 procax
554 2083 568 2106 ,
590 2044 652 2098 in
669 2044 948 2101 montibus
965 2046 1179 2117 passim
1196 2042 1521 2115 procedens.
1579 2046 1641 2098 In
1661 2060 1751 2098 me
1770 2044 1929 2099 etiam

339 2117 498 2173 Iacob
521 2117 688 2183 lenis,
731 2136 834 2174 nec
851 2128 1055 2175 temere
1077 2118 1279 2175 audax.
1356 2120 1419 2173 In
1439 2136 1527 2173 me
1556 2127 1610 2173 et
1640 2127 1929 2175 veteranus

339 2200 394 2247 et
411 2194 658 2257 iuvenis.
698 2202 753 2248 et
771 2194 1020 2265 privatus
1041 2202 1097 2249 et
1112 2194 1493 2267 magistratus,
1532 2211 1603 2249 ne
1622 2211 1709 2248 me
1728 2194 1782 2249 et
1802 2194 1932 2249 reli-

339 2267 530 2339 giosus
559 2268 742 2339 inquit
759 2276 814 2323 et
837 2267 1122 2355 profanus.
1200 2268 1261 2323 Si
1284 2270 1431 2325 enim
1453 2268 1737 2325 studiosus
1758 2268 1925 2337 fuero,

339 2340 666 2399 differentia
673 2343 893 2398 virtutis
919 2345 1269 2399 ostentatorie
1298 2353 1351 2400 et
1368 2346 1672 2417 procaciter
1690 2360 1811 2427 ego
1812 2354 1930 2400 tan·-

342 2416 622 2472 tummodo
647 2425 916 2489 quantum
943 2418 1123 2473 oculis
1149 2418 1424 2489 placeres,
1477 2419 1685 2476 sufficit
1711 2413 1929 2492 sapien·

344 2490 451 2544 tiae
479 2499 532 2546 et
558 2491 802 2547 iustitiae
829 2493 1024 2547 merita
1051 2492 1475 2549 dissimulando.
1553 2494 1797 2551 Dicendo
1828 2497 1929 2551 ita-

306 2578 450 2631 ·que
469 2565 656 2621 Iacob:
697 2566 808 2636 qu
825 2584 940 2623 sum
957 2560 1123 2629 Esau,
1167 2566 1549 2639 imploratione
1575 2578 1801 2625 naturae
1825 2588 1928 2644 non

342 2636 629 2760 mpntitur.
667 2639 804 2695 dum
821 2642 1003 2697 anima
1019 2640 1329 2699 secundum
1346 2645 1504 2699 illius
1522 2644 1767 2718 speciem
1788 2634 1929 2713 mota

339 2723 400 2763 es
