2125 3084
355 197 419 248 26
606 198 817 249 ΡΗΙΙι.,
840 196 989 243 IUD.
1028 196 1352 253 QUAEST.
1389 196 1489 241 ET
1528 199 1684 242 SOL.
1725 192 1812 259 [IL
1835 196 1966 261 197]

354 315 463 371 que
490 307 543 354 et
571 298 730 369 plura
760 297 851 352 his
878 296 1088 352 similia
1116 295 1284 351 simul
1313 295 1556 351 trahens.
1635 295 1819 363 Quum
1849 301 1968 354 ita-

353 389 463 446 que
492 372 600 427 sub
627 388 795 427 manu
824 388 889 426 ac
915 378 1184 443 potestate
1211 379 1306 426 tua
1323 372 1398 425 sit
1416 402 1492 413 —
1509 372 1671 426 cuius
1693 375 1844 427 enim
1865 391 1966 428 sa-

352 448 583 518 pientia,
609 446 731 501 eius
750 456 881 502 sunt
900 454 955 501 et
972 463 1164 501 omnes
1185 446 1496 517 encyclicae
1513 446 1846 517 disciplinae
1856 478 1958 513 —‚

353 522 441 576 fac
463 538 590 576 cum
611 520 730 585 illa,
743 530 1047 591 utcumque
1058 521 1162 576 tibi
1175 520 1328 575 cordi
1339 521 1468 575 erit:
1491 537 1791 592 persuasus
1803 523 1962 577 enim

354 613 507 660 sum,
542 595 693 667 quod
714 612 821 651 non
842 596 1094 651 severius
1113 612 1282 666 quam
1309 611 1550 666 aequum
1570 597 1669 659 sit,
1703 595 1954 661 iudices;

357 672 492 742 quia
510 670 571 725 id
592 672 779 742 ipsum
798 669 964 725 valde
984 669 1089 724 tibi
1110 670 1318 742 placet,
1361 669 1668 724 secundum
1695 671 1960 725 meritum

357 746 660 816 unicuique
682 744 1015 799 distribuere
1037 762 1101 799 ac
1118 744 1368 809 reddere,
1392 752 1446 799 et
1464 743 1608 799 nihil
1628 744 1758 816 plus
1779 761 1962 816 aequo

354 836 457 876 nec
477 819 742 875 honorare
760 836 942 890 neque
962 828 1329 875 contemnere.

562 972 659 1023 C'w·
692 973 832 1025 dccit:
883 974 1124 1041 „Affl‘aeie
1157 992 1261 1027 eam
1296 975 1500 1027 Sara“?
1533 980 1642 1041 (16,
1679 975 1752 1035 6.)

462 1088 551 1141 25.
593 1085 795 1141 Littera
827 1086 1119 1143 manifesta
1151 1095 1252 1141 est.
1331 1086 1417 1141 Ad
1437 1095 1675 1141 mentem
1696 1102 1825 1141 vero
1849 1087 1957 1141 hu-

354 1159 596 1217 iusmodi
636 1160 742 1216 fert
768 1163 1053 1217 rationem.
1133 1163 1253 1214 Non
1281 1177 1472 1215 omnes
1502 1160 1826 1215 afflictiones
1856 1178 1960 1216 no-
1993 1212 1998 1215 .

357 1236 480 1289 xiae
503 1242 658 1298 sunt,
704 1235 803 1290 sed
834 1244 916 1291 est
943 1235 1132 1305 aliquo
1161 1242 1432 1304 tempore,
1475 1234 1572 1287 ubi
1605 1234 1772 1288 utiles
1803 1246 1957 1291 sunt.

354 1308 415 1361 ld
434 1307 703 1361 sufferunt
720 1316 772 1361 et
790 1309 940 1379 aegri
962 1326 989 1361 a
1012 1306 1266 1371 medicis,
1291 1314 1344 1361 et
1363 1307 1522 1377 pueri
1545 1324 1573 1360 a
1592 1305 1955 1383 paedagogiS,

354 1389 408 1435 et
429 1381 757 1451 insipientes
779 1399 807 1435 a
829 1379 1254 1444 correctoribus,
1279 1389 1341 1434 ut
1359 1380 1593 1450 sapiant.
1673 1379 1832 1447 Quod
1853 1402 1961 1457 ego

357 1470 641 1525 nunquam
670 1454 787 1508 ullo
819 1454 980 1509 modo
1004 1453 1358 1509 afflictionem
1377 1455 1645 1521 dixerim,
1679 1455 1780 1511 sed
1802 1459 1959 1513 salu-

355 1538 464 1583 tem
504 1529 1047 1601 emolumentumque
1089 1530 1303 1584 animae
1343 1537 1397 1585 et
1435 1532 1699 1603 corporiS.
1775 1534 1958 1590 Huius

353 1610 565 1673 partem
611 1611 851 1674 praestat
898 1612 952 1659 et
999 1604 1271 1676 sapientia
1318 1604 1481 1661 choro
1525 1606 1951 1681 encyclicorum‚

352 1677 474 1731 iure
505 1678 805 1733 admonens
836 1679 1085 1734 animum
1113 1680 1302 1752 copiae
1330 1679 1753 1753 disciplinarum
1793 1682 1957 1737 dedi-

351 1759 469 1806 tum
494 1761 547 1808 et
565 1762 959 1826 praegnantem
978 1754 1314 1828 sophismate
1329 1798 1342 1820 ,
1373 1773 1479 1811 non
1501 1756 1768 1813 rebellare
1783 1798 1795 1821 ‚
1821 1774 1884 1811 ac
1903 1764 1952 1811 si

353 1843 619 1901 magnum
640 1837 806 1900 atque
824 1830 1105 1887 excellens
1115 1829 1168 1904 *)
1191 1832 1548 1902 acquisiverit
1577 1831 1811 1892 bonum,
1853 1831 1954 1886 sed

354 1905 706 1975 acquiescere
729 1923 793 1961 ac
810 1907 992 1962 vereri
1013 1907 1353 1978 superiorem
1373 1907 1766 1978 melioremque
1792 1914 1955 1961 natu-

354 1995 472 2032 ram
493 1988 774 2051 tamquam
796 1998 985 2036 veram
1006 1982 1288 2037 dominam
1302 2024 1314 2048 ,
1348 1998 1518 2053 penes
1537 1993 1705 2053 quam
1730 1989 1811 2036 est
1831 1982 1952 2051 ipsa

355 2055 661 2107 constantia
681 2064 735 2107 et
754 2056 995 2122 potentia
1017 2072 1219 2110 rerum.

434 2222 507 2288 [⁸⁸]
552 2222 713 2281 Quare
734 2224 913 2289 fiaqam
947 2229 1152 2289 capessit
1185 2227 1326 2293 Ayar
1359 2244 1392 2277 a
1413 2228 1552 2293 facie
1588 2228 1716 2276 eius?
1759 2230 1876 2291 (ib.)

467 2344 553 2397 26.
604 2342 725 2397 Non
752 2345 935 2399 omnis
964 2345 1148 2399 anima
1188 2345 1426 2400 admittit
1464 2344 1870 2400 observantiam
1899 2355 1952 2401 et

354 2415 710 2487 disciplinam
728 2458 740 2482 ,
785 2418 885 2474 sed
915 2418 1097 2473 facilis
1127 2436 1190 2472 ac
1219 2420 1409 2473 suavis
1438 2418 1757 2493 propriess)
1795 2436 1949 2475 mens

353 2489 543 2564 diligit
563 2494 961 2564 correptionem
984 2501 1037 2548 et
1055 2493 1235 2564 magis
1255 2491 1544 2548 familiaris
1565 2493 1815 2550 redditur
1834 2511 1950 2549 mo-

457 2664 500 2709 ’)
530 2674 567 2704 a.
593 2668 949 2715 super-turonium,
979 2668 1028 2705 ut
1054 2664 1127 2706 Gr.
1154 2661 1386 2713 ὑπέρογκος,
1437 2662 1595 2703 Auen.

456 2729 525 2775 ’*)
554 2742 589 2771 s.
618 2742 669 2772 ac
695 2738 885 2775 conatam
911 2734 994 2774 eibi
1010 2733 1207 2783 propria.
1269 2728 1429 2767 Auch.
