2125 3084
238 171 485 240 [1,64.55.]
523 178 622 223 DE
660 177 1209 228 PROVIDENTIA
1245 183 1502 230 SERMO
1539 184 1602 230 11.
1773 177 1842 230 67

236 293 343 334 sua
361 280 483 334 sive
508 278 751 352 oracula)
782 279 1116 336 dimiserunt
1143 299 1300 347 eum,
1343 301 1486 355 quae
1513 301 1621 338 non
1648 285 1841 340 multis

226 363 367 410 ante
388 355 539 409 horis
559 355 769 428 gloriae
789 358 1035 428 speciem
1055 357 1306 412 ferebant
1319 399 1331 422 ,
1367 368 1493 414 ante
1511 359 1684 414 solem
1703 362 1842 434 ungi

238 439 295 487 et
326 430 501 486 lavari
530 448 563 485 a
591 431 804 504 Iove*).
882 431 1035 499 Quae
1065 434 1216 488 enim
1236 451 1336 504 per
1355 435 1717 507 aenigmatica
1735 437 1844 490 ista

236 506 493 580 symbola
532 507 1001 563 manifestationes
1040 516 1200 563 antea
1239 508 1412 564 factae
1452 509 1694 574 fuerant,
1745 527 1844 582 per

233 597 405 654 opera
426 581 861 638 manifestiorem
880 592 1212 654 acceperunt
1229 583 1398 639 fidem
1411 625 1426 650 ,
1445 611 1450 618 ·
1470 602 1578 640 non
1609 585 1716 640 sub
1736 585 1844 640 fine

232 663 480 721 tantum,
526 657 625 713 sed
664 659 829 714 etiam
866 659 937 713 ab
966 659 1154 726 initi03
1223 675 1397 730 quum
1427 669 1608 716 tamen
1643 657 1716 735 [*]
1747 661 1846 716 ille

234 733 523 804 ignoraret
552 734 760 806 magis,
812 751 981 805 quam
1018 751 1246 806 corpus,
1294 736 1536 790 animam
1573 734 1684 790 sibi
1723 753 1846 790 esse

236 808 353 862 iam
392 823 738 878 suspensam.
838 808 1299 880 Quandoquidem
1337 828 1556 883 semper
1593 819 1844 866 metuens

240 899 307 936 ac
360 890 603 938 tremens
660 883 1080 939 multitudinem
1135 885 1454 941 invasorum
1513 885 1840 960 agitabatur,

240 965 391 1011 certe
410 959 664 1014 conscius
679 1000 693 1023 ‚
726 959 876 1030 quod
896 973 1059 1014 nemo
1079 968 1195 1014 erat
1215 962 1425 1030 amicus
1439 1001 1454 1024 ,
1487 962 1585 1033 qui
1608 960 1845 1016 fideliter

240 1032 389 1086 bene
416 1031 503 1086 illi
532 1033 725 1098 vellet,
768 1034 869 1088 sed
886 1039 1080 1090 omnes
1099 1035 1318 1090 inimici
1337 1036 1688 1097 insidiatores
1709 1036 1866 1092 mali·

238 1107 303 1161 in
322 1106 630 1163 calamitate
649 1127 896 1164 summae
918 1111 1160 1182 inopiae.
1191 1155 1196 1160 .

357 1185 444 1237 26.
505 1184 829 1255 Frequentis
868 1203 1001 1240 vero
1040 1203 1106 1240 ac
1147 1186 1402 1242 assiduae
1442 1188 1736 1244 anxietatis
1762 1196 1846 1242 te-

240 1265 355 1312 stes
372 1265 530 1322 sunt,
570 1261 671 1330 qui
692 1259 911 1316 Siculas
940 1276 1029 1316 res
1060 1263 1529 1334 conscripserunt,
1573 1262 1838 1327 dicenteS,

238 1332 389 1404 quod
420 1333 585 1388 etiam
613 1335 766 1390 cordi
794 1353 897 1390 suo
924 1337 1297 1408 gratissimam
1327 1339 1618 1411 coniugem
1646 1356 1846 1409 suspe-

236 1417 383 1464 ctam
406 1409 663 1465 habebat.
742 1410 915 1466 Cuius
937 1412 1017 1466 rei
1036 1413 1262 1485 signum
1279 1422 1420 1478 erat,
1461 1414 1610 1485 quod
1637 1415 1844 1470 transi-

238 1493 358 1540 tum
376 1485 635 1541 introitus
656 1487 715 1541 in
728 1486 933 1546 ,cellam
948 1529 961 1552 ,
1000 1505 1114 1560 quo
1133 1505 1252 1546 eam
1272 1490 1440 1545 vellet
1461 1489 1530 1545 ad
1547 1507 1610 1546 se
1628 1491 1838 1554 venire,

239 1562 407 1616 iussit
432 1562 607 1616 sterni
640 1561 913 1628 tabulato,
957 1579 1027 1617 ne
1046 1564 1424 1636 ignoraretur,
1463 1565 1684 1637 quando
1705 1565 1843 1639 (illa)

240 1635 311 1691 ad
342 1653 403 1690 se
431 1637 685 1700 intraret,
728 1637 827 1692 sed
858 1639 1072 1710 crepitu
1092 1639 1404 1696 tabularum
1421 1642 1716 1713 sonituque
1737 1659 1844 1696 nu·

236 1725 341 1784 per
360 1710 735 1766 conculcantis
756 1713 913 1784 prius
938 1714 1196 1784 proderet
1223 1715 1542 1771 adventum.
1619 1715 1845 1770 Adhaec

238 1801 353 1841 non
383 1785 565 1840 solum
594 1787 717 1842 sine
743 1787 1023 1854 vestibus,
1066 1808 1262 1846 verum
1297 1791 1462 1846 etiam
1503 1790 1738 1844 detectis·
1769 1791 1842 1844 iis

237 1861 497 1934 partibus
513 1902 525 1926 ,
558 1877 697 1933 quas
718 1879 829 1918 non
850 1862 1051 1920 licebat
1072 1883 1104 1921 a
1121 1867 1262 1921 viris
1282 1864 1489 1928 videri,
1528 1865 1588 1919 in
1609 1881 1846 1936 conspe-

238 1945 395 1992 ctum·
415 1953 579 1992 suum
602 1939 793 1994 venire
814 1939 1070 1996 iusserat.
1148 1941 1431 1996 Praeterea
1443 1939 1711 1994 continuo
1731 1941 1846 1994 cir-

239 2029 371 2067 cum
402 2021 694 2068 excavatae
724 2023 877 2070 erant
904 2016 1031 2071 viae
1055 2016 1361 2089 pavimenti
1393 2016 1450 2069 in
1469 2015 1708 2070 rusticae
1729 2014 1843 2070 fos-

238 2087 335 2143 sae
358 2088 705 2145 latitudinem
729 2090 1274 2164 profunditatemque
1301 2091 1578 2154 concisae,
1621 2090 1694 2145 ob
1722 2091 1844 2145 m‘e-

236 2173 361 2219 tum
377 2204 389 2227 ‚
430 2181 503 2220 ne
529 2165 657 2236 quis
685 2183 785 2238 pro
814 2167 1041 2222 insidiis
1073 2168 1263 2223 lateret
1286 2165 1699 2244 inobservatus,
1740 2166 1840 2236 qui

234 2255 371 2294 sane
394 2248 487 2295 aut
516 2241 751 2298 saltibus
779 2249 874 2296 aut
896 2240 969 2316 [*]
995 2243 1242 2315 longiore
1270 2242 1504 2298 transitu
1531 2241 1841 2313 deprehen·-

235 2315 457 2376 dendus
485 2314 642 2371 foret.
720 2316 863 2384 Quot
879 2325 1041 2388 putas
1069 2317 1211 2372 mala
1227 2358 1240 2382 ,
1271 2318 1372 2390 qui
1391 2317 1526 2372 haec
1544 2333 1842 2389 praecave-

234 2391 358 2456 bat,
402 2399 780 2462 exspectasse,
822 2409 998 2464 quum
1026 2392 1162 2447 haec
1192 2392 1522 2448 moliebatur
1549 2407 1648 2464 pro
1668 2409 1840 2448 uxore

230 2480 487 2540 quoque,
532 2467 624 2522 cui
653 2483 786 2540 prae
815 2467 1043 2522 caeteris
1075 2467 1241 2523 fidem
1277 2467 1482 2523 habere
1521 2465 1840 2524 debuisset?

228 2543 401 2596 Porro
429 2541 652 2598 videtur
680 2559 828 2600 unus
857 2559 1047 2598 eorum
1075 2541 1276 2609 fuisse,
1317 2544 1438 2617 qui,
1455 2543 1702 2600 volentes
1740 2560 1841 2616 per

339 2685 385 2729 ¹⁸)
409 2683 461 2723 Id
486 2663 672 2724 somene
693 2686 739 2724 in
765 2687 929 2724 somnis
954 2653 1122 2726 viderat
1145 2687 1276 2734 paulo
1302 2689 1401 2727 ante
1427 2687 1670 2737 Polycrates
1687 2692 1731 2726 et
1749 2688 1840 2725 sau-

234 2741 305 2778 ata
332 2736 415 2777 sibi
444 2735 626 2776 ominari
652 2737 884 2778 arbitratus
910 2737 1063 2778 fuerat.
1116 2736 1278 2777 Anch.
1649 2761 1653 2768 ·

1332 2790 1428 2842 E2
