2125 3084
196 196 279 263 [11,
310 192 425 258 526]
572 198 654 243 IN
691 188 1028 264 Ex‘pnum.
1069 201 1323 246 SERMo
1361 203 1422 247 11.
1687 198 1778 251 371

202 309 431 375 quatuor
444 340 457 363 ‚
480 306 715 370 quatuor
734 299 1130 355 elementorum
1149 301 1398 375 symbola
1417 312 1546 357 sunt
1558 345 1571 366 ‚
1596 312 1786 369 terrae,

200 392 396 449 aquae,
438 375 606 439 aei-ie,
652 375 827 447 ignis,
870 391 943 429 ex
968 375 1176 446 quibus
1207 376 1530 432 sublunaria
1552 378 1692 434 facta
1715 378 1788 455 [*]

198 459 350 515 sunt,
394 450 619 505 caelesti
650 448 884 522 sphaera
914 466 985 505 ex
1014 458 1264 521 separata
1302 451 1609 507 substantia
1646 455 1792 524 opti-

196 528 409 597 misque
428 524 597 593 rebus
623 531 923 580 constante.
1003 526 1226 581 Terram
1253 527 1439 597 itaque
1472 526 1670 599 figurat
1695 546 1793 599 per

198 607 421 671 byssum,
459 600 591 672 quia
612 598 815 673 byssus
834 608 1085 655 terrenus
1107 609 1192 655 est
1209 609 1262 655 et
1283 618 1354 655 ex
1373 610 1540 671 teri-213
1595 619 1792 673 aquam

197 685 375 733 autem
396 692 496 747 per
509 693 828 743 purpuram,
857 677 991 747 quia
1010 692 1154 746 aqua
1175 684 1256 747 est
1275 678 1520 749 genitrix
1537 678 1686 742 eius;
1740 688 1794 733 et

198 754 317 807 ae‘ra
343 768 443 824 per
471 753 829 819 hyacinthum,
872 751 1005 821 quia
1032 750 1299 824 subniger
1319 762 1402 807 est
1424 753 1538 815 ae‘r,
1581 747 1792 808 nullum

196 827 403 882 habens
425 826 663 881 luminis
677 826 735 880 in
757 843 817 879 se
838 827 1082 897 speciem
1102 825 1340 898 ideoque
1359 827 1428 881 ab
1451 827 1558 883 alio
1584 827 1794 882 lumine

194 903 563 969 illuminatum
636 908 799 971 atque
838 901 1024 979 ignem
1055 918 1156 974 per
1190 920 1420 967 coccum,
1469 903 1616 957 color
1643 903 1793 957 enim

191 979 315 1034 eius
334 974 615 1031 flammeae
636 977 845 1047 speciei
865 986 967 1031 est.
1035 976 1290 1047 Aequum
1311 978 1498 1049 itaque
1520 978 1682 1033 duxit
1699 966 1793 1031 ffl-

190 1054 388 1110 vinum
426 1051 693 1123 templum
734 1051 1031 1108 conditoris
1067 1053 1314 1107 omnium
1341 1070 1412 1107 ex
1438 1061 1516 1108 tot
1545 1062 1598 1107 et
1627 1054 1792 1108 tantis

190 1136 407 1184 textum
427 1144 546 1181 esse
560 1168 573 1191 ,
615 1144 685 1182 ex
709 1135 843 1198 quot
860 1127 1234 1199 qualibusque
1252 1127 1493 1183 mundus
1515 1127 1690 1183 factus
1709 1138 1792 1183 est

192 1202 603 1259 sanctissimum
631 1202 926 1273 templum,
969 1203 1070 1274 qui
1099 1212 1222 1260 ante
1250 1204 1518 1276 templum
1539 1211 1788 1259 sanetum
1861 1252 1868 1257 .

192 1278 425 1335 exstitit.
814 1310 821 1315 -

199 1434 363 1493 Quare
406 1434 632 1486 adiiciam
673 1418 815 1490 dicit.-
879 1471 913 1500 „
935 1435 1068 1502 Opus
1107 1454 1358 1489 connexum
1383 1439 1548 1504 facies
1581 1440 1789 1489 cortinas

575 1504 671 1555 sibi
700 1503 893 1554 invicem
914 1508 1244 1557 ·connexa⁸“?
1279 1507 1398 1569 (ib.)

304 1627 389 1680 86.
439 1622 767 1678 Huiusmodi
795 1623 960 1679 habet
980 1632 1229 1681 naturam
1245 1666 1257 1690 ,
1289 1634 1350 1681 ut
1369 1627 1530 1697 quasi
1552 1645 1623 1682 ex
1643 1628 1789 1681 mul—

190 1703 262 1756 tis
282 1716 458 1754 unum
476 1697 810 1769 perficiatur.
890 1700 1038 1754 Talis
1059 1708 1114 1755 et
1133 1698 1327 1755 mundi
1347 1699 1654 1756 substantia
1675 1709 1784 1766 θεῖς

188 1773 328 1847 quia
349 1773 681 1827 commixtus
698 1772 804 1828 fuit
822 1782 1055 1845 quatuor
1076 1774 1365 1831 elementis
1385 1782 1440 1829 et
1458 1776 1618 1845 quasi
1647 1776 1792 1829 inter

186 1868 251 1905 se
283 1848 525 1907 invicem
555 1855 837 1903 contextus
868 1858 951 1906 est
979 1849 1049 1905 ad
1081 1850 1248 1905 unius
1275 1850 1526 1904 staminis
1559 1848 1788 1920 perfecti

182 1922 624 1997 productionem.
668 1961 675 1971 .

190 2098 359 2157 Quare
402 2097 643 2163 lonqitudo
687 2100 897 2149 cortinae
942 2100 1138 2165 (unius)
1183 2108 1287 2149 erat
1323 2097 1589 2148 XXVIII
1614 2099 1790 2147 cubito-

567 2184 693 2231 rum,
732 2176 779 2217 et
813 2166 1013 2217 latitudo
1047 2165 1162 2217 IV?
1197 2172 1304 2231 (26,
1335 2168 1409 2226 2.)

302 2286 388 2341 87.
430 2284 691 2353 Quaterni
720 2286 859 2342 ratio
888 2286 1080 2341 divina
1109 2304 1172 2341 ae
1202 2302 1356 2341 saera
1386 2292 1494 2349 est,
1539 2292 1593 2339 et
1618 2285 1793 2355 aptis-

177 2356 357 2425 si'ma,
400 2378 464 2417 eo
491 2361 640 2433 quod
681 2378 1037 2417 numerorum
1078 2361 1409 2435 eondignam
1447 2358 1791 2415 benedictio-

178 2435 381 2509 nem*)
422 2438 645 2492 sortitus
684 2436 872 2491 fuerit.
951 2438 1027 2492 De
1066 2438 1337 2511 vigesimo
1380 2444 1560 2491 autem
1598 2443 1790 2490 octavo

176 2528 418 2568 numero
445 2512 668 2584 propria
696 2513 819 2567 eius
848 2512 1027 2566 virtus
1061 2512 1575 2585 impraesentiarum
1619 2526 1791 2583 appo-

175 2586 371 2643 nenda
391 2595 493 2642 est.
571 2588 669 2643 Est
685 2588 873 2659 itaque
890 2588 1133 2658 primum
1153 2587 1430 2660 perfectus
1449 2588 1642 2659 aequis
1662 2603 1791 2659 par-

288 2756 398 2813 *)‘s.
425 2764 470 2804 in
496 2772 683 2803 temone
710 2750 850 2801 mistro
878 2762 927 2800 de
954 2763 1136 2803 amnem
1164 2764 1330 2803 laudem
1348 2766 1587 2814 propriam.
1627 2762 1789 2803 Auch-

1239 2815 1380 2865 Aa2
