2125 3084
180 206 523 275 [11‚248.249.]
560 212 642 257 IN
682 212 1033 257 ommam.
1073 212 1326 259 smum
1363 214 1450 262 lv.
1729 208 1790 261 Ἡ

177 322 301 368 vent
340 316 502 381 pedes
538 313 833 383 quospiam
871 329 980 368 non
1022 311 1313 367 manifeste
1339 314 1576 379 notavit,
1620 332 1685 370 eo
1719 312 1792 389 [*]

178 388 335 460 quod
352 429 365 452 ,
396 396 461 441 ut
480 387 620 441 mihi
642 387 865 441 videtur
878 428 891 451 ‚
924 404 1034 441 non
1056 386 1296 442 confisus
1317 396 1432 443 erat
1450 387 1518 443 de
1537 390 1796 445 sensibili

182 462 535 534 apparitione
554 469 617 516 ut
638 460 929 517 hominum
949 462 1198 518 visorum
1211 504 1226 527 ‚
1260 462 1360 516 sed
1379 464 1562 533 potius
1583 464 1798 520 intelli-

179 538 423 611 gibilem
463 536 795 591 coniiciebat
833 546 1118 607 tamquam
1155 536 1548 591 revelationem
1596 538 1796 595 factam

180 612 463 668 divinam.
528 611 910 668 Manifestatur
931 620 983 667 et
1003 611 1219 683 aliquid
1241 611 1567 667 huiusmodi
1588 630 1616 666 a
1636 631 1798 683 prae-

179 687 330 743 senti
370 687 645 759 scriptura
661 728 673 751 ‚
737 686 888 758 quod
930 686 1186 741 homines
1230 704 1332 758 per
1379 703 1581 758 aquam
1627 687 1796 743 lavati

176 761 555 827 mundantur,
598 778 742 833 aqua
771 778 901 816 vero
931 762 1053 832 ipsa
1083 760 1389 835 (purgatur)
1419 778 1519 833 per
1541 761 1798 817 divinum

176 837 409 910 pedem.
490 835 807 910 Symbolice
837 844 1020 891 autem
1047 854 1148 907 pes
1178 836 1436 892 ultimum
1467 844 1522 891 et
1541 836 1796 892 infimum

180 912 435 983 corporis
464 919 573 976 est,
618 911 815 966 ultima
840 928 971 966 vero
991 910 1312 966 divinorum
1331 912 1556 967 sortitus
1579 919 1662 966 est
1683 914 1790 977 aer,

184 988 442 1041 animans
464 994 741 1041 creaturas
763 993 1120 1058 congregatas
1147 984 1377 1059 (aquas).
1455 987 1596 1041 Nam
1625 988 1674 1041 si
1705 989 1796 1042 ae‘r

182 1077 298 1116 non
320 1070 507 1133 tangat
527 1070 855 1133 moveatque
885 1078 1085 1131 aquam
1103 1102 1115 1126 ,
1159 1063 1421 1116 emoritur
1449 1062 1582 1129 ista3
1643 1063 1795 1117 vivi-

184 1136 293 1191 fica
315 1144 497 1191 autem
517 1137 698 1208 magis
719 1136 1052 1207 comperitur
1067 1177 1081 1201 ,
1113 1153 1222 1191 non
1243 1134 1468 1190 aliunde
1483 1176 1496 1199 ,
1540 1137 1652 1190 nisi
1673 1139 1794 1191 ae're

185 1212 249 1266 in
280 1228 401 1265 eam
430 1211 771 1266 intermixto,
848 1210 976 1265 Ideo
1010 1228 1120 1266 non
1149 1210 1354 1265 frustra
1382 1210 1598 1265 dictum
1625 1220 1708 1265 est
1735 1213 1792 1265 in

185 1286 467 1358 principio
504 1286 877 1359 generationis
916 1294 1290 1341 creaturarum
1305 1327 1319 1351 ,
1372 1284 1524 1357 quod
1562 1286 1794 1355 Spiritus

186 1366 271 1415 dei
294 1364 560 1431 ferebatur
584 1379 743 1429 super
767 1379 959 1430 aquam
986 1370 1136 1430 (Gen.
1157 1371 1206 1431 1,
1227 1369 1307 1427 2),
1351 1377 1520 1432 quam
1539 1378 1691 1417 nunc
1710 1362 1792 1417 al-

189 1434 398 1509 legoria
418 1452 703 1508 exponens
722 1435 921 1507 pedem
942 1436 1244 1508 appellavit
1265 1435 1584 1509 symbolice.

260 1654 356 1705 Cur
386 1655 561 1705 dixerit
600 1656 688 1705 hoc
718 1654 884 1705 modo.-
925 1654 1169 1720 „Sumam
1195 1674 1397 1722 panem,
1446 1666 1492 1707 et
1527 1657 1723 1707 mandu-

486 1726 671 1785 cate“,·
713 1740 807 1774 non
834 1740 972 1774 vcro.-
1016 1723 1232 1775 Sumite?
1283 1732 1388 1787 (18,
1417 1727 1490 1786 5.)

296 1846 349 1897 6.
389 1842 597 1897 Iterum
618 1849 675 1896 et
691 1841 797 1896 hoc
816 1840 1027 1897 indicat
1046 1860 1108 1897 se
1127 1842 1400 1896 haesitare
1421 1849 1476 1896 et
1495 1840 1568 1895 ad
1585 1848 1795 1895 utram-

190 1933 297 1987 que
328 1918 731 1988 apparitionem
760 1918 1125 1989 propendere.
1205 1914 1436 1982 Quando
1457 1915 1606 1968 enim
1627 1914 1788 1968 dicit:

192 1991 403 2047 Sumam
438 2009 653 2059 panem,
707 1990 957 2047 divinam
993 1992 1332 2064 imaginatur
1371 1990 1788 2062 apparitionem,

192 2068 280 2121 cui
308 2066 411 2121 viix
449 2066 757 2137 praesumit
792 2066 1003 2122 dicere:
1057 2067 1264 2138 Accipe
1301 2065 1517 2133 cibum;
1571 2066 1794 2137 quando

192 2158 319 2196 vero
350 2140 572 2196 adiicit:
634 2146 971 2205 manducate,
1016 2142 1242 2196 coniicit
1275 2142 1676 2214 apparitionem
1704 2142 1794 2197 vi-

191 2232 373 2271 rorum
401 2216 846 2289 peregrinorum.
933 2217 1142 2271 Littera
1168 2216 1272 2271 hoc
1305 2216 1468 2273 modo
1507 2234 1566 2271 se
1603 2216 1790 2271 habet.

194 2290 273 2345 Ad
292 2299 537 2346 mentem
554 2308 717 2355 vero,
761 2307 935 2362 quum
954 2292 1196 2363 coeperit
1219 2292 1532 2347 intellectus
1561 2308 1797 2361 praepa-

193 2383 307 2421 rare
336 2375 392 2420 et
420 2383 643 2421 sumere
674 2382 857 2419 sacros
884 2366 1037 2420 cibos
1053 2408 1065 2429 ‚
1108 2367 1209 2438 qui
1235 2374 1364 2421 sunt
1388 2366 1694 2434 sapientiae
1715 2365 1796 2417 le-

194 2458 285 2512 ges
314 2459 380 2495 ac
409 2440 649 2505 formae,
692 2448 826 2495 tunc
854 2440 1159 2513 symbolice
1195 2441 1401 2496 dicitur
1435 2437 1592 2492 vesci
1629 2438 1796 2490 etiam

196 2516 427 2570 divinis:
471 2532 617 2588 quae
648 2515 801 2569 enim
828 2524 957 2569 sunt
984 2524 1045 2570 ut
1075 2516 1190 2570 cibi
1220 2513 1480 2569 decentes
1505 2510 1797 2565 caelestem

195 2590 485 2664 Olympum
500 2632 514 2656 ,
545 2598 681 2645 sunt
707 2590 921 2643 animae
942 2589 1226 2645 rationalis
1247 2584 1525 2641 desideria
1540 2624 1552 2647 ‚
1591 2583 1800 2654 quibus

197 2675 443 2721 movetur
473 2666 545 2719 ad
585 2660 660 2739 [*]
703 2664 1008 2735 sapientiae
1046 2660 1458 2734 perceptionem
1495 2658 1803 2729 possessio-

197 2757 427 2811 nemque
448 2739 729 2812 perfectae
750 2738 992 2795 virtutis.
