2125 3084
168 211 257 278 [11,
284 206 411 273 som]
552 211 633 258 m
669 213 1005 259 Exonum.
1046 213 1299 259 senno
1338 216 1401 260 11.
1675 211 1776 265 355

168 314 571 388 pretiosissima
588 354 601 377 ,
644 321 697 367 et
724 330 855 368 auro
882 313 1250 370 mundissimo
1280 323 1334 369 et
1361 317 1774 388 purgatissimo,

170 389 325 464 quod
364 388 508 444 nihil
548 389 919 461 improbitatis
947 389 1175 455 habeat,
1215 389 1284 457 ad
1315 390 1658 446 sanctitatem
1687 410 1777 447 es-

160 457 403 524 sentiae.
463 464 667 519 Littera
688 464 1076 519 huiuscemodi
1097 472 1198 534 est.
1257 463 1344 520 Ad
1363 473 1600 520 mentem
1623 483 1772 532 vero,

170 549 401 596 naturae
430 539 617 611 aliqua
647 548 731 594 est
759 540 973 612 species
1000 540 1311 594 invisibilis
1341 549 1395 596 et
1424 540 1609 611 aliqua
1636 543 1778 596 visi-

170 616 331 671 bilis.
410 615 720 670 Invisibilis
750 612 849 669 illa
880 631 950 669 ex
976 616 1314 686 incorporeis
1353 624 1591 679 constat,
1634 632 1776 688 quae

170 693 440 746 nimirum
460 691 519 745 in
538 690 885 763 intelligibili
912 690 1119 745 mundo
1147 699 1256 756 est;
1319 690 1564 745 visibilis
1593 700 1776 746 autem

172 767 468 822 constituta
506 783 577 820 ex
615 765 965 836 corporibus,
1009 765 1193 836 qualis
1234 774 1318 820 est
1355 765 1642 822 sensibilis
1671 767 1776 821 iste

172 841 438 897 mundus„
478 841 623 896 Haec
641 841 803 896 ambo
823 841 1039 913 species
1059 848 1188 895 sunt
1210 841 1424 896 interna
1445 850 1498 897 et
1518 850 1769 897 externa:

171 919 389 972 interna
418 917 731 988 incorporea
748 957 761 980 ,
808 924 862 971 et
888 923 1110 971 externa
1149 933 1434 987 corporea3
1465 937 1478 950 ·
1498 933 1636 988 quas
1676 918 1774 988 qui

169 992 331 1056 fecit,
364 990 694 1064 imputridas
712 989 892 1047 effecit
905 1032 918 1055 ,
953 1007 1056 1046 nec
1081 1007 1190 1046 non
1211 990 1468 1047 honestas
1488 1009 1550 1046 ac
1567 993 1775 1064 pretio-

170 1085 284 1124 sas.
363 1066 573 1122 Aurum
592 1066 779 1138 itaque
797 1067 1104 1138 pretiosum
1125 1067 1418 1140 allegorice
1439 1065 1672 1122 refertur
1693 1076 1775 1121 et-

168 1144 285 1198 iam
306 1141 376 1196 ad
396 1141 692 1196 humanam
712 1142 1172 1197 constructionem
1190 1183 1202 1206 ,
1247 1142 1391 1197 sicut
1417 1150 1628 1214 oportet
1653 1158 1774 1196 esse

170 1218 443 1284 animam3
503 1233 645 1289 quae
674 1225 857 1272 tamen
878 1216 1187 1272 invisibilis
1209 1225 1317 1281 est,
1360 1219 1574 1272 cunctis
1594 1218 1775 1272 virtu-

168 1293 328 1348 tibus
357 1291 475 1345 auri
504 1293 677 1348 instar
704 1292 976 1348 adornans
1002 1291 1251 1347 visibilis
1280 1294 1522 1365 corporis
1553 1309 1772 1365 quoque

169 1366 401 1423 habitus
423 1374 475 1422 et
492 1376 694 1423 motus.
734 1366 1006 1435 Quoniam
1027 1369 1142 1423 vita
1159 1367 1400 1440 perfecta
1420 1386 1484 1424 ea
1505 1377 1604 1432 est,
1630 1385 1773 1440 quae
1796 1405 1810 1418 .

168 1460 273 1516 per
299 1450 593 1515 utrumque
620 1443 882 1509 habetur,
926 1452 1180 1498 constans
1207 1459 1277 1498 ex
1295 1444 1662 1500 mundissimo
1684 1445 1774 1499 in—

168 1518 415 1582 tellectu,
436 1519 534 1590 qui
556 1535 664 1573 non
691 1527 774 1573 est
796 1517 1038 1574 visibilis
1057 1528 1111 1574 et
1132 1536 1202 1574 ex
1219 1520 1618 1592 irreprehensis
1637 1537 1772 1591 ope-

170 1594 329 1648 ribus
345 1635 357 1658 ,
382 1611 619 1665 quorum
639 1592 801 1648 multi
820 1601 949 1649 sunt
966 1595 1198 1652 visores.

260 1751 337 1817 [⁸⁸]
385 1749 514 1808 Quid
544 1761 612 1801 ⁶81
646 1787 681 1815 „
692 1752 905 1818 cymact’a
939 1751 1121 1803 tortilia
1131 1752 1205 1816 Ὀ,
1244 1771 1367 1817 quae
1401 1754 1526 1802 iubet
1560 1755 1690 1802 circa

622 1835 780 1870 arcam
824 1829 1091 1870 construere
1106 1822 1171 1868 “P
1208 1820 1326 1884 (ib.)

287 1923 375 1974 55.
439 1918 739 1977 Obumbrat
774 1941 873 1995 per
911 1923 1066 1978 illius
1101 1920 1249 1976 modi
1282 1937 1532 1976 coronam
1563 1920 1770 1985 stellas,

163 1997 385 2070 quippe
422 2011 564 2066 quae
601 1996 1094 2061 circumferuntur,
1136 1996 1406 2069 quaedam
1447 2013 1546 2066 per
1575 2012 1634 2049 se
1663 2011 1770 2049 una

168 2089 303 2144 cum
334 2070 485 2126 caelo
513 2072 802 2138 universo,
850 2071 1126 2146 quaedam
1154 2081 1284 2127 vero
1313 2071 1581 2144 peculiari
1608 2071 1774 2125 etiam

162 2157 323 2204 motu
339 2188 351 2211 ,
395 2163 563 2218 quem
591 2149 813 2204 sortitae
838 2156 970 2204 sunt
994 2164 1263 2203 seorsum.
1341 2145 1608 2213 Quoniam
1629 2146 1775 2200 sicut

164 2223 293 2280 axis
317 2229 465 2278 rotae
485 2223 764 2278 volutatus
784 2240 895 2279 non
923 2230 1100 2278 mutat
1130 2223 1339 2287 locum,
1383 2238 1445 2276 eo
1473 2219 1625 2292 quod
1653 2221 1774 2292 ipse

162 2315 269 2371 per
298 2314 359 2364 se
386 2297 668 2353 revolutus
696 2299 798 2354 vix
826 2297 1102 2362 abscedit,
1151 2296 1345 2353 eodem
1377 2294 1539 2353 modo
1569 2303 1622 2350 et
1651 2312 1775 2350 cae-

166 2376 288 2429 lum
310 2371 695 2428 circumfertur
715 2374 774 2428 in
802 2390 864 2428 se
883 2374 1005 2427 sine
1026 2373 1133 2428 loci
1152 2373 1472 2429 mutatione.
1519 2369 1775 2426 Secundo

162 2447 377 2504 similis
399 2448 733 2519 comperitur
752 2465 950 2504 corona
969 2448 1319 2504 circumdans
1340 2456 1393 2503 et
1414 2447 1629 2502 animae
1654 2463 1776 2500 cor-

162 2523 416 2594 ruptioni
439 2539 501 2576 ac
522 2523 793 2596 corporis:
856 2524 1119 2594 quoniam
1140 2541 1294 2578 mens
1317 2523 1452 2578 alias
1473 2522 1632 2577 aliter
1651 2539 1777 2576 mu-

163 2599 434 2653 tationem
452 2599 660 2669 patitur
676 2599 797 2653 sine
820 2597 1072 2653 firmitate
1088 2640 1100 2663 ‚
1142 2609 1195 2654 et
1215 2614 1413 2670 corpus
1435 2615 1654 2672 semper
1671 2595 1776 2653 ssu-

274 2775 317 2821 *)
344 2783 381 2812 s.
410 2773 559 2812 limbus
586 2773 633 2813 in
660 2773 845 2812 circuitu.
899 2771 1059 2812 Auoh.

1273 2823 1366 2874 Z-2
