2125 3084
211 214 273 279 [1,
296 210 411 277 100]
467 216 566 262 DE
603 216 1146 264 Pnovlnmwrln
1183 220 1432 265 SBRMO
1469 220 1531 265 11.
1723 216 1789 269 97

211 319 361 373 enim·
380 318 439 371 vi
458 315 750 372 verborum
765 358 777 380 ,
808 332 949 387 quae
968 317 1264 387 usurpasti,
1289 317 1504 372 declino
1525 318 1592 372 ad
1612 319 1788 393 legem

206 394 509 449 sententiae
538 398 683 446 mae.
760 390 1132 446 Nihilominus
1151 391 1276 445 volo
1305 391 1374 445 ad
1393 391 1678 447 indubiam
1699 412 1789 449 sa-

206 468 449 541 pientiae
486 465 950 521 confirmationem
964 504 977 529 ‚
1018 473 1228 519 caetera
1242 506 1254 529 ‚
1304 474 1684 537 quaecumque
1719 470 1790 524 ad

206 542 561 613 tranquillam
578 540 949 595 oeconomiam
969 540 1204 604 faciunt,
1235 541 1462 594 minime
1486 539 1784 611 subticer03

204 617 413 689 quibus
431 616 667 671 sublatis
686 616 905 670 venusti
926 615 1106 670 bravii
1123 614 1408 689 (βραβεῖον)
1429 614 1546 669 loco
1561 630 1790 671 consen-

206 694 419 746 sionem
446 690 799 745 lucrabimur.

320 803 404 854 86.
444 798 653 854 Pauo.
702 798 799 851 Dic
829 797 1082 865 fidenter3
1137 797 1284 856 haud
1306 800 1454 857 enim
1474 798 1789 855 dubitamus

203 891 341 930 sane
363 874 431 929 de
450 873 756 935 necessaria
776 872 1065 930 solutione.

314 949 701 1008 Annxunnn.
750 948 933 1003 Dicam
951 989 963 1012 ‚
1000 956 1094 1002 tua
1116 948 1360 1012 licentia,
1393 948 1785 1013 incunctanter,

202 1024 312 1081 etsi
333 1040 441 1077 non
460 1039 607 1078 esses
628 1022 871 1083 hortatus
886 1064 899 1087 ‚
938 1038 1045 1084 non
1067 1022 1135 1077 de
1155 1023 1429 1085 universis
1449 1040 1622 1095 paene
1643 1023 1790 1095 apud

199 1098 347 1168 alios
368 1096 599 1152 laudatis
615 1139 627 1163 ,
658 1097 756 1155 sed
778 1096 845 1151 de
870 1098 955 1151 his
976 1097 1161 1162 rebus,
1185 1114 1325 1171 quae
1346 1096 1486 1155 mihi
1505 1099 1608 1157 soli
1629 1116 1791 1155 accu-

200 1174 473 1245 sationem
498 1174 695 1233 mereri
715 1172 992 1230 videntur.

320 1281 405 1335 87.
450 1277 525 1355 [³³]
547 1280 842 1336 Ventorum
858 1281 1154 1335 violentiae
1173 1280 1244 1336 ad
1269 1281 1407 1352 quid
1437 1277 1610 1337 factae
1637 1292 1784 1347 sunt,

204 1359 256 1413 si
274 1372 405 1412 vere
420 1356 603 1410 omnia
622 1372 653 1415 a
694 1364 859 1411 untur
868 1356 1174 1411 secundum
1182 1356 1620 1429 providentiam?
1643 1360 1789 1413 Num

203 1432 331 1488 ideo
344 1473 357 1496 ‚
391 1440 452 1487 ut
470 1430 639 1487 undis
656 1372 883 1487 {uomet
901 1448 1049 1487 mare
1063 1472 1077 1497 .
1111 1440 1166 1493 et
1182 1434 1282 1504 qui
1301 1433 1404 1489 iter
1421 1432 1550 1488 illac
1577 1432 1788 1489 faciunt

204 1515 549 1580 mergantur,
586 1514 683 1563 aut
710 1506 905 1563 saltem
930 1508 1104 1563 multo
1131 1524 1260 1563 cum
1297 1508 1482 1563 labore
1517 1524 1788 1581 aegreque

201 1580 521 1639 salventur?
576 1582 620 1636 Ii
649 1588 829 1637 autem
844 1620 857 1645 ‚
900 1582 1108 1652 quibus
1134 1584 1318 1655 ignota
1335 1592 1418 1639 est
1435 1582 1670 1639 facilitas
1689 1601 1790 1639 na-

197 1658 501 1727 vigationis
510 1655 563 1727 ³¹⁵)
578 1696 592 1719 ‚
640 1656 701 1709 in
728 1656 851 1725 ipsa
875 1664 1016 1715 terra
1052 1659 1282 1727 penuria
1315 1675 1502 1713 rerum
1537 1674 1789 1715 necessa-

198 1732 411 1785 riarum
447 1729 755 1783 laborantes
770 1768 783 1791 ,
824 1728 967 1783 fame
991 1731 1372 1799 opprimuntur
1385 1770 1399 1793 ‚
1441 1731 1790 1800 quandoqui-

202 1803 335 1859 dem
346 1802 555 1873 (vento)
574 1803 823 1872 percussi
842 1802 1108 1862 excidunt
1125 1805 1403 1861 seminum
1425 1804 1790 1873 arborumque

200 1894 397 1935 omnes
426 1876 637 1931 fructus
664 1874 945 1945 producti,
986 1876 1194 1945 passim
1221 1891 1351 1929 vero
1379 1876 1581 1931 accidit
1607 1879 1790 1933 omnia

201 1952 361 2009 totali
382 1949 707 2006 arefactione
728 1949 1005 2019 corrumpi
1022 1966 1094 2003 ex
1112 1956 1273 2003 vento
1291 1949 1472 2006 calido
1484 1990 1496 2013 ‚
1525 1951 1791 2021 quemad-

202 2026 433 2083 modum
470 2024 575 2080 sub
611 2023 824 2080 vernali
860 2031 1102 2095 tempore
1139 2031 1318 2077 auster
1346 2022 1628 2083 flammeus
1653 2026 1792 2083 sol-et

206 2100 590 2172 supervenire.
632 2152 638 2157 .

319 2194 403 2244 88.
456 2188 651 2244 Itidem
678 2187 995 2258 pluviarum
1024 2184 1388 2257 frequentiam
1427 2204 1604 2243 nonne
1641 2190 1789 2244 insa·
1836 2238 1842 2249 ,

204 2266 333 2321 niae
342 2264 619 2319 estdicere
637 2279 737 2335 pro
758 2260 939 2317 favore
962 2262 1240 2335 provisam
1259 2278 1380 2316 esse
1399 2278 1429 2316 a
1449 2262 1568 2317 deo.
1605 2264 1790 2329 Quon-

202 2343 319 2395 iam
343 2340 488 2411 pluit
516 2354 681 2409 super
711 2338 1017 2392 vastitatem
1044 2338 1212 2391 maris
1238 2337 1308 2391 ad
1337 2338 1552 2393 nullum
1579 2339 1788 2395 emolu-

206 2424 481 2483 mentum,
524 2415 669 2486 pluit
694 2421 747 2468 et
774 2429 940 2483 super
968 2419 1141 2467 terrae
1170 2414 1308 2467 situs
1339 2415 1512 2487 magis
1548 2412 1787 2471 desertos

207 2490 707 2560 infructuososque.
786 2486 959 2560 Saepe
989 2488 1152 2543 etiam
1179 2496 1418 2560 tempore
1443 2489 1668 2545 minime
1687 2507 1785 2561 op-

212 2575 447 2639 portuno
486 2565 685 2620 cadens
727 2564 920 2636 pluvia
963 2562 1124 2619 valde
1162 2564 1468 2635 perniciosa
1505 2565 1781 2637 probatur,

310 2707 353 2757 ¹⁵)
378 2708 521 2748 Verba
545 2709 649 2747 haec
674 2708 877 2757 produnt:
922 2717 1049 2757 neque
1075 2709 1300 2753 (sommam,
1326 2708 1394 2747 vel
1419 2710 1537 2749 iuxta
1561 2710 1716 2759 marg.)
1739 2709 1786 2748 in

206 2769 349 2800 somno
368 2760 539 2809 facilem
564 2760 864 2807 aestuationem
888 2760 1116 2800 sentientes.
1168 2756 1325 2799 Auch.

276 2810 499 2862 Pmno
537 2812 679 2863 Vm.
1333 2810 1382 2863 G
