2125 3084
221 188 303 253 m,
331 186 452 252 367]
575 192 656 236 IN
696 192 1049 239 GENESIN.
1090 194 1343 239 SERMO
1378 195 1464 241 IV.
1736 191 1829 243 183

316 340 394 404 [*]
443 337 574 395 Quid
613 349 682 388 est
699 340 909 403 „Erant
941 342 1119 405 qemim‘
1151 342 1199 389 in
1234 350 1365 389 utero
1402 341 1579 389 eius“?
1616 320 1733 405 (11).)

342 456 456 508 459.
515 454 722 507 Littera
742 454 877 507 satis
906 461 1030 508 nota
1061 460 1145 507 est
1174 460 1227 507 et
1254 451 1571 511 manifesta:
1632 471 1827 510 verum

221 528 526 603 symbolice
547 544 656 581 non
679 526 845 583 debet
863 528 1135 599 ignorari,
1158 526 1308 599 quod
1324 568 1337 591 ,
1361 526 1828 597 quemadmodum

221 622 292 659 ex
319 620 427 659 11113
459 602 648 657 radice
677 602 787 657 duo
817 602 1026 656 surculi
1058 603 1398 675 germinant,
1443 600 1637 655 eodem
1666 604 1828 658 modo

220 696 292 733 ex
311 696 421 733 una
444 676 753 747 eademque
775 685 956 731 mente
981 678 1196 748 species
1217 686 1337 731 tum
1358 673 1509 740 boni,
1534 684 1651 731 tum
1673 677 1823 741 mali,

217 770 363 825 quae
390 760 587 807 natura
617 753 872 823 geminae
903 760 1050 805 sunt.
1132 750 1402 817 Quoniam
1430 768 1609 804 unum
1638 750 1829 825 effugit

217 830 438 883 animus
459 843 563 881 nec
583 834 762 897 potest
783 828 1093 897 cooperari,
1122 825 1221 880 sed
1243 834 1457 880 servata
1478 826 1827 896 proximitate

216 910 502 957 aversatur
545 909 599 955 et
640 900 756 955 abit
795 902 853 955 in
885 901 1145 955 alterum:
1210 901 1513 971 aequaliter
1543 914 1683 955 sane·
1705 900 1827 955 affi-

217 980 440 1031 ciuntur
467 977 635 1031 etiam
664 977 927 1040 virtutem,
971 992 1115 1046 quae
1147 961 1339 1030 iiisunt
1376 976 1608 1047 corpori.
1685 978 1825 1031 Nam

215 1052 422 1123 cupido
451 1051 754 1122 voluptatis
785 1058 838 1105 et
867 1050 1084 1104 dolores
1116 1068 1185 1105 ex
1214 1068 1324 1105 11113
1354 1059 1483 1105 sunt
1510 1048 1722 1115 radice,
1764 1061 1825 1105 ut

211 1130 378 1199 poeta
407 1128 508 1191 ait3
562 1134 616 1179 et
641 1142 783 1197 quae
803 1143 874 1179 ex
891 1142 1005 1179 uno
1025 1126 1232 1179 vertice
1252 1124 1509 1181 distincta
1532 1125 1823 1197 divisaque

215 1209 380 1263 sunt,
411 1201 698 1271 utriusque
727 1218 915 1255 eorum
935 1201 1279 1255 summitates
1300 1208 1581 1273 separatae
1602 1217 1824 1272 compe-

215 1276 470 1331 riuntur:
535 1281 692 1346 atque
719 1277 794 1330 ita
817 1276 1104 1329 contrariis
1126 1275 1329 1331 cedunt
1350 1294 1379 1330 a
1400 1276 1676 1348 principio
1694 1294 1823 1348 par-

213 1351 374 1405 tibus
395 1350 758 1421 principatus.
813 1352 1065 1421 Namque
1085 1368 1258 1421 quum
1281 1351 1469 1407 fortior
1489 1368 1552 1405 ac
1572 1352 1822 1423 superior

213 1427 291 1480 sit
320 1424 601 1495 voluptate
631 1424 810 1489 dolor,
855 1424 952 1479 illa
980 1426 1161 1479 vitans
1184 1425 1455 1493 abscedit3
1510 1427 1616 1482 isto
1639 1434 1821 1481 autem

213 1500 564 1572 deprehenso
593 1500 745 1555 illico
774 1501 928 1571 viget
957 1500 1253 1572 cupiditas,
1334 1500 1603 1556 Similiter
1632 1503 1821 1575 agitet

212 1576 399 1631 omnis
429 1575 609 1629 virtus
639 1592 768 1647 erga
795 1592 1014 1629 omnem
1043 1577 1337 1641 malitiam,
1382 1585 1435 1632 et
1461 1594 1491 1631 e
1519 1580 1813 1632 contrario:

455 1849 589 1909 Quid
617 1862 686 1901 est
718 1852 930 1915 „Erant
959 1853 1140 1918 gemini
1170 1853 1219 1901 in
1253 1861 1385 1899 utero
1421 1851 1599 1899 eius‘w
1780 1879 1810 1887 ρ

337 1974 453 2026 ⁴59.
497 1971 714 2026 Dictum
733 1973 998 2027 oratoriae
1015 1977 1194 2043 patet,
1220 1975 1429 2023 certum
1451 1974 1551 2021 est.
1631 1968 1822 2023 Morali

213 2062 349 2101 vero
371 2046 514 2119 stylo
537 2063 644 2102 non
673 2056 884 2118 oportet
912 2048 1193 2119 ignorare,
1236 2045 1380 2098 sicut
1410 2061 1480 2097 ex
1509 2060 1618 2097 una
1651 2042 1823 2112 stirpe

215 2120 331 2175 duo
359 2122 614 2175 oriuntur
643 2122 808 2186 rami,
851 2122 928 2176 ita
957 2139 1028 2175 ex
1047 2138 1157 2175 una
1178 2127 1359 2174 mente
1380 2118 1575 2173 melior
1595 2126 1649 2173 et
1668 2117 1824 2171 dete-

213 2197 332 2251 rior
361 2197 576 2266 species
606 2198 870 2251 nascitur.
949 2197 1018 2250 Et
1045 2196 1273 2267 quidem
1302 2196 1522 2267 gemina
1557 2202 1686 2248 sunt
1722 2209 1822 2265 pro

214 2278 442 2334 natura,
485 2278 776 2325 cunctante
807 2272 989 2325 anima
1017 2288 1117 2342 pro
1146 2279 1503 2340 utrorumque
1522 2267 1817 2337 obsequio:

212 2362 318 2417 per
338 2344 646 2399 absentiam
667 2346 817 2402 enim
843 2346 1012 2400 unius
1038 2345 1379 2400 obsecundat
1408 2343 1604 2405 altero,
1648 2341 1824 2394 simili

214 2421 359 2473 vitio
379 2419 712 2474 valitudinis
733 2419 1052 2491 corporaliS.
1111 2419 1313 2475 Libido
1334 2417 1484 2473 enim
1506 2423 1560 2470 et
1580 2412 1734 2469 dolor
1754 2431 1825 2469 ex

215 2512 330 2549 una
351 2494 568 2557 radice,
607 2495 914 2549 secundum
941 2496 1219 2565 poeticum
1250 2509 1491 2547 carmen.
1568 2488 1825 2561 Agitante

217 2570 372 2623 enim
394 2568 634 2624 libidine
654 2568 808 2624 dolor
829 2570 1056 2625 celatur.
1115 2570 1279 2622 Porro
1299 2568 1350 2621 si
1370 2567 1419 2619 is
1439 2564 1703 2627 tenuerit,
1727 2564 1825 2619 illa

215 2644 575 2698 subducitur.
654 2646 733 2698 Ita
762 2660 952 2698 omnes
979 2644 1211 2700 virtutes
1232 2648 1417 2693 contra
1438 2640 1703 2695 malitiam
1724 2638 1827 2693 ha-

213 2718 423 2773 bentur
441 2759 454 2782 ,
488 2734 519 2773 e
541 2725 728 2772 contra
749 2718 1085 2772 malitiarum
1106 2722 1380 2771 momenta
1400 2712 1700 2771 virtutibus
1726 2712 1828 2767 ad-
