2125 3084
49 29 378 150 f

346 162 445 216 314
576 165 773 212 PHIL.
811 165 958 212 IUD.
998 164 1324 222 QUAEST.
1361 165 1460 210 ET
1499 163 1664 210 sol..
1729 159 1986 228 [11,463.]

343 268 451 323 bus
488 266 549 320 in
586 273 877 337 utramque
914 273 1126 337 partem
1161 263 1503 319 nutantibus.
1589 262 1978 321 calceamenta

344 357 477 397 vero
496 340 854 396 subindicant
876 347 1258 413 tegumentum
1279 346 1332 394 et
1349 338 1660 404 custodiam
1679 341 1974 412 pergendi

344 434 453 472 non
474 433 574 488 per
592 415 745 470 invia
762 456 774 479 ‚
818 414 919 469 sed
938 431 1037 486 per
1051 414 1236 468 tritam
1259 415 1406 468 viam
1427 413 1721 470 ducentem
1742 413 1816 468 ad
1840 415 1976 470 vir·-

343 500 537 547 tutem.
615 489 795 556 Quare
825 497 879 544 et
907 488 1049 543 facto
1079 489 1290 543 dictum
1317 490 1642 560 opponitur:
1683 490 1970 560 quoniam

345 566 713 622 calceamenta
730 605 742 628 ,
796 566 898 627 ait,
950 562 1205 618 habenda
1233 572 1364 618 sunt
1389 565 1448 618 in
1477 562 1747 635 pedibuS‚
1799 565 1964 635 quod

344 642 466 696 fieri
494 641 689 712 nequit
711 669 788 680 -
810 637 1074 694 differunt
1103 639 1252 692 enim
1288 656 1319 693 a
1353 638 1742 693 calceamentis
1777 639 1967 709 pedae

344 716 697 771 induentium
726 744 830 778 -‚
880 712 981 768 sed
1008 720 1073 766 ut
1096 719 1347 784 putatur,
1396 714 1560 767 etiam
1589 712 1680 766 his
1709 712 1964 785 aliisque

344 791 603 864 plurimis
622 797 861 844 mentem
881 795 1102 843 revocat
1121 786 1192 842 ad
1211 786 1660 858 contemplandas
1669 788 1962 843 naturales

342 864 521 920 ideas.
604 862 745 930 Quia
784 863 1084 918 inanimata
1121 872 1251 917 sunt
1277 861 1670 927 calceamenta,
1719 863 1956 918 animati

344 949 527 996 autem
574 938 745 1011 pedes
762 980 775 1002 ‚
842 939 989 992 sicut
1034 944 1091 990 et
1135 936 1392 1009 singulae
1441 945 1626 1008 partes
1677 937 1951 1009 corporis.

344 1013 429 1070 Sit
454 1016 669 1087 itaque,
712 1014 815 1077 ait,
866 1029 976 1068 non
1003 1011 1368 1066 inanimatum
1396 1019 1616 1084 tegmen
1645 1013 1796 1075 eius,
1850 1012 1952 1082 qui

344 1089 527 1144 anima
546 1086 831 1161 praeditus
852 1093 961 1150 est,
992 1084 1092 1141 sed
1113 1101 1184 1140 ex
1203 1085 1436 1140 adverso
1449 1126 1462 1151 ‚
1503 1086 1806 1140 inanimato
1829 1087 1952 1141 ani-

342 1173 551 1228 matus,
594 1179 665 1218 ne
692 1161 889 1217 melior
918 1179 949 1216 a
974 1159 1190 1233 peiore,
1233 1159 1331 1214 sed
1361 1160 1518 1231 peior
1547 1177 1578 1214 a
1605 1161 1836 1215 meliore
1871 1157 1944 1234 [³¹²]

344 1239 611 1310 capiatur.
682 1235 975 1308 Siquidem
994 1235 1278 1290 dominam
1297 1235 1510 1306 corpori
1531 1235 1774 1292 animam
1793 1252 1950 1290 crea·-

340 1321 427 1372 tor
445 1311 602 1374 fecit,
646 1327 847 1381 corpus
864 1319 1047 1367 autem
1071 1308 1286 1365 animae
1306 1308 1598 1366 famulum.

456 1465 575 1530 „Et
610 1467 659 1515 in
694 1466 953 1516 omnibus“
992 1468 1063 1517 ait
1098 1468 1241 1532 „diis
1271 1468 1611 1535 Aeyyptiorum
1633 1467 1828 1534 saciant

624 1533 880 1583 vindictam
918 1551 1008 1599 eqo
1054 1535 1344 1586 dontinus&
1419 1542 1523 1600 (12,
1553 1535 1658 1596 12.)

455 1638 542 1693 20.
583 1635 657 1690 De
686 1636 902 1692 cunctis
928 1637 1370 1694 inconstantibus
1387 1636 1770 1708 improbisque
1789 1635 1946 1709 (haec
2083 1655 2085 1737 l

345 1709 711 1784 accipienda):
762 1712 1023 1784 quoniam
1054 1729 1234 1785 usque
1263 1711 1334 1766 ad
1361 1721 1570 1769 certum
1606 1720 1944 1767 momentum

342 1786 490 1843 valet
508 1786 770 1858 superbia
790 1787 1062 1844 idolorum
1085 1788 1210 1842 ficto
1229 1788 1454 1842 nomine
1463 1787 1774 1843 divinitatis
1785 1803 1944 1858 prae-

344 1861 611 1931 ditorum;
674 1864 819 1918 sicut
846 1863 1153 1918 secundum
1180 1879 1271 1926 ea,
1314 1879 1459 1934 quae
1481 1879 1584 1935 per
1609 1862 1830 1918 oracula
1855 1879 1941 1916 re-

342 1953 608 2007 sponsum
638 1935 857 1993 edentia
886 1946 1258 2011 assequuntur
1285 1937 1530 2009 aliquam
1573 1937 1938 2010 cognitionem

341 2011 531 2066 verbis
550 2014 893 2084 persuasivis
912 2031 975 2068 ac
992 2012 1300 2078 similibuS,
1321 2014 1680 2084 caeterisque,
1707 2027 1936 2083 quorum

341 2084 463 2141 fons
484 2096 568 2141 est
586 2103 747 2141 casus
767 2088 857 2142 vel
878 2088 1262 2143 convenientia
1277 2129 1289 2152 ‚
1333 2098 1529 2143 cuncta
1555 2103 1686 2142 sane
1713 2087 1783 2142 ad
1803 2095 1936 2141 tem-

338 2177 475 2233 pus,
518 2178 661 2232 quae
689 2171 941 2217 sanctum
973 2162 1160 2218 lumen
1191 2162 1440 2218 veritatis
1471 2177 1758 2234 nunquam
1782 2161 1934 2216 vide·-

340 2243 469 2289 runt
483 2276 496 2295 .
539 2252 651 2306 quo
670 2236 787 2291 solo
806 2236 1055 2292 conditor
1074 2238 1462 2293 universorum
1487 2253 1709 2308 quoque
1731 2237 1790 2291 in
1809 2252 1934 2290 con-—

338 2310 539 2364 stantia
575 2327 803 2364 servans
840 2327 929 2364 res
968 2327 999 2365 a
1035 2329 1096 2366 se
1133 2320 1371 2377 creataS‚
1422 2314 1634 2384 quique
1671 2312 1821 2366 solus
1855 2320 1933 2366 est

340 2383 625 2447 dominus,
670 2384 1065 2455 comprehendi
1093 2387 1252 2443 solet.
1331 2387 1504 2442 Cuius
1531 2385 1762 2458 quidem
1791 2402 1932 2441 com-

338 2455 635 2527 prehensio
662 2460 848 2513 statim
875 2459 1134 2515 dissolvit
1169 2462 1568 2516 inconstantem
1602 2459 1929 2534 improbam-

337 2545 448 2598 que
476 2531 792 2600 opinionem
823 2532 1122 2587 humanam
1151 2544 1316 2606 atque
1339 2537 1456 2591 vim
1473 2577 1486 2601 ,
1528 2551 1638 2607 qua
1659 2544 1929 2607 tamquam

338 2603 599 2684 procellis
628 2607 819 2675 agitati
848 2615 1004 2670 sunt,
1056 2607 1129 2661 ob
1157 2611 1535 2681 impotentiam
1563 2611 1645 2664 eis
1672 2611 1926 2666 innatam.

340 2673 497 2727 Sicut
524 2675 711 2746 itaque
742 2681 911 2736 verba
930 2689 1062 2736 sunt
1079 2683 1500 2739 simulacrorum
1514 2725 1526 2748 ‚
1569 2685 1646 2739 ita
1665 2693 1720 2741 et
1737 2701 1930 2742 secun—
