2125 3084
142 180 471 249 [nasama]
508 186 591 233 m
631 188 963 235 GENEsm
1022 192 1276 239 annno
1313 194 1400 242 lv.
1647 191 1732 242 m

142 289 255 345 ideo
272 297 329 344 et
344 288 614 361 cogitatio
634 288 954 344 naturaliter
979 292 1222 362 appellat
1248 294 1372 355 „Ex
1392 303 1547 361 patre
1571 304 1741 349 meo“.·

146 382 255 419 nam
284 382 361 419 ex
388 364 512 417 solo
541 363 829 418 intellectu
860 367 1166 437 acquiritur
1191 366 1333 420 mihi
1354 370 1592 439 cogitare
1612 370 1741 424 iun-

146 442 258 494 ctim
280 454 419 493 cum
438 439 857 510 imaginatione.
893 438 967 513 [*]
997 439 1282 494 Admissio
1304 458 1434 495 vero
1453 443 1584 513 quia
1613 446 1742 499 nul-

146 514 187 569 la
208 523 289 569 est
304 555 317 578 ,
361 512 479 567 nisi
500 512 765 567 concedat
784 515 1197 587 imaginationi,
1241 514 1539 570 concedere
1560 528 1740 573 autem

144 598 185 643 et
208 606 317 644 non
348 586 653 642 abhorrere
680 596 987 644 maternum
1016 598 1100 644 est
1129 607 1193 645 ac
1219 591 1398 661 magis
1419 589 1736 653 femineum,

138 672 421 736 propterea
440 671 729 734 nuncupat
748 672 939 718 natum
964 669 1210 728 Ammon,
1249 666 1334 719 uti
1362 681 1474 719 non
1503 667 1744 737 amplius

138 758 198 793 ex
214 746 394 811 patre,
420 736 522 791 sed
543 754 612 791 ex
623 740 845 805 populo:
882 756 1009 793 nam
1030 739 1314 793 concessio
1335 740 1738 812 imaginationi,

132 831 271 886 quae
290 815 420 885 ipsa
440 811 709 867 admissio
728 820 829 877 est,
853 814 1260 885 appropinquat
1279 815 1440 885 quasi
1461 823 1516 869 et
1537 815 1742 871 adhae-

128 899 208 945 ret
236 888 505 943 sensibus
535 894 589 941 et
616 887 677 941 in
703 904 871 942 sensu
892 886 961 962 (s,
980 905 1085 960 per
1103 888 1348 962 sensum)
1368 892 1740 963 generationi-

125 964 232 1019 bus
253 980 319 1019 ac
337 961 761 1019 mutationibuS.

134 1071 267 1129 Quid
300 1081 373 1121 est
409 1107 445 1134 „
459 1070 717 1136 Profectus
749 1070 859 1120 inde
892 1069 1146 1121 Abraham
1186 1072 1236 1121 in
1272 1082 1446 1123 terram
1485 1074 1738 1125 casualem

264 1139 505 1189 habitavit
546 1140 671 1188 inter
721 1137 879 1187 Gades
926 1147 973 1188 et
1018 1137 1144 1202 Sur,
1217 1150 1262 1189 et
1305 1141 1556 1206 peregrini
1600 1142 1736 1190 modo

266 1206 501 1255 habitavit
546 1206 597 1255 in
647 1202 847 1255 Gerar-22³
900 1207 961 1270 (s.
1016 1206 1066 1255 in
1119 1204 1310 1256 Gerara
1362 1226 1402 1257 s·
1449 1206 1654 1273 Get-era)
1671 1212 1738 1256 “ff

265 1273 419 1339 (Gen.
444 1280 529 1333 20,
555 1275 627 1337 1.)

238 1362 329 1415 59.
378 1358 686 1429 Propositio
715 1356 1109 1413 habitationem
1145 1366 1199 1414 et
1230 1360 1731 1433 peregrinationem

128 1435 376 1490 continet
404 1433 462 1487 in
491 1450 552 1487 sa
579 1432 689 1487 viri
726 1434 1006 1505 generosi:
1059 1433 1455 1490 habitationem
1489 1434 1729 1490 mediani

124 1511 267 1565 inter
288 1507 467 1564 Gades
488 1516 541 1562 et
561 1506 687 1571 Sur,
716 1508 1214 1581 peregrinationem
1235 1528 1365 1566 vero
1386 1510 1560 1575 illam,
1585 1527 1728 1582 quae

125 1585 181 1638 in
200 1583 449 1640 Ger-aris·
528 1582 963 1638 Connaturaliter
987 1582 1164 1639 voluit
1186 1584 1313 1639 illas
1328 1626 1341 1650 ‚
1384 1603 1528 1656 quae
1548 1586 1608 1639 in
1630 1601 1730 1639 no-

121 1658 381 1714 minibus
408 1664 566 1722 sunt,
616 1657 849 1712 virtutes
876 1656 1210 1729 patefacere:
1267 1660 1533 1731 quoniam
1567 1660 1730 1713 Gades

123 1735 518 1806 interpretatur
541 1740 843 1797 sanctus,
879 1741 932 1787 et
952 1733 1060 1788 Sur
1078 1750 1327 1787 murus.
1411 1735 1472 1787 In
1500 1734 1730 1787 istorum

123 1807 363 1863 duorum
391 1806 627 1863 termino
660 1806 814 1879 regio
850 1814 933 1861 est
966 1807 1189 1861 consilii
1227 1806 1586 1877 diligentium
1613 1806 1726 1869 dei,

122 1885 179 1937 in
216 1898 332 1953 qua
362 1881 615 1935 habitant
644 1882 837 1936 armati
864 1882 1181 1951 munitique
1218 1880 1424 1934 virtute
1451 1888 1732 1949 tamquam

120 1974 281 2012 muro
300 1959 587 2011 inaccesso
606 1963 661 2010 et
678 1955 1018 2011 indestructo
1033 1996 1045 2018 ‚
1091 1962 1256 2025 atque
1286 1952 1506 2025 legibus
1525 1955 1730 2007 sanctis

119 2033 349 2095 nutriti,
398 2048 463 2085 ac
501 2029 783 2085 laetificati
821 2030 973 2085 omni
1001 2030 1150 2085 vitae
1179 2028 1272 2083 die
1307 2028 1455 2101 apud
1487 2038 1729 2101 patrem-

120 2105 383 2170 familias,
396 2106 732 2177 sapientiam
768 2105 969 2177 irrigui
999 2121 1070 2159 ex
1099 2103 1344 2159 fontibus
1363 2104 1722 2176 perennibus,

119 2197 261 2250 quos
306 2182 368 2235 in
412 2196 590 2235 unum
628 2179 853 2235 reduxit
890 2178 1136 2253 locum*)
1173 2178 1406 2235 verbum
1445 2180 1722 2236 divinum.

118 2254 588 2328 peregrinationis
633 2262 818 2309 autem
868 2253 1033 2309 modo
1085 2253 1336 2309 habitant
1387 2256 1448 2310 in
1497 2256 1722 2316 Geram,

118 2346 260 2400 quae
287 2338 375 2386 est
398 2330 555 2401 regio
579 2328 1057 2399 contemplationis
1082 2329 1438 2403 diligentium
1459 2328 1574 2383 dei.

186 2450 263 2514 [Ἴ
307 2448 405 2499 Οιιν
428 2450 594 2499 iterum
623 2449 683 2498 de
710 2466 856 2498 uxore
885 2467 976 2499 sua
1003 2450 1118 2499 dicit
1141 2450 1421 2499 Abraham.-
1457 2484 1492 2510 ‚‚
1508 2446 1662 2495 Soror

652 2532 759 2565 mea
796 2520 943 2566 esW?
990 2522 1097 2581 (20,
1120 2518 1194 2582 2.)

224 2604 315 2655 60.
360 2600 597 2672 Semper
625 2608 679 2655 et
706 2600 917 2671 ubique
947 2601 1103 2656 velut
1128 2599 1426 2655 consilium
1449 2594 1728 2667 quoddam

214 2733 261 2783 ὓ)
280 2745 320 2775 s.
340 2744 447 2784 quoa
462 2742 571 2774 m
591 2735 703 2774 loen
720 2735 767 2775 ἁι
782 2742 828 2774 u
844 2734 967 2785 capit,
988 2735 1066 2773 hoc
1082 2736 1144 2773 eat
1159 2731 1328 2771 verbum
1346 2731 1541 2770 dimum.
1568 2730 1728 2769 Auen.
