2125 3084
366 191 432 247 2⁰
804 195 1174 242 ruamus
1219 193 1494 239 mlum
1799 187 1870 254 [1,
1893 191 1990 256 11.]

362 313 547 372 posse.
624 295 809 364 Quum
840 305 1023 352 tamen
1056 294 1243 350 omnia
1279 291 1530 350 eiusdem
1563 293 1684 349 sint
1717 305 1984 362 naturae,

364 375 477 428 iam
506 372 669 428 facile
694 381 875 428 creata
908 387 1136 443 corpora
1169 369 1418 424 debitam
1453 369 1566 424 sibi
1603 372 1988 430 variationem

365 448 733 520 corruptionis
760 455 1049 502 assumunt
1062 487 1076 509 ‚
1117 444 1341 516 quando
1373 443 1472 499 ille
1503 445 1606 516 qui
1640 462 1712 501 ea
1741 451 1982 515 creavit,

362 521 503 580 velit
520 523 940 579 dissolutionem
956 522 1100 593 ipsis
1119 519 1330 575 afferre.

473 647 561 700 20.
610 643 773 696 Porro
812 641 883 696 de
923 638 1119 696 mundi
1157 637 1519 693 dissolutione
1557 636 1748 709 deque
1780 642 1980 696 condi-

364 721 515 773 tione
562 725 932 772 creaturarum
978 716 1070 770 vel
1117 715 1238 786 ipse
1283 711 1431 784 apud
1467 712 1710 769 Graecos
1751 718 1980 788 sapiens

365 794 518 848 Plato
548 794 625 848 ita
652 791 791 846 dicit
818 794 877 847 in
907 787 1219 862 Timaeo*):
1285 789 1578 859 „Tempus
1617 806 1815 846 nonne
1855 809 1977 847 cum

367 869 519 924 caelo
540 866 747 924 factum
764 866 883 923 est?
927 867 1117 938 Itaque
1134 864 1300 920 simul
1326 872 1447 918 nata
1470 864 1638 919 simul
1661 865 1844 921 etiam
1865 867 1977 922 dis-

366 944 676 1008 solvantur,
718 943 770 997 si
795 959 1059 1015 umquam
1088 949 1143 997 et
1173 941 1421 1012 ipsorum
1451 937 1750 995 dissolutio
1793 943 1975 1014 aliqua

366 1019 671 1074 advenerit.
690 1025 727 1048 ‘⁸

474 1131 562 1184 2⁴.
612 1126 791 1200 Atque
819 1125 917 1181 ille
943 1125 1112 1197 paulo
1141 1121 1364 1196 ante**)
1393 1116 1550 1177 suam
1587 1121 1660 1176 de
1697 1128 1973 1180 creatione

366 1201 601 1274 (mundi)
624 1203 951 1257 sententiam
969 1197 1240 1254 indicavit
1253 1239 1266 1264 ‚
1288 1197 1583 1270 inquiens:
1638 1237 1650 1260 ‚
1663 1238 1676 1261 ,
1687 1196 1976 1264 Quaeren-

365 1276 498 1331 dum
518 1277 707 1349 itaque
725 1277 971 1349 primum
989 1275 1059 1330 de
1081 1291 1144 1330 eo
1164 1281 1274 1338 est,
1313 1271 1463 1346 quod
1487 1272 1547 1328 in
1569 1274 1847 1330 omnibus
1865 1276 1976 1350 pri-
2070 1309 2071 1344 2

362 1367 516 1406 mum
554 1350 740 1424 (vitae)
780 1349 1128 1407 considerare
1166 1357 1404 1421 oportet:
1475 1357 1666 1404 utrum
1705 1350 1974 1406 nimirum
2070 1363 2071 1400 2

362 1424 647 1555 (mundus3
686 1442 904 1498 semper
940 1425 1134 1490 fuerit,
1177 1425 1516 1498 principium
1546 1425 1856 1482 creationis
1885 1428 1978 1482 ha-
2070 1435 2071 1488 ἰ

361 1499 502 1556 bens
522 1501 618 1556 nul
645 1518 741 1556 um
756 1543 769 1566 ‚
802 1518 871 1555 an
891 1500 1067 1555 factus
1087 1501 1188 1566 sit,
1218 1517 1249 1554 a
1269 1499 1544 1574 principio
1561 1499 1819 1572 quodam
1839 1505 1979 1558 inci-
2070 1567 2071 1570 Ἴ

362 1573 563 1650 piens‘?
606 1577 805 1632 Factus
825 1575 955 1644 fuit3
1005 1577 1270 1647 quoniam
1289 1575 1540 1632 visibilis
1558 1583 1644 1630 est
1661 1583 1842 1649 atque
1859 1588 1979 1634 tan-

362 1651 558 1726 gibilis
588 1659 641 1708 et
669 1651 881 1707 habens
911 1667 1132 1724 corpuS.
1211 1649 1408 1706 Omnia
1439 1658 1622 1706 autem
1639 1649 1977 1710 huiusmodi

362 1725 655 1784 sensibilia
685 1727 878 1858 (sumgz
948 1725 1240 1782 sensibilia
1267 1743 1426 1790 vero,
1469 1742 1613 1798 quae
1642 1739 1751 1798 per
1777 1745 1974 1786 sensus

362 1803 775 1877 percipiuntur,
846 1811 963 1858 acta
991 1811 1045 1859 et
1075 1801 1340 1874 producta
1367 1801 1540 1856 fuisse
1563 1797 1638 1890 [⁴¹¹]
1663 1811 1970 1876 apparet.“

364 1879 452 1951 (Et
473 1878 790 1954 deinde)-1-):
838 1920 875 1945 ,‚
890 1878 1070 1952 Atque
1091 1875 1376 1932 sensibilis
1393 1876 1592 1932 mundi
1613 1881 1971 1944 creationem,

366 1955 672 2028 (sensibile)
701 1963 1084 2028 argumentum
1118 1951 1186 2007 ad
1225 1952 1498 2008 mundum
1537 1951 1977 2012 intellectualem

366 2047 487 2085 esse
512 2030 793 2086 dixerunt.
810 2037 846 2061 “
926 2032 1114 2101 Itaque
1143 2028 1280 2083 dicit
1291 2027 1415 2102 -Η-)τ
1480 2025 1721 2095 „Quum
1741 2029 1890 2088 haec
1909 2035 1978 2086 ita

364 2106 504 2169 sint,
544 2105 767 2162 omnino
796 2123 1021 2160 necesse
1052 2112 1135 2160 est
1161 2102 1432 2159 mundum
1459 2103 1629 2159 istum
1666 2105 1979 2181 imaginem
2070 2101 2071 2112 ¹

367 2181 603 2236 alicuius
630 2197 775 2236 esse.
793 2187 829 2211 ‘⁴
911 2180 1092 2235 Simul
1122 2187 1177 2235 et
1204 2180 1462 2234 creatoris
1492 2179 1664 2234 istum
1693 2181 1982 2238 indicium

366 2272 567 2311 vocans
603 2265 661 2311 et
694 2254 989 2312 ostendens
1024 2254 1348 2311 sensibilem
1386 2255 1557 2312 istum
1583 2255 1876 2314 mundum
1902 2257 1986 2312 fa-

468 2395 511 2442 ¹⁸)
544 2397 711 2435 Platon.
730 2397 839 2436 Tim.
858 2395 937 2436 111.
956 2407 999 2444 p.
1026 2397 1077 2435 88
1101 2395 1204 2436 edit.
1231 2395 1401 2444 Steph.=
1447 2392 1606 2486 ,κεῖνος
1632 2392 1675 2436 δ’
1699 2391 1782 2438 οὖν
1809 2401 1991 2450 (Noster

366 2444 536 2499 legebat
570 2440 645 2484 οὐκ
676 2445 748 2505 yel
782 2437 892 2508 οὗέὶ)
922 2441 1019 2495 μετ’
1050 2440 1228 2508 egilem-'t'
1255 2447 1437 2511 refuga,
1459 2495 1469 2506 Ι
1583 2444 1677 2496 ἅμα
1709 2451 1994 2503 γεννηθέντες

365 2505 454 2538 αμα
482 2495 557 2534 καὶ
580 2494 790 2539 λυθωσιν,
822 2507 875 2534 αν
902 2509 1005 2534 note
1031 2493 1145 2543 λυσις
1174 2511 1236 2554 τις
1263 2509 1400 2536 αυτων
1423 2510 1602 2546 γενηται.
1651 2499 1830 2544 Auoh.

467 2560 534 2606 ΙΜ.)
560 2561 671 2602 Ibid.
698 2573 739 2610 p.
767 2564 839 2602 28:
882 2561 1085 2602 samios
1103 2557 1180 2602 offa·
1198 2562 1284 2602 κτλ.

368 2625 523 2717 σθητΐές
542 2625 914 2722 Ῑῧξᾱλίαιιοοὲὓοςο
930 2641 976 2678 p.
1002 2631 1075 2669 922
1127 2629 1150 2668 ὃ
1181 2628 1335 2680 κόσμος
1357 2657 1367 2668 .
1387 2657 1398 2668 .
1418 2657 1428 2668 .
1453 2628 1574 2670 εἰπὸν
1607 2631 1688 2671 τοῦ
1716 2637 1885 2686 νοητοῦ
1915 2639 1998 2677 αῖ.

467 2737 527 2781 ti)
552 2738 663 2779 lbid.
688 2751 731 2791 p.
758 2745 829 2783 28:
881 2742 1045 2784 πίπτων
1071 2744 1114 2784 δὲ
1133 2743 1404 2798 ὑπαρχόντων
1427 2742 1483 2788 αὖ
1504 2746 1594 2788 κτλ.
1642 2749 1822 2796 Auen.
