2125 3084
326 156 557 225 [11,175.J
686 161 767 206 m
808 160 1158 205 GENEsm.
1195 160 1452 205 annuo
1495 160 1584 215 m.
1903 154 1936 206 7

327 262 391 318 fit
410 264 659 332 impetus
680 267 973 330 motusque
994 259 1228 315 animae.
1307 260 1419 315 Hoc
1447 267 1629 317 autem
1657 261 1938 333 imprimis

324 338 587 409 sequitur
607 333 834 390 inflexio
854 334 945 388 vel
968 334 1253 397 alienatio,
1295 335 1578 391 nonnullis
1605 336 1750 392 dicta
1777 354 1939 392 occa-

324 413 414 467 sio
426 411 511 485 *),
556 409 617 465 id
646 417 729 465 est
755 410 997 480 impetus
1025 410 1208 463 omnis
1227 410 1473 480 generis:
1523 413 1786 482 quoniam
1806 428 1938 466 vero

324 486 539 541 femina
578 494 663 540 est
700 500 927 548 sensuS,
977 490 1041 538 ut
1076 484 1294 556 patiens
1332 500 1403 537 ex
1435 486 1716 551 sensibili,
1772 486 1938 540 femi-

325 562 529 616 ninum
560 558 765 614 animal
796 558 1074 629 coaptavit
1106 559 1158 612 ei
1189 574 1431 629 capram.
1510 559 1690 615 Verbo
1715 559 1830 632 (aut
1847 578 1937 615 ra—

323 635 488 708 tioni)
509 652 642 690 vero
663 640 929 706 cognatus
950 633 1093 687 aries
1115 640 1223 687 est:
1265 632 1512 703 primum
1532 634 1665 705 quia
1684 652 1802 689 mas
1823 644 1930 701 est;

324 709 577 765 secundo
596 710 729 780 quia
748 709 1035 779 operarius
1056 715 1165 775 est3
1221 715 1274 760 et
1295 708 1454 763 tertio
1468 750 1480 772 ,
1515 709 1650 779 quia
1669 709 1864 763 mundi
1885 717 1939 764 et

326 784 664 839 firmamenti
693 790 777 838 est
806 800 999 837 causa:
1049 790 1213 854 puta,
1245 782 1386 836 aries
1404 800 1505 855 per
1523 784 1933 848 vestimentum,

326 860 469 914 ratio
495 858 564 931 (S.
582 856 849 931 ‘vm-bum)
882 866 1065 911 autem
1094 857 1153 911 in
1183 855 1374 911 ordine
1400 859 1568 914 vitae.
1649 858 1936 932 Quidquid

269 967 283 973 -
328 936 481 990 enim
520 951 629 987 non
671 941 754 988 est
791 932 1169 987 inordinatum
1210 939 1371 1003 atque
1401 933 1732 999 absurdum,
1781 934 1935 989 illico

329 1010 599 1064 rationem
618 1026 748 1079 prae
770 1026 831 1062 se
854 1006 979 1061 fert.
1057 1006 1301 1060 Rationis
1324 1025 1452 1063 vero
1473 1009 1685 1081 duplex
1704 1017 1786 1063 est
1805 1026 1937 1081 spe-

334 1085 479 1138 cies:
523 1100 627 1137 una
647 1101 717 1138 ex
736 1090 937 1138 natura
951 1123 964 1145 ,
996 1098 1106 1152 qua
1127 1098 1214 1134 res
1234 1082 1624 1152 persolvuntur
1649 1083 1936 1139 sensibilis

326 1157 555 1226 mundi3
604 1158 773 1213 altera
796 1166 980 1212 autem
1004 1173 1190 1211 earum
1206 1197 1218 1219 ,
1253 1172 1395 1227 quae
1418 1157 1788 1229 incorporales
1809 1174 1936 1230 spe-

326 1235 445 1289 cies
466 1233 817 1305 appellantur
833 1273 847 1297 ,
870 1231 1079 1305 quibus
1099 1248 1231 1285 sane
1251 1232 1646 1301 persolvuntur
1665 1250 1752 1287 res
1773 1250 1938 1287 mun-

325 1309 389 1363 di
414 1308 823 1381 intelligibilis:
878 1306 968 1361 his
1000 1322 1128 1379 ergo
1159 1306 1372 1361 similes
1402 1307 1816 1379 comperiuntur
1843 1324 1937 1363 co·

325 1382 524 1439 lumba
554 1392 605 1438 et
630 1391 835 1437 turtur.
918 1380 1183 1435 Columba
1210 1381 1474 1437 nimirum
1494 1382 1757 1455 physicae
1779 1382 1938 1437 theo-

324 1458 472 1523 riae,
514 1458 631 1513 avis
660 1465 743 1513 est
783 1455 937 1511 enim
976 1456 1155 1527 magis
1195 1454 1513 1521 familiariS‚
1555 1465 1617 1512 ut
1644 1457 1936 1513 sensibilia

324 1533 499 1587 nimis
520 1531 819 1587 familiaria
841 1529 993 1585 visui
1014 1538 1170 1584 sunt:
1203 1538 1256 1584 et
1274 1529 1592 1606 physiologi
1611 1533 1795 1587 anima
1811 1549 1938 1586 sur-

328 1624 459 1662 sum
479 1607 623 1663 volat
641 1616 930 1679 tamquam
953 1604 1056 1659 alis
1079 1613 1280 1659 armata
1295 1646 1308 1671 ,
1333 1614 1496 1677 atque
1517 1608 1775 1679 superius
1797 1607 1938 1661 elata

325 1682 711 1738 circumfertur
752 1682 905 1736 circa
945 1679 1186 1744 caelum,
1231 1697 1462 1735 cernens
1503 1689 1826 1736 cunctorum
1861 1677 1934 1754 [Ἴ

326 1764 508 1830 partes
527 1757 997 1831 singulorumque
1026 1756 1284 1809 rationes.
1365 1758 1566 1810 Turtur
1596 1764 1778 1811 autem
1807 1754 1940 1809 imi-

325 1840 470 1887 tatur
493 1830 930 1905 'intelligibilem
970 1836 1023 1884 et
1060 1830 1440 1900 incorpoream
1479 1832 1748 1899 speciem3
1811 1844 1940 1881 nam

327 1908 801 1979 quemadmodum
840 1903 994 1959 istud
1031 1902 1236 1957 animal
1267 1901 1587 1957 solitudinis
1618 1910 1700 1956 est
1728 1901 1941 1957 studio-

328 1998 475 2046 sum,
518 1984 600 2037 sic
630 1980 866 2036 excellit
893 1979 1165 2035 violentas
1193 1995 1392 2032 sensus
1418 1977 1660 2049 specieS,
1705 1993 1832 2032 cum
1853 1978 1942 2031 in-

329 2056 540 2111 visibili
558 2058 767 2112 uniens
789 2070 851 2109 se
870 2071 973 2126 per
994 2054 1310 2109 essentiam.

338 2228 494 2287 Quare
512 2234 659 2284 dicit.-
697 2230 955 2296 „Accepit
972 2239 1125 2281 autem
1144 2227 1276 2295 ei”)
1297 2230 1416 2279 haec
1435 2228 1593 2279 onmia
1606 2231 1670 2278 “f
1698 2228 1806 2293 (15,
1835 2228 1939 2287 10.)

442 2346 491 2399 4.
549 2344 781 2416 Optime
822 2342 1023 2397 adiecit
1061 2343 1228 2397 etiam
1258 2341 1430 2398 illud:
1482 2344 1692 2408 Accepit
1719 2345 1796 2407 ei‚·
1851 2338 1944 2391 dei

339 2417 480 2472 enim
520 2417 940 2473 amantissimae
969 2418 1184 2473 animae
1213 2425 1322 2483 est,
1365 2414 1646 2488 quidquid
1673 2412 1946 2482 acceperit

438 2589 482 2638 ⁸)
514 2585 705 2644 ἇφορμῆ,
740 2593 915 2639 impetus
952 2592 996 2629 et
1028 2590 1208 2629 occasio.
1259 2587 1422 2627 Auch.

439 2655 509 2704 n)
542 2658 705 2698 Graece
751 2650 887 2710 αὐτῷ,
932 2658 992 2703 εἰς
1055 2656 1152 2695 alus
1189 2654 1285 2693 sibi.
1353 2650 1516 2691 Verum
1547 2648 1602 2687 ad
1638 2648 1764 2687 deum
1801 2646 1951 2687 referri

340 2706 433 2748 vult
465 2707 602 2749 Philo.
666 2707 834 2748 Aneh.
1455 2726 1463 2733 ν
