<?xml version="1.0" encoding="UTF-8"?>
<!DOCTYPE html PUBLIC "-//W3C//DTD XHTML 1.0 Transitional//EN"
    "http://www.w3.org/TR/xhtml1/DTD/xhtml1-transitional.dtd">
<html xmlns="http://www.w3.org/1999/xhtml" xml:lang="en" lang="en">
 <head>
  <title>
</title>
<meta http-equiv="Content-Type" content="text/html;charset=utf-8" />
  <meta name='ocr-system' content='tesseract 3.04.00' />
  <meta name='ocr-capabilities' content='ocr_page ocr_carea ocr_par ocr_line ocrx_word'/>
</head>
<body>
  <div class='ocr_page' id='page_1' title='image "./philonisiudaeio00alejgoog_0135.png"; bbox 0 0 2125 3084; ppageno 0'>
   <div class='ocr_carea' id='block_1_1' title="bbox 304 176 1910 246">
    <p class='ocr_par' dir='ltr' id='par_1_1' title="bbox 304 176 1910 246">
     <span class='ocr_line' id='line_1_1' title="bbox 304 176 1910 246; baseline 0.001 -17"><span class='ocrx_word' id='word_1_1' title='bbox 304 179 397 229; x_wconf 76' lang='grc' dir='ltr'><strong>ΗΒ</strong></span> <span class='ocrx_word' id='word_1_2' title='bbox 454 182 650 227; x_wconf 88' lang='lat' dir='ltr'><strong>PHIL.</strong></span> <span class='ocrx_word' id='word_1_3' title='bbox 689 180 837 227; x_wconf 77' lang='lat'>1151).</span> <span class='ocrx_word' id='word_1_4' title='bbox 876 180 1206 237; x_wconf 75' lang='lat' dir='ltr'><strong>QUAEST.</strong></span> <span class='ocrx_word' id='word_1_5' title='bbox 1245 182 1344 227; x_wconf 89' lang='grc' dir='ltr'><strong>ΕΤ</strong></span> <span class='ocrx_word' id='word_1_6' title='bbox 1383 182 1540 226; x_wconf 84' lang='lat' dir='ltr'><strong>SOL.</strong></span> <span class='ocrx_word' id='word_1_7' title='bbox 1581 176 1910 246; x_wconf 76' lang='lat'><strong>[11,301.302.]</strong></span> 
     </span>
    </p>
   </div>
   <div class='ocr_carea' id='block_1_2' title="bbox 295 279 1910 801">
    <p class='ocr_par' dir='ltr' id='par_1_2' title="bbox 295 279 1910 801">
     <span class='ocr_line' id='line_1_2' title="bbox 295 279 1910 354; baseline 0.001 -18"><span class='ocrx_word' id='word_1_8' title='bbox 295 281 727 353; x_wconf 80' lang='lat' dir='ltr'><strong>pulcherrimam</strong></span> <span class='ocrx_word' id='word_1_9' title='bbox 746 298 847 353; x_wconf 91' lang='lat' dir='ltr'><strong>pro</strong></span> <span class='ocrx_word' id='word_1_10' title='bbox 868 279 1153 335; x_wconf 90' lang='lat' dir='ltr'><strong>iudicibus</strong></span> <span class='ocrx_word' id='word_1_11' title='bbox 1175 288 1228 335; x_wconf 91' lang='lat' dir='ltr'><strong>et</strong></span> <span class='ocrx_word' id='word_1_12' title='bbox 1248 280 1593 336; x_wconf 86' lang='lat' dir='ltr'><strong>iudicandis:</strong></span> <span class='ocrx_word' id='word_1_13' title='bbox 1633 299 1734 354; x_wconf 92' lang='lat' dir='ltr'><strong>pro</strong></span> <span class='ocrx_word' id='word_1_14' title='bbox 1751 284 1910 339; x_wconf 88' lang='lat' dir='ltr'><strong>iudi-</strong></span> 
     </span>
     <span class='ocr_line' id='line_1_3' title="bbox 298 354 1909 429; baseline 0.002 -19"><span class='ocrx_word' id='word_1_15' title='bbox 298 356 458 411; x_wconf 83' lang='lat' dir='ltr'><strong>cibus</strong></span> <span class='ocrx_word' id='word_1_16' title='bbox 475 398 487 420; x_wconf 86' lang='lat'>,</span> <span class='ocrx_word' id='word_1_17' title='bbox 527 373 597 410; x_wconf 87' lang='lat' dir='ltr'><strong>ne</strong></span> <span class='ocrx_word' id='word_1_18' title='bbox 615 355 974 427; x_wconf 84' lang='lat' dir='ltr'><strong>praeveniant</strong></span> <span class='ocrx_word' id='word_1_19' title='bbox 996 354 1318 410; x_wconf 78' lang='lat' dir='ltr'><strong>terrefacere</strong></span> <span class='ocrx_word' id='word_1_20' title='bbox 1339 364 1393 411; x_wconf 92' lang='lat' dir='ltr'><strong>et</strong></span> <span class='ocrx_word' id='word_1_21' title='bbox 1411 364 1536 411; x_wconf 85' lang='lat' dir='ltr'><strong>ante</strong></span> <span class='ocrx_word' id='word_1_22' title='bbox 1557 364 1775 428; x_wconf 88' lang='lat' dir='ltr'><strong>tempus</strong></span> <span class='ocrx_word' id='word_1_23' title='bbox 1797 375 1909 429; x_wconf 85' lang='lat' dir='ltr'><strong>pu—</strong></span> 
     </span>
     <span class='ocr_line' id='line_1_4' title="bbox 296 428 1907 507; baseline 0.002 -22"><span class='ocrx_word' id='word_1_24' title='bbox 296 432 418 485; x_wconf 93' lang='lat' dir='ltr'><strong>nire</strong></span> <span class='ocrx_word' id='word_1_25' title='bbox 442 428 515 507; x_wconf 71' lang='lat'><strong>[⁴¹²]</strong></span> <span class='ocrx_word' id='word_1_26' title='bbox 540 430 953 502; x_wconf 89' lang='lat' dir='ltr'><strong>delinquentes,</strong></span> <span class='ocrx_word' id='word_1_27' title='bbox 998 429 1098 484; x_wconf 87' lang='lat' dir='ltr'><strong>sed</strong></span> <span class='ocrx_word' id='word_1_28' title='bbox 1127 430 1290 484; x_wconf 91' lang='lat' dir='ltr'><strong>illum</strong></span> <span class='ocrx_word' id='word_1_29' title='bbox 1319 432 1419 501; x_wconf 91' lang='lat' dir='ltr'><strong>qui</strong></span> <span class='ocrx_word' id='word_1_30' title='bbox 1450 431 1658 484; x_wconf 88' lang='lat' dir='ltr'><strong>iniuria</strong></span> <span class='ocrx_word' id='word_1_31' title='bbox 1680 430 1907 489; x_wconf 87' lang='lat' dir='ltr'><strong>affectus</strong></span> 
     </span>
     <span class='ocr_line' id='line_1_5' title="bbox 296 504 1908 576; baseline 0.001 -17"><span class='ocrx_word' id='word_1_32' title='bbox 296 505 544 569; x_wconf 85' lang='lat' dir='ltr'><strong>videtur,</strong></span> <span class='ocrx_word' id='word_1_33' title='bbox 578 506 854 576; x_wconf 88' lang='lat' dir='ltr'><strong>imprimis</strong></span> <span class='ocrx_word' id='word_1_34' title='bbox 878 505 1098 575; x_wconf 87' lang='lat' dir='ltr'><strong>placare</strong></span> <span class='ocrx_word' id='word_1_35' title='bbox 1120 504 1401 572; x_wconf 82' lang='lat' dir='ltr'><strong>studeant3</strong></span> <span class='ocrx_word' id='word_1_36' title='bbox 1453 512 1508 559; x_wconf 87' lang='lat' dir='ltr'><strong>et</strong></span> <span class='ocrx_word' id='word_1_37' title='bbox 1525 522 1628 576; x_wconf 91' lang='lat' dir='ltr'><strong>pro</strong></span> <span class='ocrx_word' id='word_1_38' title='bbox 1649 506 1908 561; x_wconf 88' lang='lat' dir='ltr'><strong>iudican-</strong></span> 
     </span>
     <span class='ocr_line' id='line_1_6' title="bbox 299 578 1905 653; baseline 0.001 -19"><span class='ocrx_word' id='word_1_39' title='bbox 299 580 386 634; x_wconf 93' lang='lat' dir='ltr'><strong>dis</strong></span> <span class='ocrx_word' id='word_1_40' title='bbox 401 622 413 644; x_wconf 93' lang='lat'>‚</span> <span class='ocrx_word' id='word_1_41' title='bbox 439 588 500 635; x_wconf 95' lang='lat' dir='ltr'><strong>ut</strong></span> <span class='ocrx_word' id='word_1_42' title='bbox 518 597 618 651; x_wconf 93' lang='lat' dir='ltr'><strong>pro</strong></span> <span class='ocrx_word' id='word_1_43' title='bbox 638 580 755 634; x_wconf 93' lang='lat' dir='ltr'><strong>illis</strong></span> <span class='ocrx_word' id='word_1_44' title='bbox 774 596 966 650; x_wconf 87' lang='lat' dir='ltr'><strong>preces</strong></span> <span class='ocrx_word' id='word_1_45' title='bbox 989 578 1224 633; x_wconf 78' lang='lat' dir='ltr'><strong>fundant</strong></span> <span class='ocrx_word' id='word_1_46' title='bbox 1245 578 1471 651; x_wconf 89' lang='lat' dir='ltr'><strong>(iniuria</strong></span> <span class='ocrx_word' id='word_1_47' title='bbox 1491 580 1690 653; x_wconf 80' lang='lat' dir='ltr'><strong>affecti)</strong></span> <span class='ocrx_word' id='word_1_48' title='bbox 1706 622 1718 644; x_wconf 93' lang='lat'>‚</span> <span class='ocrx_word' id='word_1_49' title='bbox 1754 598 1821 635; x_wconf 91' lang='lat' dir='ltr'><strong>ne</strong></span> <span class='ocrx_word' id='word_1_50' title='bbox 1843 583 1905 636; x_wconf 86' lang='lat' dir='ltr'><strong>in</strong></span> 
     </span>
     <span class='ocr_line' id='line_1_7' title="bbox 296 652 1906 726; baseline 0.001 -17"><span class='ocrx_word' id='word_1_51' title='bbox 296 654 555 710; x_wconf 89' lang='lat' dir='ltr'><strong>omnibus</strong></span> <span class='ocrx_word' id='word_1_52' title='bbox 576 670 795 726; x_wconf 87' lang='lat' dir='ltr'><strong>semper</strong></span> <span class='ocrx_word' id='word_1_53' title='bbox 815 655 1086 709; x_wconf 86' lang='lat' dir='ltr'><strong>sententia</strong></span> <span class='ocrx_word' id='word_1_54' title='bbox 1107 652 1307 709; x_wconf 88' lang='lat' dir='ltr'><strong>iudicii</strong></span> <span class='ocrx_word' id='word_1_55' title='bbox 1333 655 1506 710; x_wconf 88' lang='lat' dir='ltr'><strong>irruat</strong></span> <span class='ocrx_word' id='word_1_56' title='bbox 1525 671 1695 726; x_wconf 87' lang='lat' dir='ltr'><strong>super</strong></span> <span class='ocrx_word' id='word_1_57' title='bbox 1719 654 1906 711; x_wconf 90' lang='lat' dir='ltr'><strong>delin-</strong></span> 
     </span>
     <span class='ocr_line' id='line_1_8' title="bbox 297 739 745 801; baseline -0.004 -16"><span class='ocrx_word' id='word_1_58' title='bbox 297 739 550 801; x_wconf 83' lang='lat' dir='ltr'><strong>quentes,</strong></span> <span class='ocrx_word' id='word_1_59' title='bbox 736 740 745 749; x_wconf 87' lang='lat'><strong>·</strong></span> 
     </span>
    </p>
   </div>
   <div class='ocr_carea' id='block_1_3' title="bbox 438 884 1770 1019">
    <p class='ocr_par' dir='ltr' id='par_1_3' title="bbox 438 884 1770 1019">
     <span class='ocr_line' id='line_1_9' title="bbox 438 884 1770 952; baseline 0.002 -17"><span class='ocrx_word' id='word_1_60' title='bbox 438 886 597 944; x_wconf 79' lang='lat' dir='ltr'><strong>Quare</strong></span> <span class='ocrx_word' id='word_1_61' title='bbox 632 887 759 935; x_wconf 78' lang='lat' dir='ltr'><strong>vitae</strong></span> <span class='ocrx_word' id='word_1_62' title='bbox 792 884 980 935; x_wconf 83' lang='lat' dir='ltr'><strong>Sarrae</strong></span> <span class='ocrx_word' id='word_1_63' title='bbox 1018 886 1137 936; x_wconf 76' lang='lat' dir='ltr'><strong>anni</strong></span> <span class='ocrx_word' id='word_1_64' title='bbox 1158 887 1347 951; x_wconf 71' lang='lat' dir='ltr'><strong>fierint</strong></span> <span class='ocrx_word' id='word_1_65' title='bbox 1384 896 1564 936; x_wconf 76' lang='lat' dir='ltr'><strong>centum</strong></span> <span class='ocrx_word' id='word_1_66' title='bbox 1599 887 1770 952; x_wconf 73' lang='lat' dir='ltr'><strong>viqinti</strong></span> 
     </span>
     <span class='ocr_line' id='line_1_10' title="bbox 854 955 1334 1019; baseline 0 -16"><span class='ocrx_word' id='word_1_67' title='bbox 854 958 1061 1019; x_wconf 77' lang='lat' dir='ltr'><strong>septem?</strong></span> <span class='ocrx_word' id='word_1_68' title='bbox 1108 955 1215 1018; x_wconf 78' lang='lat'>(23,</span> <span class='ocrx_word' id='word_1_69' title='bbox 1261 956 1334 1015; x_wconf 88' lang='lat'><strong>1.)</strong></span> 
     </span>
    </p>
   </div>
   <div class='ocr_carea' id='block_1_4' title="bbox 295 1055 1904 1428">
    <p class='ocr_par' dir='ltr' id='par_1_4' title="bbox 295 1055 1904 1428">
     <span class='ocr_line' id='line_1_11' title="bbox 406 1055 1904 1128; baseline 0 -17"><span class='ocrx_word' id='word_1_70' title='bbox 406 1058 492 1111; x_wconf 81' lang='grc' dir='ltr'><strong>Ἠ.</strong></span> <span class='ocrx_word' id='word_1_71' title='bbox 544 1056 717 1111; x_wconf 82' lang='lat' dir='ltr'><strong>Habet</strong></span> <span class='ocrx_word' id='word_1_72' title='bbox 744 1057 933 1126; x_wconf 89' lang='lat' dir='ltr'><strong>quivis</strong></span> <span class='ocrx_word' id='word_1_73' title='bbox 963 1073 1227 1111; x_wconf 87' lang='lat' dir='ltr'><strong>numerus</strong></span> <span class='ocrx_word' id='word_1_74' title='bbox 1265 1057 1544 1128; x_wconf 84' lang='lat' dir='ltr'><strong>propriam</strong></span> <span class='ocrx_word' id='word_1_75' title='bbox 1583 1055 1694 1110; x_wconf 87' lang='lat' dir='ltr'><strong>sibi</strong></span> <span class='ocrx_word' id='word_1_76' title='bbox 1733 1058 1904 1111; x_wconf 88' lang='lat' dir='ltr'><strong>ratio-</strong></span> 
     </span>
     <span class='ocr_line' id='line_1_12' title="bbox 295 1132 1902 1203; baseline -0.001 -16"><span class='ocrx_word' id='word_1_77' title='bbox 295 1149 422 1187; x_wconf 92' lang='lat' dir='ltr'><strong>nem</strong></span> <span class='ocrx_word' id='word_1_78' title='bbox 442 1148 681 1187; x_wconf 87' lang='lat' dir='ltr'><strong>sacram:</strong></span> <span class='ocrx_word' id='word_1_79' title='bbox 722 1139 934 1203; x_wconf 86' lang='lat' dir='ltr'><strong>septem</strong></span> <span class='ocrx_word' id='word_1_80' title='bbox 949 1171 962 1194; x_wconf 92' lang='lat'>‚</span> <span class='ocrx_word' id='word_1_81' title='bbox 988 1139 1043 1186; x_wconf 88' lang='lat' dir='ltr'><strong>et</strong></span> <span class='ocrx_word' id='word_1_82' title='bbox 1060 1132 1292 1203; x_wconf 79' lang='lat' dir='ltr'><strong>viginti,</strong></span> <span class='ocrx_word' id='word_1_83' title='bbox 1317 1140 1371 1187; x_wconf 88' lang='lat' dir='ltr'><strong>et</strong></span> <span class='ocrx_word' id='word_1_84' title='bbox 1391 1139 1632 1186; x_wconf 87' lang='lat' dir='ltr'><strong>centum.</strong></span> <span class='ocrx_word' id='word_1_85' title='bbox 1694 1132 1902 1185; x_wconf 91' lang='lat' dir='ltr'><strong>Verum</strong></span> 
     </span>
     <span class='ocr_line' id='line_1_13' title="bbox 295 1205 1903 1278; baseline -0.002 -16"><span class='ocrx_word' id='word_1_86' title='bbox 295 1207 535 1262; x_wconf 88' lang='lat' dir='ltr'><strong>habetet</strong></span> <span class='ocrx_word' id='word_1_87' title='bbox 554 1205 903 1261; x_wconf 85' lang='lat' dir='ltr'><strong>concordiam</strong></span> <span class='ocrx_word' id='word_1_88' title='bbox 924 1206 1379 1277; x_wconf 88' lang='lat' dir='ltr'><strong>harmoniamque</strong></span> <span class='ocrx_word' id='word_1_89' title='bbox 1398 1207 1641 1278; x_wconf 90' lang='lat' dir='ltr'><strong>partium</strong></span> <span class='ocrx_word' id='word_1_90' title='bbox 1667 1206 1903 1260; x_wconf 88' lang='lat' dir='ltr'><strong>mirabi-</strong></span> 
     </span>
     <span class='ocr_line' id='line_1_14' title="bbox 295 1279 1902 1354; baseline -0.001 -18"><span class='ocrx_word' id='word_1_91' title='bbox 295 1283 431 1349; x_wconf 91' lang='lat' dir='ltr'><strong>lem;</strong></span> <span class='ocrx_word' id='word_1_92' title='bbox 495 1298 623 1335; x_wconf 92' lang='lat' dir='ltr'><strong>nam</strong></span> <span class='ocrx_word' id='word_1_93' title='bbox 655 1279 724 1333; x_wconf 92' lang='lat' dir='ltr'><strong>ab</strong></span> <span class='ocrx_word' id='word_1_94' title='bbox 751 1282 961 1335; x_wconf 90' lang='lat' dir='ltr'><strong>unitate</strong></span> <span class='ocrx_word' id='word_1_95' title='bbox 991 1289 1204 1351; x_wconf 87' lang='lat' dir='ltr'><strong>septem</strong></span> <span class='ocrx_word' id='word_1_96' title='bbox 1239 1280 1496 1354; x_wconf 90' lang='lat' dir='ltr'><strong>(numeri)</strong></span> <span class='ocrx_word' id='word_1_97' title='bbox 1536 1280 1642 1335; x_wconf 92' lang='lat' dir='ltr'><strong>sub</strong></span> <span class='ocrx_word' id='word_1_98' title='bbox 1681 1280 1902 1351; x_wconf 84' lang='lat' dir='ltr'><strong>duplici</strong></span> 
     </span>
     <span class='ocr_line' id='line_1_15' title="bbox 295 1356 1903 1428; baseline 0.001 -19"><span class='ocrx_word' id='word_1_99' title='bbox 295 1359 502 1411; x_wconf 86' lang='lat' dir='ltr'><strong>ratione</strong></span> <span class='ocrx_word' id='word_1_100' title='bbox 530 1361 795 1427; x_wconf 83' lang='lat' dir='ltr'><strong>generant</strong></span> <span class='ocrx_word' id='word_1_101' title='bbox 824 1362 1044 1409; x_wconf 90' lang='lat' dir='ltr'><strong>centum</strong></span> <span class='ocrx_word' id='word_1_102' title='bbox 1076 1356 1280 1427; x_wconf 80' lang='lat' dir='ltr'><strong>viginti</strong></span> <span class='ocrx_word' id='word_1_103' title='bbox 1306 1368 1545 1428; x_wconf 85' lang='lat' dir='ltr'><strong>septem:</strong></span> <span class='ocrx_word' id='word_1_104' title='bbox 1604 1356 1741 1410; x_wconf 88' lang='lat' dir='ltr'><strong>tales</strong></span> <span class='ocrx_word' id='word_1_105' title='bbox 1769 1364 1903 1411; x_wconf 84' lang='lat' dir='ltr'><strong>sunt</strong></span> 
     </span>
    </p>
   </div>
   <div class='ocr_carea' id='block_1_5' title="bbox 292 1428 1902 1591">
    <p class='ocr_par' dir='ltr' id='par_1_5' title="bbox 292 1428 1902 1591">
     <span class='ocr_line' id='line_1_16' title="bbox 292 1428 1902 1504; baseline 0.001 -20"><span class='ocrx_word' id='word_1_106' title='bbox 292 1432 335 1484; x_wconf 92' lang='lat'><strong>1.</strong></span> <span class='ocrx_word' id='word_1_107' title='bbox 368 1431 434 1484; x_wconf 92' lang='lat' dir='ltr'><strong>II.</strong></span> <span class='ocrx_word' id='word_1_108' title='bbox 464 1430 555 1483; x_wconf 88' lang='lat' dir='ltr'><strong>IV.</strong></span> <span class='ocrx_word' id='word_1_109' title='bbox 588 1429 725 1484; x_wconf 88' lang='lat' dir='ltr'><strong>VIII.</strong></span> <span class='ocrx_word' id='word_1_110' title='bbox 750 1428 896 1483; x_wconf 90' lang='lat' dir='ltr'><strong>XVI.</strong></span> <span class='ocrx_word' id='word_1_111' title='bbox 918 1428 1150 1485; x_wconf 90' lang='lat' dir='ltr'><strong>XXXII.</strong></span> <span class='ocrx_word' id='word_1_112' title='bbox 1173 1430 1370 1496; x_wconf 89' lang='lat' dir='ltr'><strong>LXIV,</strong></span> <span class='ocrx_word' id='word_1_113' title='bbox 1411 1430 1618 1504; x_wconf 88' lang='lat' dir='ltr'><strong>quibus</strong></span> <span class='ocrx_word' id='word_1_114' title='bbox 1640 1430 1902 1486; x_wconf 81' lang='lat' dir='ltr'><strong>coalescit</strong></span> 
     </span>
     <span class='ocr_line' id='line_1_17' title="bbox 293 1502 1100 1591; baseline -0.001 -32"><span class='ocrx_word' id='word_1_115' title='bbox 293 1511 516 1559; x_wconf 91' lang='lat' dir='ltr'><strong>centum</strong></span> <span class='ocrx_word' id='word_1_116' title='bbox 537 1502 739 1574; x_wconf 85' lang='lat' dir='ltr'><strong>viginti</strong></span> <span class='ocrx_word' id='word_1_117' title='bbox 761 1511 994 1575; x_wconf 79' lang='lat' dir='ltr'><strong>septem.</strong></span> <span class='ocrx_word' id='word_1_118' title='bbox 1089 1581 1100 1591; x_wconf 74' lang='lat'>.</span> 
     </span>
    </p>
   </div>
   <div class='ocr_carea' id='block_1_6' title="bbox 299 1660 1900 1863">
    <p class='ocr_par' dir='ltr' id='par_1_6' title="bbox 299 1660 1900 1863">
     <span class='ocr_line' id='line_1_18' title="bbox 299 1660 1899 1727; baseline 0.001 -16"><span class='ocrx_word' id='word_1_119' title='bbox 299 1660 394 1711; x_wconf 83' lang='lat' dir='ltr'><strong>Gur</strong></span> <span class='ocrx_word' id='word_1_120' title='bbox 446 1669 619 1710; x_wconf 81' lang='lat' dir='ltr'><strong>certum</strong></span> <span class='ocrx_word' id='word_1_121' title='bbox 641 1660 768 1725; x_wconf 81' lang='lat' dir='ltr'><strong>fecit</strong></span> <span class='ocrx_word' id='word_1_122' title='bbox 820 1660 966 1711; x_wconf 81' lang='lat' dir='ltr'><strong>locum</strong></span> <span class='ocrx_word' id='word_1_123' title='bbox 1015 1662 1168 1712; x_wconf 77' lang='lat' dir='ltr'><strong>obitus</strong></span> <span class='ocrx_word' id='word_1_124' title='bbox 1214 1662 1462 1727; x_wconf 75' lang='lat' dir='ltr'><strong>(dicens).·</strong></span> <span class='ocrx_word' id='word_1_125' title='bbox 1532 1698 1567 1727; x_wconf 85' lang='lat'><em>„</em></span> <span class='ocrx_word' id='word_1_126' title='bbox 1581 1660 1786 1712; x_wconf 81' lang='lat' dir='ltr'><strong>Mortua</strong></span> <span class='ocrx_word' id='word_1_127' title='bbox 1829 1674 1899 1713; x_wconf 80' lang='lat' dir='ltr'><strong>est</strong></span> 
     </span>
     <span class='ocr_line' id='line_1_19' title="bbox 426 1728 1900 1795; baseline 0.001 -17"><span class='ocrx_word' id='word_1_128' title='bbox 426 1729 477 1778; x_wconf 82' lang='lat' dir='ltr'><strong>in</strong></span> <span class='ocrx_word' id='word_1_129' title='bbox 518 1729 709 1779; x_wconf 76' lang='lat' dir='ltr'><strong>civitate</strong></span> <span class='ocrx_word' id='word_1_130' title='bbox 744 1728 929 1793; x_wconf 85' lang='lat' dir='ltr'><strong>Arboc,</strong></span> <span class='ocrx_word' id='word_1_131' title='bbox 989 1746 1113 1795; x_wconf 81' lang='lat' dir='ltr'><strong>quae</strong></span> <span class='ocrx_word' id='word_1_132' title='bbox 1158 1740 1227 1781; x_wconf 71' lang='lat' dir='ltr'><strong>est</strong></span> <span class='ocrx_word' id='word_1_133' title='bbox 1269 1731 1318 1780; x_wconf 81' lang='lat' dir='ltr'><strong>in</strong></span> <span class='ocrx_word' id='word_1_134' title='bbox 1361 1730 1590 1780; x_wconf 80' lang='lat' dir='ltr'><strong>vallibus.-</strong></span> <span class='ocrx_word' id='word_1_135' title='bbox 1661 1730 1778 1779; x_wconf 70' lang='lat' dir='ltr'><strong>haec</strong></span> <span class='ocrx_word' id='word_1_136' title='bbox 1829 1740 1900 1779; x_wconf 78' lang='lat' dir='ltr'><strong>est</strong></span> 
     </span>
     <span class='ocr_line' id='line_1_20' title="bbox 434 1796 1524 1863; baseline -0.001 -16"><span class='ocrx_word' id='word_1_137' title='bbox 434 1796 649 1847; x_wconf 77' lang='lat' dir='ltr'><strong>Chebron</strong></span> <span class='ocrx_word' id='word_1_138' title='bbox 686 1797 737 1847; x_wconf 77' lang='lat' dir='ltr'><strong>in</strong></span> <span class='ocrx_word' id='word_1_139' title='bbox 774 1806 904 1847; x_wconf 79' lang='lat' dir='ltr'><strong>terra</strong></span> <span class='ocrx_word' id='word_1_140' title='bbox 946 1796 1262 1848; x_wconf 71' lang='lat' dir='ltr'><strong>Chanaan“?</strong></span> <span class='ocrx_word' id='word_1_141' title='bbox 1302 1799 1408 1863; x_wconf 81' lang='lat'>(23,</span> <span class='ocrx_word' id='word_1_142' title='bbox 1449 1799 1524 1859; x_wconf 82' lang='lat'><strong>2.)</strong></span> 
     </span>
    </p>
   </div>
   <div class='ocr_carea' id='block_1_7' title="bbox 292 1899 1898 2119">
    <p class='ocr_par' dir='ltr' id='par_1_7' title="bbox 292 1899 1898 2119">
     <span class='ocr_line' id='line_1_21' title="bbox 404 1899 1898 1973; baseline 0 -19"><span class='ocrx_word' id='word_1_143' title='bbox 404 1901 490 1957; x_wconf 71' lang='lat'><strong>72.</strong></span> <span class='ocrx_word' id='word_1_144' title='bbox 523 1901 913 1973; x_wconf 82' lang='lat' dir='ltr'><strong>Interpretatur</strong></span> <span class='ocrx_word' id='word_1_145' title='bbox 930 1901 1100 1957; x_wconf 81' lang='lat' dir='ltr'><strong>Arboo</strong></span> <span class='ocrx_word' id='word_1_146' title='bbox 1119 1903 1241 1957; x_wconf 79' lang='grc' dir='ltr'><strong>τῶν</strong></span> <span class='ocrx_word' id='word_1_147' title='bbox 1261 1908 1564 1971; x_wconf 85' lang='lat' dir='ltr'><strong>quatuor,</strong></span> <span class='ocrx_word' id='word_1_148' title='bbox 1589 1908 1643 1955; x_wconf 87' lang='lat' dir='ltr'><strong>et</strong></span> <span class='ocrx_word' id='word_1_149' title='bbox 1669 1899 1898 1955; x_wconf 78' lang='lat' dir='ltr'><strong>Ghebron</strong></span> 
     </span>
     <span class='ocr_line' id='line_1_22' title="bbox 292 1974 1898 2041; baseline 0 -12"><span class='ocrx_word' id='word_1_150' title='bbox 292 1977 683 2030; x_wconf 89' lang='lat' dir='ltr'><strong>coniunctio</strong></span> <span class='ocrx_word' id='word_1_151' title='bbox 723 1976 813 2030; x_wconf 83' lang='lat' dir='ltr'><strong>vel</strong></span> <span class='ocrx_word' id='word_1_152' title='bbox 852 1977 1146 2031; x_wconf 89' lang='lat' dir='ltr'><strong>societas</strong></span> <span class='ocrx_word' id='word_1_153' title='bbox 1185 1975 1572 2041; x_wconf 86' lang='lat' dir='ltr'><strong>mulierum,</strong></span> <span class='ocrx_word' id='word_1_154' title='bbox 1645 1974 1898 2030; x_wconf 78' lang='lat' dir='ltr'><strong>Chanaan</strong></span> 
     </span>
     <span class='ocr_line' id='line_1_23' title="bbox 292 2050 1339 2119; baseline 0.001 -17"><span class='ocrx_word' id='word_1_155' title='bbox 292 2058 476 2103; x_wconf 86' lang='lat' dir='ltr'><strong>autem</strong></span> <span class='ocrx_word' id='word_1_156' title='bbox 508 2050 692 2103; x_wconf 90' lang='lat' dir='ltr'><strong>sicut</strong></span> <span class='ocrx_word' id='word_1_157' title='bbox 720 2052 1063 2119; x_wconf 79' lang='lat' dir='ltr'><strong>apparitio</strong></span> <span class='ocrx_word' id='word_1_158' title='bbox 1093 2066 1339 2105; x_wconf 87' lang='lat' dir='ltr'><strong>eorum.</strong></span> 
     </span>
    </p>
   </div>
   <div class='ocr_carea' id='block_1_8' title="bbox 298 2218 1899 2356">
    <p class='ocr_par' dir='ltr' id='par_1_8' title="bbox 298 2218 1899 2356">
     <span class='ocr_line' id='line_1_24' title="bbox 298 2218 1899 2289; baseline 0.001 -20"><span class='ocrx_word' id='word_1_159' title='bbox 298 2218 460 2276; x_wconf 80' lang='lat' dir='ltr'><strong>Quare</strong></span> <span class='ocrx_word' id='word_1_160' title='bbox 494 2218 637 2269; x_wconf 71' lang='lat' dir='ltr'><strong>dicit:</strong></span> <span class='ocrx_word' id='word_1_161' title='bbox 703 2254 737 2282; x_wconf 89' lang='lat'>„</span> <span class='ocrx_word' id='word_1_162' title='bbox 761 2219 901 2270; x_wconf 79' lang='lat' dir='ltr'><strong>Venit</strong></span> <span class='ocrx_word' id='word_1_163' title='bbox 932 2220 1207 2285; x_wconf 73' lang='lat' dir='ltr'><strong>Abrabam,</strong></span> <span class='ocrx_word' id='word_1_164' title='bbox 1263 2233 1314 2273; x_wconf 78' lang='lat' dir='ltr'><strong>ut</strong></span> <span class='ocrx_word' id='word_1_165' title='bbox 1341 2224 1599 2289; x_wconf 72' lang='lat' dir='ltr'><strong>planqeret</strong></span> <span class='ocrx_word' id='word_1_166' title='bbox 1635 2232 1681 2273; x_wconf 82' lang='lat' dir='ltr'><strong>et</strong></span> <span class='ocrx_word' id='word_1_167' title='bbox 1717 2222 1899 2287; x_wconf 74' lang='lat' dir='ltr'><strong>luqeret</strong></span> 
     </span>
     <span class='ocr_line' id='line_1_25' title="bbox 402 2286 1780 2356; baseline 0.003 -21"><span class='ocrx_word' id='word_1_168' title='bbox 402 2286 632 2347; x_wconf 64' lang='lat' dir='ltr'><strong>Sari-arm</strong></span> <span class='ocrx_word' id='word_1_169' title='bbox 690 2296 737 2336; x_wconf 80' lang='lat' dir='ltr'><strong>et</strong></span> <span class='ocrx_word' id='word_1_170' title='bbox 770 2289 977 2338; x_wconf 73' lang='lat' dir='ltr'><strong>surrexit</strong></span> <span class='ocrx_word' id='word_1_171' title='bbox 1015 2306 1049 2338; x_wconf 89' lang='lat' dir='ltr'><strong>a</strong></span> <span class='ocrx_word' id='word_1_172' title='bbox 1085 2301 1268 2341; x_wconf 77' lang='lat' dir='ltr'><strong>mortuo</strong></span> <span class='ocrx_word' id='word_1_173' title='bbox 1304 2294 1472 2341; x_wconf 75' lang='lat' dir='ltr'><strong>suo“?</strong></span> <span class='ocrx_word' id='word_1_174' title='bbox 1510 2293 1618 2356; x_wconf 80' lang='lat'>(23,</span> <span class='ocrx_word' id='word_1_175' title='bbox 1661 2296 1690 2341; x_wconf 82' lang='lat'>2</span> <span class='ocrx_word' id='word_1_176' title='bbox 1713 2292 1780 2351; x_wconf 87' lang='lat' dir='ltr'><strong>s.)</strong></span> 
     </span>
    </p>
   </div>
   <div class='ocr_carea' id='block_1_9' title="bbox 292 2406 1899 2777">
    <p class='ocr_par' dir='ltr' id='par_1_9' title="bbox 292 2406 1899 2777">
     <span class='ocr_line' id='line_1_26' title="bbox 404 2406 1897 2479; baseline 0.001 -20"><span class='ocrx_word' id='word_1_177' title='bbox 404 2408 491 2462; x_wconf 84' lang='lat'><strong>73.</strong></span> <span class='ocrx_word' id='word_1_178' title='bbox 541 2406 845 2479; x_wconf 82' lang='lat' dir='ltr'><strong>Diligenter</strong></span> <span class='ocrx_word' id='word_1_179' title='bbox 872 2416 926 2463; x_wconf 86' lang='lat' dir='ltr'><strong>et</strong></span> <span class='ocrx_word' id='word_1_180' title='bbox 954 2409 1203 2463; x_wconf 88' lang='lat' dir='ltr'><strong>consulto</strong></span> <span class='ocrx_word' id='word_1_181' title='bbox 1233 2408 1378 2463; x_wconf 82' lang='lat' dir='ltr'><strong>dixit</strong></span> <span class='ocrx_word' id='word_1_182' title='bbox 1404 2412 1700 2465; x_wconf 70' lang='lat' dir='ltr'><strong>surrexisse</strong></span> <span class='ocrx_word' id='word_1_183' title='bbox 1727 2422 1838 2461; x_wconf 90' lang='lat' dir='ltr'><strong>non</strong></span> <span class='ocrx_word' id='word_1_184' title='bbox 1866 2422 1897 2460; x_wconf 89' lang='lat' dir='ltr'><strong>a</strong></span> 
     </span>
     <span class='ocr_line' id='line_1_27' title="bbox 292 2480 1891 2545; baseline 0.001 -12"><span class='ocrx_word' id='word_1_185' title='bbox 292 2480 453 2536; x_wconf 88' lang='lat' dir='ltr'><strong>Sarra</strong></span> <span class='ocrx_word' id='word_1_186' title='bbox 469 2522 481 2544; x_wconf 93' lang='lat'>‚</span> <span class='ocrx_word' id='word_1_187' title='bbox 526 2481 625 2535; x_wconf 91' lang='lat' dir='ltr'><strong>sed</strong></span> <span class='ocrx_word' id='word_1_188' title='bbox 654 2500 690 2537; x_wconf 83' lang='lat' dir='ltr'><strong>a</strong></span> <span class='ocrx_word' id='word_1_189' title='bbox 712 2492 915 2537; x_wconf 84' lang='lat' dir='ltr'><strong>mortuo</strong></span> <span class='ocrx_word' id='word_1_190' title='bbox 939 2499 1053 2536; x_wconf 78' lang='lat' dir='ltr'><strong>suo.</strong></span> <span class='ocrx_word' id='word_1_191' title='bbox 1139 2484 1510 2538; x_wconf 87' lang='lat' dir='ltr'><strong>Proficiscitur</strong></span> <span class='ocrx_word' id='word_1_192' title='bbox 1529 2490 1712 2537; x_wconf 86' lang='lat' dir='ltr'><strong>autem</strong></span> <span class='ocrx_word' id='word_1_193' title='bbox 1733 2481 1891 2545; x_wconf 74' lang='lat' dir='ltr'><strong>illuc,</strong></span> 
     </span>
     <span class='ocr_line' id='line_1_28' title="bbox 292 2555 1890 2631; baseline 0.002 -24"><span class='ocrx_word' id='word_1_194' title='bbox 292 2570 399 2608; x_wconf 92' lang='lat' dir='ltr'><strong>non</strong></span> <span class='ocrx_word' id='word_1_195' title='bbox 429 2564 490 2609; x_wconf 94' lang='lat' dir='ltr'><strong>ut</strong></span> <span class='ocrx_word' id='word_1_196' title='bbox 516 2564 814 2621; x_wconf 88' lang='lat' dir='ltr'><strong>mortuam,</strong></span> <span class='ocrx_word' id='word_1_197' title='bbox 862 2555 961 2611; x_wconf 89' lang='lat' dir='ltr'><strong>sed</strong></span> <span class='ocrx_word' id='word_1_198' title='bbox 988 2555 1211 2610; x_wconf 88' lang='lat' dir='ltr'><strong>Sarram</strong></span> <span class='ocrx_word' id='word_1_199' title='bbox 1240 2558 1525 2631; x_wconf 82' lang='lat' dir='ltr'><strong>plangeret</strong></span> <span class='ocrx_word' id='word_1_200' title='bbox 1554 2574 1617 2610; x_wconf 86' lang='lat' dir='ltr'><strong>ac</strong></span> <span class='ocrx_word' id='word_1_201' title='bbox 1651 2557 1890 2627; x_wconf 80' lang='lat' dir='ltr'><strong>lugeret3</strong></span> 
     </span>
     <span class='ocr_line' id='line_1_29' title="bbox 293 2627 1899 2704; baseline 0.003 -26"><span class='ocrx_word' id='word_1_202' title='bbox 293 2627 530 2682; x_wconf 89' lang='lat' dir='ltr'><strong>naturali</strong></span> <span class='ocrx_word' id='word_1_203' title='bbox 569 2630 810 2699; x_wconf 92' lang='lat' dir='ltr'><strong>quodam</strong></span> <span class='ocrx_word' id='word_1_204' title='bbox 846 2648 1033 2685; x_wconf 88' lang='lat' dir='ltr'><strong>sensu.</strong></span> <span class='ocrx_word' id='word_1_205' title='bbox 1111 2628 1381 2695; x_wconf 89' lang='lat' dir='ltr'><strong>Quoniam</strong></span> <span class='ocrx_word' id='word_1_206' title='bbox 1413 2629 1486 2704; x_wconf 73' lang='lat'><strong>[⁹¹⁶]</strong></span> <span class='ocrx_word' id='word_1_207' title='bbox 1521 2630 1678 2685; x_wconf 88' lang='lat' dir='ltr'><strong>decet</strong></span> <span class='ocrx_word' id='word_1_208' title='bbox 1712 2628 1899 2683; x_wconf 91' lang='lat' dir='ltr'><strong>homi-</strong></span> 
     </span>
     <span class='ocr_line' id='line_1_30' title="bbox 293 2701 1898 2777; baseline 0.004 -25"><span class='ocrx_word' id='word_1_209' title='bbox 293 2716 419 2753; x_wconf 90' lang='lat' dir='ltr'><strong>nem</strong></span> <span class='ocrx_word' id='word_1_210' title='bbox 459 2701 664 2757; x_wconf 84' lang='lat' dir='ltr'><strong>virtute</strong></span> <span class='ocrx_word' id='word_1_211' title='bbox 702 2713 953 2759; x_wconf 87' lang='lat' dir='ltr'><strong>ornatum</strong></span> <span class='ocrx_word' id='word_1_212' title='bbox 990 2705 1213 2777; x_wconf 80' lang='lat' dir='ltr'><strong>seiungi</strong></span> <span class='ocrx_word' id='word_1_213' title='bbox 1251 2720 1315 2757; x_wconf 92' lang='lat' dir='ltr'><strong>ac</strong></span> <span class='ocrx_word' id='word_1_214' title='bbox 1359 2705 1547 2774; x_wconf 87' lang='lat' dir='ltr'><strong>procul</strong></span> <span class='ocrx_word' id='word_1_215' title='bbox 1584 2704 1835 2758; x_wconf 87' lang='lat' dir='ltr'><strong>habitare</strong></span> <span class='ocrx_word' id='word_1_216' title='bbox 1866 2722 1898 2758; x_wconf 91' lang='lat' dir='ltr'><strong>a</strong></span> 
     </span>
    </p>
   </div>
  </div>
 </body>
</html>
