2125 3084
348 182 447 237 210
585 189 781 233 PHIL.
820 188 967 234 IUD.
1008 190 1328 246 QUAEST.
1367 192 1466 235 ET
1506 193 1658 237 SOL.
1709 188 1792 253 [IL
1817 190 1936 255 386]

350 290 498 344 enim
519 298 673 361 septo
692 290 793 361 qui
812 290 1021 344 habitat
1038 290 1204 361 (sicut
1221 290 1448 363 incola),
1475 292 1642 347 miser
1661 266 1770 358 est,
1795 296 1938 349 mul-

348 365 419 419 tis
440 366 687 419 serviens
714 364 902 419 crudis
932 364 1200 441 durisque
1229 365 1497 431 domini3‚
1542 385 1572 422 a
1599 369 1804 439 quibus
1831 371 1936 423 mi-

346 457 445 494 nas
474 442 735 506 sustinet,
772 439 1050 511 pecudum
1081 457 1230 495 more
1257 440 1520 513 deceptus
1541 461 1571 497 a
1591 445 1818 498 minime
1837 444 1936 499 ho·-

344 517 433 569 nis
450 524 731 587 tamquam
754 516 823 569 ab
840 516 1091 571 omnium
1108 515 1336 586 optimo.
1413 517 1484 571 At
1505 524 1812 586 pereqrinm
1836 536 1933 605 spe

344 591 582 661 quadam
620 590 840 662 depicta
876 590 1059 645 totalis
1097 607 1230 644 suae
1267 591 1560 653 libertatis,
1609 595 1932 647 necessariis

344 675 630 723 contentus
656 674 764 733 θεῖς
819 682 989 737 quare
1010 664 1172 721 facile
1193 666 1429 721 elabitur
1447 682 1518 719 ex
1535 681 1666 736 sepe
1685 666 1931 737 laqueis-

342 758 451 813 que
464 783 477 806 ,
502 758 645 813 quae
662 742 721 795 in
742 758 807 795 ea
826 749 973 795 sunt.

465 909 559 969 Qui
586 922 692 961 sunt
728 912 890 975 „vir-i,
912 912 1404 1044 qui“i;tte(v·rgqabc3nt
1441 928 1539 961 eum
1575 911 1630 959 de
1666 928 1807 960 uxore

1153 986 1182 1028 2
1288 1002 1301 1029 ι

454 1086 567 1137 486.
606 1081 963 1157 Singularum
984 1083 1200 1137 animae
1219 1083 1462 1153 partium
1483 1081 1782 1137 familiares
1802 1093 1928 1137 sunt

340 1158 695 1245 cogitationes
734 1166 1013 1245 tamquam
1052 1156 1292 1211 incolae.
1360 1158 1506 1211 sicut
1541 1157 1819 1212 rationalis
1858 1156 1927 1211 ad

339 1233 665 1304 sapientiam
685 1242 737 1287 et
757 1233 1134 1303 insipientiam
1155 1232 1539 1319 respicientes-3
1595 1242 1648 1287 et
1675 1232 1926 1287 irascibi-

340 1307 437 1370 lis,
480 1324 621 1377 quae
650 1307 957 1361 secundum
996 1305 1376 1362 fortitudinem
1415 1316 1469 1362 et
1505 1308 1814 1379 ignaviam3
1877 1317 1927 1362 et

339 1382 817 1457 concppiscibiliS‚
861 1399 1002 1452 quae
1040 1382 1346 1437 secundum
1381 1382 1728 1437 sobrietatem
1757 1392 1809 1437 et
1840 1383 1926 1438 lu-

337 1624 607 1679 habitator
635 1642 743 1680 non
771 1624 890 1679 sine
918 1643 1175 1680 aerumna
1203 1625 1462 1697 plurimis
1490 1624 1779 1681 serviendo
1808 1626 1926 1680 dis-

335 1700 497 1755 cretis
517 1700 775 1765 dominiS‚
798 1717 1030 1772 quorum
1052 1702 1230 1755 minas
1249 1700 1527 1755 tolerando
1547 1709 1804 1771 tanquam
1825 1717 1926 1771 pe-

336 1793 433 1830 cus
456 1774 793 1832 infructuosa
812 1794 911 1849 spe
930 1786 1246 1849 occupatae,
1271 1793 1412 1847 quae
1432 1774 1642 1830 nullius
1663 1777 1924 1829 momenti

335 1859 463 1906 sunt
480 1861 541 1906 ut
560 1853 739 1923 prima
756 1854 933 1925 potire
952 1851 1136 1924 (mov-9.
1156 1851 1362 1923 potare)
1381 1851 1668 1923 cogitatur.
1743 1851 1925 1905 Incola

334 1944 463 1981 vero
482 1944 638 1998 spem
658 1928 771 1983 sibi
796 1927 1043 1982 recondit
1062 1926 1276 1982 futurae
1299 1926 1568 1981 libertatis
1581 1967 1594 1989 ‚
1635 1933 1922 1991 contentus

335 2002 404 2055 ad
432 2004 649 2073 tempus
678 2004 989 2058 necessitati
1006 2045 1017 2067 ,
1032 2029 1041 2039 ·
1056 2003 1217 2057 cuius
1237 2019 1394 2073 spem
1414 2000 1678 2056 facillime
1700 2000 1924 2073 effugiet

335 2094 460 2131 cum
481 2077 759 2131 illecebris
782 2079 922 2132 eius.

534 2232 630 2291 Qui
660 2243 767 2283 sunt
802 2234 873 2283 illi
903 2235 1014 2295 viri,
1056 2253 1172 2298 quos
1213 2234 1468 2299 Scriptura
1504 2234 1720 2283 meminit.

450 2357 565 2407 486.
613 2352 905 2425 Singulare
932 2362 1111 2407 sumet
1141 2355 1446 2409 animarum
1473 2352 1690 2425 petes*)
1712 2352 1922 2425 cogita-

334 2430 510 2484 tiones
538 2437 667 2483 sunt
692 2428 851 2499 quasi
881 2426 1238 2483 habitatores:
1300 2439 1360 2484 ut
1395 2438 1526 2502 puta
1565 2437 1776 2500 partem
1806 2427 1924 2482 elo-

333 2504 590 2573 quentiae
608 2502 919 2575 promeritis
938 2503 1240 2573 sapientiae
1259 2505 1348 2558 vel
1368 2505 1758 2576 insapientiae,
1791 2519 1922 2573 par-

333 2585 415 2631 tes
435 2578 749 2633 iracundiae
767 2596 865 2650 pro
884 2579 1086 2634 virtute
1115 2588 1208 2633 aut
1233 2580 1588 2651 trepidantia,
1631 2596 1759 2650 pars
1789 2594 1924 2632 con-

432 2750 475 2796 M¹)
500 2749 638 2790 Alias:
674 2754 943 2802 sinantur-um
970 2753 1202 2793 animarum
1222 2756 1380 2801 partes.
1434 2753 1490 2793 In
1518 2762 1671 2801 marg.
