2125 3084
183 190 268 254 [IL
291 186 410 251 400]
550 192 629 235 IN
668 191 1018 237 GENESIN.
1057 192 1309 239 SERMO
1346 196 1431 241 IV.
1678 190 1777 242 233

181 310 378 349 sensus
419 290 760 347 subobscure
799 292 1018 357 videre,
1074 291 1143 347 ad
1178 293 1557 365 intelligibilia
1595 304 1777 351 tamen

182 370 394 425 aetitior
425 368 560 423 visu
595 368 948 439 comperitur.
1035 368 1149 425 Hoc
1186 386 1317 423 sane
1346 369 1557 425 dixeris
1583 387 1779 427 verum

179 446 388 500 visum.
467 441 575 509 Qui
615 444 766 499 enim
804 442 908 497 hoe
946 451 1140 513 captus
1178 452 1263 499 est
1296 451 1349 498 et
1378 442 1679 515 dispositus
1708 446 1779 500 ad

180 518 623 592 prophetandum
637 558 651 582 ‚
693 517 1075 589 nonamplius
1091 520 1313 589 proprio
1333 520 1507 573 utitur
1526 520 1776 583 consilio,

181 594 280 651 sed
319 593 542 658 divino,
581 593 857 648 divinitus
895 592 1107 663 prolata
1140 610 1429 649 resonans:
1497 604 1661 665 atque
1700 598 1781 649 sio

179 670 448 741 propheta
481 668 544 725 fit
577 669 1008 723 instrumentum
1041 676 1097 723 et
1132 668 1273 724 deus
1301 668 1527 733 artifex,
1569 670 1781 724 sonitus

179 754 363 801 autem
381 761 484 815 per
501 744 774 814 plectrum
799 741 1033 797 verbum
1059 760 1227 799 suum
1241 784 1255 808 ‚
1296 744 1534 799 reddens
1564 743 1631 817 (s.
1655 745 1784 818 pul-—

179 820 328 892 sans)
349 828 476 890 apte
493 835 792 891 congruam
814 817 1177 883 harmoniam,
1198 836 1309 890 qua
1324 819 1683 891 publicantur
1700 820 1783 875 le·—

177 895 528 967 gislationes.

261 1034 337 1098 [*]
386 1032 542 1091 Quare
573 1035 752 1085 οωίονὲ
773 1033 888 1095 filio
927 1032 1068 1083 dicit.-
1126 1070 1161 1097 „
1176 1033 1321 1085 Sume
1358 1035 1704 1087 instrumentum
1734 1096 1745 1105 r

447 1111 589 1165 tumn,
620 1102 902 1166 pharetram
937 1109 983 1151 et
1017 1105 1259 1153 arcum“?
1295 1107 1402 1166 (27,
1441 1107 1515 1166 3.)

303 1204 419 1257 ⁴97.
467 1204 667 1259 Littera
703 1220 881 1275 quum
916 1210 1044 1259 nota
1072 1204 1171 1268 sit,
1220 1204 1327 1259 alle
1366 1205 1483 1261 oria
1511 1204 1779 1260 utendum

178 1287 267 1335 est
308 1277 426 1332 tali.
504 1277 620 1335 Sub
648 1280 958 1351 aenigmate
985 1286 1161 1343 notat,
1205 1296 1315 1351 quo
1391 1297 1596 1351 pravus
1635 1281 1777 1336 nihil

173 1354 474 1427 pacificum
505 1355 734 1429 cogitat,
785 1352 884 1409 sed
911 1363 1083 1411 marte
1112 1354 1317 1429 gaudet
1346 1362 1399 1409 et
1434 1364 1655 1427 paratus
1696 1366 1779 1411 est

175 1438 444 1503 apparatu
472 1428 698 1485 bellico.
774 1428 979 1485 Natura
1007 1439 1190 1485 autem
1220 1446 1477 1505 arrogans
1501 1441 1583 1489 est
1604 1441 1657 1487 et
1678 1450 1778 1487 au-

176 1506 313 1571 dax,
359 1514 525 1577 atque
553 1504 723 1560 simul
751 1505 987 1577 ignavus
1020 1514 1074 1560 et
1101 1523 1317 1574 vecors;
1377 1524 1504 1562 nam
1534 1506 1647 1563 fere
1670 1508 1775 1563 sub

172 1750 360 1805 nendo
375 1791 388 1813 ,
421 1747 803 1822 intelligibilia
821 1765 952 1805 vero
981 1749 1299 1804 acutissime
1318 1749 1563 1802 intuetur
1577 1789 1589 1811 ‚
1622 1751 1673 1802 si
1693 1756 1776 1803 ta-

171 1843 306 1880 men
329 1825 496 1879 etiam
513 1824 616 1879 hoe
637 1822 852 1879 edicere
869 1824 1157 1895 proprium
1178 1830 1279 1876 est.
1347 1822 1605 1875 Detentus
1627 1823 1777 1876 enim

172 1900 248 1955 ad
270 1897 737 1972 prophetandum,
780 1916 888 1954 non
915 1900 1034 1953 suis
1054 1898 1227 1951 utitur
1248 1894 1497 1949 consiliis
1513 1935 1525 1957 ‚
1570 1895 1667 1950 sed
1690 1895 1779 1950 di-

172 1977 311 2029 vino
333 1972 539 2045 spiritu
558 1973 792 2029 subsona
812 1974 1109 2047 praesagit.
1177 1970 1245 2026 Et
1263 1968 1529 2043 propheta
1550 1970 1779 2041 quidem

173 2068 278 2123 pro
296 2065 505 2121 organo
519 2090 531 2113 ,
565 2048 702 2105 deus
722 2057 903 2105 autem
921 2047 1189 2122 propheta
1205 2087 1218 2111 ,
1252 2044 1412 2100 cuius
1435 2046 1627 2117 organi
1655 2044 1777 2117 ple-

170 2135 356 2181 ctrum
379 2123 611 2179 verbum
632 2134 714 2180 est
734 2127 856 2179 eius
871 2166 883 2187 ‚
914 2122 1273 2196 percutientis
1293 2136 1393 2193 per
1411 2120 1575 2175 valde
1606 2121 1779 2192 aptis-

169 2203 376 2256 simam
397 2202 699 2256 armoniam
717 2216 903 2265 suam‚
943 2216 1043 2271 per
1068 2214 1235 2270 quam
1257 2195 1436 2251 edicta
1456 2196 1778 2250 nuntiantur

169 2293 436 2347 superna.

257 2406 419 2466 Quare
455 2409 578 2459 dixit
613 2410 790 2459 maiori
807 2409 948 2471 filio.-
1007 2407 1233 2473 „Accipe
1268 2422 1356 2456 vae
1388 2416 1540 2469 ταωνι,
1572 2405 1710 2469 plta-

734 2486 910 2527 retram
953 2486 999 2527 et
1031 2480 1224 2526 arcum?

289 2580 408 2633 ⁴97.
459 2578 614 2634 Dicto
643 2578 920 2633 declarato
945 2578 1208 2649 allegoria
1238 2575 1365 2631 talis
1396 2584 1497 2630 est.
1576 2574 1776 2630 Subsi-

167 2662 304 2725 gnat
325 2654 478 2709 enim
507 2670 746 2724 pravum
773 2653 914 2707 nihil
939 2652 1233 2725 pacificum
1262 2651 1493 2714 sentire,
1534 2650 1775 2723 gaudere

169 2730 386 2797 praelio
413 2737 470 2784 et
495 2737 756 2800 paratura
791 2727 954 2792 belli,
995 2735 1189 2781 natura
1222 2723 1770 2796 quidem-audacem,
