2125 3084
203 196 287 261 [n‚
310 192 429 259 εει]
487 236 496 241 „
820 200 919 244 nn:
967 200 1170 245 loNA.
1696 194 1794 247 425

203 292 313 373 que
342 307 415 355 e'x
440 297 750 354 turbatione
770 300 929 355 navis
950 296 1390 371 expergiscaris?
1428 298 1604 373 Surge
1623 307 1678 355 et
1697 318 1795 355 ex-

202 376 375 431 cutito
392 388 671 445 soporem,
716 382 769 429 et
804 374 970 429 deum
1008 383 1167 429 tuum
1196 374 1410 428 invoca.
1487 376 1608 429 Non
1637 376 1796 430 vides

201 467 323 513 coe,
366 451 465 521 qui
496 458 619 503 ante
646 458 801 504 tuum
820 449 879 503 in
900 464 1096 503 navem
1118 450 1427 521 ingressum
1449 448 1680 503 feliciter
1701 468 1798 504 ne·-

208 525 499 597 itigabant,
542 532 595 579 te
614 524 707 579 hic
726 525 1033 585 somniante
1051 522 1464 597 periclitantes?
1501 526 1619 579 Non
1641 525 1799 579 vides

203 600 275 656 ad
296 600 508 655 caelum
530 599 804 654 elevatum
832 616 982 655 mare
1008 599 1306 655 fundarum
1333 599 1504 653 instar
1532 607 1586 653 et
1612 600 1800 653 turba—

202 691 332 731 men
359 676 418 729 in
449 682 631 730 nostra
656 676 787 729 navi
822 673 1187 747 diffusum*)‘?
1232 672 1378 741 Quid
1416 684 1500 728 est
1531 690 1688 745 ιιι-30,
1741 684 1802 729 ut

202 751 419 807 cunctis
452 749 825 805 laborantibus
861 757 920 805 tu
959 751 1168 805 otiosus
1201 747 1404 803 vaces?
1451 748 1512 803 Si
1549 748 1800 805 sufficere

202 834 370 897 putas
396 833 642 880 nostrum
671 825 921 880 laborem
952 832 1005 879 et
1030 835 1091 879 tu
1129 826 1358 879 aliorum
1393 824 1575 879 labore
1613 824 1801 879 studes

201 910 257 955 te
298 901 536 964 salvare,
587 915 687 955 nos
724 908 817 955 tua
838 900 1011 955 tarda
1048 898 1392 973 pigritudine
1430 899 1615 954 traditi
1653 901 1802 971 peri—

200 990 352 1031 mus.

326 1103 407 1154 10.
458 1101 609 1155 Tunc
646 1100 1063 1173 expergefactus
1100 1099 1364 1172 propheta
1395 1110 1448 1155 et
1473 1116 1643 1171 super
1676 1099 1799 1156 dor-

202 1192 334 1231 sum
354 1175 512 1231 navis
530 1176 857 1239 ascendens,
900 1176 1047 1233 vidit
1079 1172 1150 1248 [³¹⁶]
1186 1175 1422 1229 nubium
1449 1175 1804 1245 hibernarum

203 1251 444 1315 densum
490 1249 763 1322 nigrorem
774 1250 861 1324 **)
958 1259 1011 1306 et
1056 1248 1332 1307 undarum
1389 1252 1800 1317 aestuationem,

203 1334 496 1393 ventorum
517 1325 833 1383 violentiam
847 1366 861 1391 ‚
891 1326 1164 1393 ululatum
1189 1326 1470 1381 hominum
1492 1327 1802 1397 planctum-

204 1418 317 1473 que
343 1417 668 1473 puerorum‚
720 1410 783 1455 ut
809 1418 984 1472 paene
1023 1409 1345 1459 cunctorum
1383 1404 1600 1457 animae
1633 1412 1806 1457 morte

204 1476 507 1533 exstinctae
527 1476 865 1545 viderentur.
945 1477 1190 1548 Desuper
1217 1477 1402 1548 itaque
1433 1477 1587 1534 velut
1605 1476 1674 1533 de
1695 1478 1802 1533 alta

204 1552 337 1608 sede
366 1552 635 1609 malorum
666 1552 1122 1624 circumspiciens
1158 1549 1301 1607 vidit
1337 1566 1528 1609 eorum
1564 1555 1800 1626 copiam.

204 1628 479 1684 Iudicavit
501 1628 687 1699 itaque
706 1627 777 1682 ob
796 1644 959 1685 suum
978 1635 1264 1699 peccatum
1287 1628 1600 1684 conturbari
1619 1647 1796 1693 mare·

205 1703 389 1759 adhuc
418 1710 601 1757 tamen
628 1702 897 1759 oblivioni
934 1703 1157 1759 tradens
1181 1719 1298 1758 rem
1317 1701 1651 1768 occultabat,
1695 1720 1803 1757 non

205 1778 319 1831 sibi
336 1777 445 1832 soli
462 1777 773 1848 periculum
791 1777 983 1833 adesse
1004 1779 1355 1842 existimatae,
1395 1778 1492 1834 sed
1515 1794 1804 1835 commune

208 1852 493 1907 universis
512 1850 753 1907 videndo
772 1870 893 1909 sese
914 1853 1202 1909 consolari.
1284 1851 1378 1907 Sic
1405 1853 1554 1907 enim
1575 1854 1802 1909 evenire

205 1927 374 1991 solet,
418 1934 479 1979 ut
513 1926 693 1981 levius
728 1937 950 1998 putetur
988 1928 1194 1984 malum
1232 1926 1580 1985 hominibus
1628 1924 1803 1998 quu'm

204 1966 374 2055 multi
393 2000 541 2055 idem
561 2000 811 2065 subeant,
835 2002 1255 2074 participatione
1268 2001 1650 2072 aequalitatem
1672 2002 1803 2057 affe-

206 2083 389 2141 rente;
435 2084 596 2147 atque
612 2076 725 2131 ‘suo
754 2077 927 2133 luctui
956 2076 1344 2147 unusquisque
1370 2075 1640 2131 medelam
1659 2078 1803 2131 sola-

204 2152 351 2206 tium
370 2167 441 2205 ex
460 2151 691 2206 aliorum
712 2153 873 2208 malis
895 2153 1186 2209 eventibus
1212 2152 1474 2205 lucratur.

326 2279 406 2329 Η.
432 2276 687 2335 Rectores
708 2286 892 2333 autem
910 2278 1070 2333 navis
1089 2294 1282 2349 preces
1303 2294 1373 2333 ex
1390 2284 1613 2348 peccato
1634 2294 1802 2331 vanas

204 2350 450 2407 redditas
484 2361 769 2409 cernentes
784 2394 796 2418 ,
854 2354 917 2409 in
962 2352 1408 2424 disquisitionem
1456 2351 1812 2423 singulorum.

202 2444 436 2498 operum
472 2428 891 2491 concurrebant.
982 2428 1330 2488 Caete‘rorum
1373 2428 1558 2498 itaque
1593 2427 1802 2481 ratione

204 2502 485 2556 actionum
506 2512 724 2568 exacta,
755 2502 1141 2559 transferentes
1161 2521 1220 2557 se
1240 2503 1308 2557 ad
1327 2502 1650 2577 prophetam
1667 2543 1679 2553 .
1715 2503 1802 2555 vi-

314 2642 361 2688 *)
402 2642 473 2681 Ad
497 2644 698 2682 verbum.
742 2634 943 2682 inclusum
966 2643 1037 2683 vel
1062 2646 1281 2683 detentum.
1334 2642 1495 2683 Auch.

312 2706 385 2755 ¹¹¹)
448 2718 485 2747 ι.
522 2712 828 2758 metentem.-
888 2703 950 2747 sie
990 2712 1109 2749 enim
1147 2710 1351 2759 supponit
1389 2712 1548 2760 passim
1588 2712 1716 2749 hiems
1758 2711 1802 2747 in

205 2759 475 2801 Hellenismo
500 2770 579 2809 pro
605 2763 873 2809 tempestate.
922 2760 1083 2800 Auch-
