2125 3084
90 195 340 265 [mma]
500 199 581 244 m
618 199 965 247 Exomm.
1006 203 1260 249 sERmo
1301 208 1339 250 1.
1469 29 2107 256 QX

100 318 397 374 contraria
428 315 499 370 ad
530 315 745 388 aliquid
774 317 887 372 sibi
924 319 1359 390 providendum3
1421 325 1512 378 sin
1550 335 1732 382 autem

14 450 17 453 ,
106 390 370 450 secunda
398 390 672 456 obtineat,
700 390 773 468 [⁴¹⁶]
799 393 943 448 nihil
973 393 1062 448 vel
1095 395 1363 467 exiguum
1389 400 1613 454 omnino
1643 401 1734 456 lu-

110 483 277 523 crum
308 483 342 521 a
370 465 656 522 salutifera
691 469 1016 539 acquiritur.
1095 469 1198 524 Per
1238 471 1373 525 istas
1409 473 1642 527 virtutes
1679 485 1734 531 et

110 542 369 598 mundus
388 543 686 596 universus
708 542 886 596 factus
906 551 1008 596 est.
1058 544 1268 600 Vocant
1289 553 1472 600 autem
1492 563 1585 601 eas
1607 549 1731 602 aliis

117 621 291 674 etiam
332 617 655 671 nominibus
694 616 1063 682 salutiferam,
1122 626 1401 690 potentem
1431 630 1485 676 et
1523 621 1733 677 benefi-

114 709 269 760 ciam3
308 703 313 706 “
354 692 684 747 contrariam
725 707 857 746 vero
904 694 1235 748 immensam
1280 704 1334 749 et
1381 695 1733 752 damniticam

112 769 181 841 (s.
218 766 641 839 corruptivam).
720 765 877 821 Unde
906 767 988 822 sol
1018 776 1075 822 et
1115 769 1244 823 luna
1283 779 1732 843 caeterarumque

110 842 411 898 stellarum
440 842 581 896 situs
608 843 999 896 convenientes
1019 851 1074 898 et
1091 843 1374 900 ordinatae
1394 847 1628 902 virtutes
1650 857 1733 902 at-

109 935 228 989 que
246 917 577 972 universum
597 916 812 971 caelum
835 917 905 971 ab
925 925 1158 989 utroque
1179 920 1474 975 exsistunt.
1522 921 1734 994 Acqui-

108 996 261 1048 titur
285 999 469 1046 autem
488 991 683 1047 melior
711 1007 902 1046 eorum
927 1007 1084 1063 pars,
1128 993 1350 1064 quando
1380 995 1594 1068 subigit
1621 998 1732 1051 im-

108 1083 371 1122 mensam
390 1067 545 1121 illam
567 1075 818 1121 naturam
841 1083 907 1121 ac
930 1066 1283 1123 damniticam
1311 1071 1596 1126 salutifera
1624 1072 1732 1127 ista

16 1147 24 1153 '
112 1151 167 1198 et
200 1139 476 1196 benefica.
554 1141 897 1214 Quapropter
926 1150 980 1196 et
999 1143 1114 1207 illi,
1148 1145 1247 1214 qui
1270 1145 1589 1201 huiusmodi
1611 1164 1730 1201 sor—

108 1218 203 1272 titi
226 1223 364 1270 sunt
388 1223 663 1280 naturam,
693 1216 859 1272 simul
882 1219 1095 1288 quique
1115 1219 1463 1288 postmodum
1486 1223 1730 1277 sortiun—

108 1303 235 1354 tur,
272 1290 607 1345 immortales
634 1291 963 1346 redduntur.
1032 1293 1238 1349 Verum
1257 1310 1434 1366 genus
1455 1303 1730 1368 tempera-

106 1363 309 1436 tum*)
348 1373 431 1419 est
466 1383 536 1420 ex
573 1366 869 1430 ambobus,
921 1385 948 1420 a
989 1367 1198 1438 quibus
1246 1378 1299 1423 et
1346 1369 1558 1425 caelum
1599 1371 1729 1428 uni—

110 1455 431 1510 versusque
460 1440 703 1495 mundus
744 1441 848 1496 hoc
888 1459 1174 1514 sumpsere
1213 1451 1723 1516 temperamentum.

109 1513 353 1582 Quando
372 1532 501 1570 vero
522 1514 795 1571 redundet
815 1517 1012 1571 mixtio
1036 1517 1198 1582 mali,
1243 1519 1375 1574 hinc
1408 1521 1614 1578 vivitur
1645 1521 1728 1577 af—

110 1589 488 1654 flictionibuS,
530 1590 777 1654 damnis,
822 1591 1035 1647 vilitate
1075 1592 1142 1666 (s,
1173 1596 1540 1670 contemptu),
1580 1598 1721 1662 rixa,

111 1663 321 1727 bellis,
362 1664 679 1720 infirmitate
709 1665 979 1738 corporis,
1024 1668 1192 1722 simul
1224 1678 1405 1724 autem
1426 1679 1479 1724 et
1497 1673 1726 1724 caeteris

111 1739 554 1795 adversitatibus
593 1739 959 1795 humanarum
998 1759 1211 1806 rerum,
1259 1745 1404 1797 sicut
1434 1745 1491 1797 in
1519 1744 1726 1798 mundo

108 1815 413 1876 universo,
454 1813 536 1867 sic
574 1821 628 1868 et
664 1815 723 1868 in
759 1815 1002 1871 homine.
1080 1818 1226 1870 Haec
1261 1817 1446 1886 itaque
1486 1818 1726 1871 mixtura

108 1887 434 1958 communis
456 1895 537 1942 est
554 1888 803 1960 improbo
824 1899 876 1945 et
896 1891 1162 1961 sapienti,
1205 1889 1304 1944 sed
1333 1908 1441 1945 non
1463 1891 1636 1944 simili
1657 1890 1723 1961 (s.

109 1961 337 2034 eodem)
366 1961 554 2017 modo:
615 1965 874 2034 quoniam
903 1963 1225 2034 insipientis
1255 1965 1437 2020 anima
1467 1964 1595 2034 plus
1627 1965 1727 2018 ha—

109 2040 211 2093 bet
230 2037 304 2091 de
324 2038 591 2093 immensa
610 2038 708 2092 illa
730 2038 1051 2102 damnifica,
1095 2054 1263 2108 quam
1293 2038 1362 2092 de
1391 2047 1608 2108 potente
1636 2055 1727 2092 sa—

110 2111 372 2175 lutifera,
416 2126 543 2166 nam
568 2114 772 2168 misere
792 2113 1163 2168 cohabitatrix
1191 2111 1257 2185 (s.
1282 2111 1588 2184 congenita)
1621 2112 1725 2167 fuit

110 2203 249 2242 cum
286 2188 665 2254 terrestribus;
740 2196 794 2242 at
820 2188 1131 2251 modestuS,
1171 2187 1300 2258 plus
1332 2187 1625 2242 admittens
1655 2187 1724 2241 de

108 2268 341 2335 potente
360 2269 414 2317 et
430 2257 743 2326 salutifera,
786 2271 973 2318 contra
992 2262 1242 2334 possidet
1271 2263 1328 2316 in
1359 2279 1418 2316 se
1449 2260 1723 2317 fortunam

110 2352 341 2409 quoque
370 2353 434 2391 ac
464 2333 811 2401 felicitatem,
862 2337 1219 2392 circumlatus
1257 2354 1367 2392 una
1407 2354 1534 2392 cum
1573 2336 1725 2392 caelo

112 2413 275 2467 iuxta
312 2412 696 2483 cognationem
732 2411 799 2468 ad
828 2412 992 2474 illud.
1072 2412 1290 2484 Optime
1332 2413 1517 2484 itaque
1556 2411 1718 2467 dicit:

116 2487 238 2540 Non
264 2489 398 2540 sinet
421 2503 778 2554 percussorem
805 2492 1011 2556 inyredi
1036 2491 1243 2542 domum
1269 2497 1493 2542 vestram
1517 2490 1589 2542 ad
1616 2489 1726 2542 lae-

116 2563 369 2626 dendum;
412 2559 563 2629 quod
582 2577 775 2632 reapse
796 2563 995 2633 agitur.
1056 2562 1244 2618 Virtus
1265 2562 1415 2616 enim
1433 2577 1576 2634 quae
1594 2579 1725 2634 per—

220 2739 266 2788 *)
297 2741 401 2780 Gens
429 2741 589 2787 Israel,
619 2743 681 2780 alt
707 2739 845 2781 ulons.
898 2742 1056 2782 Auch.
