2125 3084
373 208 439 259 50
820 212 1186 259 ruinoms
1231 212 1504 259 mnam
1783 205 1853 273 [1‚
1875 210 1982 277 ιι]

372 314 523 381 Quae
542 328 671 366 vero
689 312 909 367 initium
928 328 1182 383 accepere
1200 312 1565 383 generationis
1580 351 1593 374 ,
1619 298 1980 384 cognoscunt

374 396 686 443 creatorem.
762 384 919 452 Quod
938 387 987 439 si
1008 386 1264 440 animalia
1284 386 1556 439 terrestria
1569 426 1584 448 ,
1617 388 1896 457 aquatilia
1917 400 1978 447 et

376 466 431 517 in
454 464 575 517 aere
594 461 832 517 volantia
850 470 1154 532 cunctaque
1171 460 1318 514 entia
1339 460 1559 516 initium
1584 463 1973 532 generationis

376 538 700 609 acceperunt
734 544 795 591 ut
822 544 1003 589 essent
1029 542 1412 605 exstarentque
1425 575 1440 597 ,
1479 536 1706 589 omnino
1733 552 1972 593 necesse

374 622 457 667 est
484 621 537 666 et
562 618 735 666 totum
762 610 1031 664 mundum
1056 618 1374 681 generatum
1403 606 1471 679 (s.
1491 609 1758 681 creatum)
1780 609 1968 675 fateri,

376 703 549 758 quum
568 692 749 756 partes
770 686 891 738 eius
910 701 974 738 ac
994 685 1254 739 minimae
1271 698 1490 754 quoque
1507 684 1820 759 particulae
1833 703 1972 741 cau-

376 778 493 817 sam
514 760 749 815 habeant
766 759 1132 831 generationis
1161 775 1314 814 suae.
1389 758 1554 821 Nam,
1593 766 1656 811 ut
1683 758 1964 825 diximum

380 838 537 891 cuius
557 852 683 906 pars
702 834 969 905 originem
996 833 1162 887 habet
1183 832 1576 907 generationis,
1617 840 1796 890 totum
1825 852 1968 905 quo—

374 928 483 983 que
502 910 666 965 habet
680 909 949 980 originem
968 906 1362 980 generationis3
1420 914 1478 961 et
1507 907 1666 961 cuius
1686 924 1820 978 pars
1841 926 1964 963 cor-2

375 984 867 1057 ruptioniobnoxia
894 988 975 1036 est
987 1022 1000 1045 ,
1042 984 1264 1037 omnino
1283 996 1505 1035 necesse
1523 989 1580 1035 et
1597 990 1773 1037 totum
1795 984 1958 1040 etiam

374 1061 656 1117 subiacere
674 1058 1025 1129 corruptioni.

486 1188 571 1239 89.
619 1179 1072 1255 Quandoquidem
1104 1197 1232 1235 vero
1253 1180 1490 1235 humana
1511 1188 1701 1235 natura
1722 1198 1754 1235 a
1771 1183 1958 1252 provi-

374 1260 557 1317 dentia
587 1258 895 1337 declinans„
938 1265 998 1312 ut
1026 1255 1264 1311 desolata
1305 1272 1366 1309 ac
1403 1255 1704 1319 destructa,
1751 1257 1957 1328 impro-

375 1335 503 1390 bam
521 1332 631 1387 sibi
653 1333 822 1387 vitam
840 1332 1036 1386 ascivit
1050 1372 1062 1395 ‚
1097 1331 1171 1405 ita
1191 1339 1250 1385 ut
1271 1330 1339 1385 ab
1359 1329 1661 1385 universali
1682 1330 1956 1403 humanae

375 1408 587 1464 animae
605 1407 816 1479 origine
839 1404 1126 1459 abstulerit
1153 1404 1580 1479 providentiam,
1619 1406 1956 1476 aequissima

376 1482 477 1537 erit
504 1481 683 1537 totalis
712 1479 999 1534 dissolutio
1019 1480 1411 1535 elementorum
1433 1478 1728 1550 aliquando
1750 1479 1954 1536 futura.

373 1559 515 1613 Haec
536 1563 618 1627 est
637 1556 783 1609 enim
805 1554 1181 1626 providentiae
1200 1572 1412 1611 summa
1441 1554 1686 1608 vindicta
1711 1555 1776 1609 in
1806 1573 1960 1611 crea-

373 1642 521 1691 turas
550 1630 808 1693 rebelleS,
848 1628 1185 1703 condignum
1211 1631 1528 1701 iustumque
1565 1628 1814 1685 iudicem
1853 1632 1958 1685 im-

373 1708 483 1781 piis
510 1706 798 1779 praeponi,
842 1714 903 1759 ut
929 1722 1128 1777 nempe
1159 1705 1228 1760 ab
1255 1706 1328 1758 iis
1357 1722 1420 1759 ea
1448 1703 1680 1768 auferat,
1723 1705 1786 1762 in
1816 1722 1954 1777 quae

373 1784 547 1839 veluti
570 1784 628 1837 in
646 1779 921 1856 quoddam
939 1778 1212 1851 perfectae
1233 1778 1511 1834 felicitatis
1531 1778 1856 1835 convivium
1877 1779 1954 1834 fe-

375 1859 651 1913 rebantur.
710 1857 943 1929 Fugiant
962 1857 1146 1927 itaque
1165 1855 1450 1920 elementa,
1473 1854 1790 1919 abscedant,
1814 1872 1952 1927 quae

372 1933 747 2006 providentiae
768 1932 943 1986 minas
965 1932 1138 1985 iustas
1153 1924 1750 2004 [*]nequierunt'ferre;
1787 1948 1952 2002 quae-

374 2026 481 2084 que
509 2010 868 2065 instrumenta
889 2014 1041 2059 erant
1060 2006 1338 2069 varietatis
1357 2004 1550 2058 mundi
1567 2004 1958 2075 pulcherrimi„

373 2083 785 2139 dissolutionem
806 2080 1170 2151 corruptionis
1195 2079 1513 2133 sortiantur:
1573 2081 1839 2150 quoniam
1867 2080 1950 2134 di-

372 2159 551 2230 gnitas
585 2173 795 2211 morum
826 2156 895 2209 ab
923 2154 1241 2209 hominibus
1273 2155 1520 2216 evanuit,
1561 2154 1950 2209 inconstantia-

372 2250 481 2305 que
499 2231 803 2304 praevaluit
822 2230 885 2283 in·
899 2229 1230 2301 perturbatis
1251 2228 1420 2282 animi
1440 2227 1778 2299 praecordiis
1793 2271 1806 2293 ,
1837 2245 1950 2282 ina-

373 2307 489 2363 litia
506 2312 937 2379 praeoccupante
956 2304 1205 2358 eiusdem
1227 2304 1582 2357 mansionem.

483 2435 568 2485 90.
606 2429 755 2497 Quae
774 2445 947 2501 quum
966 2428 1042 2483 ita
1062 2429 1197 2493 sint,
1238 2437 1300 2483 ut
1323 2426 1530 2491 dictum
1552 2435 1660 2489 est,
1702 2429 1954 2499 quo-iure

373 2502 612 2559 mundus
622 2506 935 2560 ulteriorem
945 2502 1285 2559 durationem
1297 2502 1496 2561 habere
1505 2500 1760 2565 voluerit.
1779 2518 1956 2573 quum

370 2578 712 2653 providentia
733 2578 1199 2651 longanimitatem
1219 2596 1373 2633 suam
1394 2579 1502 2633 iam
1515 2576 1804 2647 permulta
1814 2586 1958 2631 tem-

370 2668 499 2721 pora
520 2644 1007 2707 demonstraverit?
1050 2652 1262 2709 &avitus
1284 2654 1438 2715 licet,
1469 2652 1730 2723 deinceps
1751 2660 1956 2707 terrore

370 2722 638 2777 afficietur
656 2733 711 2779 et
727 2726 1025 2797 trepidabit
1036 2726 1433 2785 velementorum
1451 2726 1712 2785 nobilitas
1727 2768 1739 2791 ,
1763 2728 1958 2800 provi-
