2125 3084
320 179 413 232 {50
765 183 1132 230 rmnoms
1169 181 1442 230 mnam
1694 178 1757 245 si,
1781 178 1922 245 ism]

374 353 377 356 ἢ
426 287 512 339 73.
562 285 769 340 Pauo.
817 283 1047 340 Mirifice
1077 301 1208 338 sane
1236 301 1322 338 res
1353 292 1459 348 est,
1501 300 1536 338 o
1551 283 1916 356 Lysimacho,

314 362 597 432 maiorque
616 360 806 414 aetatis
824 367 1087 431 tempore,
1112 359 1186 413 ita
1206 367 1268 413 ut
1287 366 1568 430 stuporem
1585 358 1766 414 facere
1775 377 1922 432 pos-

314 437 388 491 sit
407 453 516 490 non
536 433 713 490 solum
732 434 952 488 rusticis
966 475 979 499 ,
1017 450 1212 489 verum
1231 433 1396 488 etiam
1413 434 1700 489 instructis
1719 433 1920 506 philo-

314 511 529 582 sophia.
588 510 703 582 Ego
723 510 907 580 itaque
926 525 1034 564 non
1052 525 1212 563 careo
1232 506 1417 562 studio
1434 507 1759 564 huiusmodi
1781 527 1922 563 ver-

315 586 537 648 horum,
580 584 679 639 sed
705 601 775 638 ex
801 584 1085 638 iuventute
1112 584 1171 637 in
1202 583 1305 637 hac
1325 583 1564 636 nutritus
1585 600 1710 637 sum
1730 583 1915 638 disci-

314 660 468 733 plina
488 658 557 714 ad
578 656 963 714 inveniendam
985 659 1287 721 veritatem,
1315 665 1478 728 atque
1498 659 1779 712 nominum
1803 675 1912 712 ve-

315 743 584 790 nustatem
612 734 1183 803 interpretationisque
1209 733 1544 788 celeritatem
1563 749 1664 787 non
1683 729 1908 786 medio-

316 810 478 864 criter
496 808 734 880 percepi,
758 805 856 861 sed
878 815 1021 862 certe
1041 813 1095 862 et
1113 824 1242 861 vere
1263 808 1414 862 novi.
1461 805 1720 873 Quoniam
1740 805 1903 862 haud
1932 805 1934 807 ’

316 885 625 957 ignoranter
644 891 696 936 te
716 899 831 936 rem
851 882 1132 954 percipere
1152 880 1494 936 monstrabas
1508 922 1522 947 ,
1563 881 1692 935 dum
1707 879 1902 935 decla-

315 976 493 1014 mares
509 955 581 1034 [Ἴ
596 956 763 1012 verba
781 957 959 1020 citata,
986 965 1122 1011 nutu
1144 957 1401 1010 continuo
1422 957 1618 1028 capitis
1634 955 1733 1018 tui,
1757 954 1902 1026 quid

316 1049 519 1106 quaeso
538 1040 774 1105 putareS‚
799 1032 849 1086 si
870 1034 1051 1104 ipsum
1071 1031 1289 1086 audires
1311 1029 1616 1104 legentem?
1652 1029 1792 1086 Mihi
1811 1031 1905 1086 vi-

316 1108 536 1164 debaris
576 1125 689 1161 rem
724 1106 888 1161 altius
918 1107 1204 1178 concipere
1233 1104 1302 1160 ad
1331 1107 1504 1160 instar
1529 1103 1904 1160 divinantium

317 1201 468 1238 sacra
488 1179 726 1252 quadam
744 1182 984 1248 insania;
1044 1181 1305 1252 quoniam
1326 1180 1413 1235 illi
1431 1197 1538 1235 non
1562 1180 1792 1235 eandem
1813 1197 1904 1235 re-

315 1258 644 1312 velationem
681 1273 740 1310 se
780 1257 1053 1328 accepisse
1081 1256 1246 1310 dictis
1277 1255 1580 1320 declarant,
1619 1272 1788 1326 quam
1819 1254 1904 1309 fa-

316 1333 468 1386 ciunt
486 1339 730 1385 auctores
752 1339 805 1388 et
833 1338 1298 1386 commentatores,
1375 1327 1716 1402 Quapropter
1746 1329 1902 1384 aliud

316 1414 423 1470 est,
464 1405 684 1476 quando
712 1405 822 1460 huc
849 1406 985 1460 illuc
1014 1405 1289 1460 versatilis
1320 1405 1651 1476 comperitur
1675 1404 1906 1477 praedi-

318 1481 423 1534 ctio
454 1480 674 1552 linguae
706 1488 760 1534 et
794 1497 891 1550 per
928 1481 1223 1534 terminum
1257 1481 1366 1534 oris
1407 1479 1556 1534 finita
1574 1521 1586 1544 ,
1629 1488 1683 1536 et
1721 1479 1896 1546 aliud,

317 1552 534 1626 quando
553 1570 623 1609 ex
641 1554 821 1608 anima
847 1554 1202 1610 moderatrice
1230 1555 1492 1626 producta
1508 1595 1520 1618 ,
1562 1555 1902 1610 instrumen-

316 1638 433 1685 tum
452 1629 605 1684 vocis
624 1628 852 1700 pulchre
872 1638 1128 1699 coaptans
1143 1671 1159 1695 ,
1189 1629 1441 1685 decenter
1461 1631 1808 1700 pronunciat.

425 1754 511 1808 74.
552 1753 752 1810 Verum
778 1754 926 1809 enim
957 1771 1086 1810 vero
1112 1755 1283 1826 patris
1312 1761 1406 1808 aut
1431 1755 1622 1809 matris
1655 1754 1725 1810 ad
1745 1763 1900 1813 natos

318 1827 527 1884 affectio
546 1846 655 1884 non
674 1829 838 1886 habet
855 1847 1071 1902 parem:
1131 1831 1249 1885 veri
1269 1837 1452 1884 tamen
1475 1838 1730 1900 parentes
1745 1871 1758 1894 ‚
1801 1830 1898 1901 qui

315 1904 619 1960 seeundum
655 1906 940 1960 scientiam
964 1905 1238 1976 sapientes
1267 1912 1420 1968 sunt,
1461 1921 1635 1975 quum
1663 1901 1900 1964 referant,

316 1995 443 2034 suas
482 1980 850 2042 inventiones,
893 1979 1196 2034 admiscent
1231 1996 1358 2035 cum
1395 1979 1582 2034 verbis
1616 1980 1898 2034 inenarra-

318 2053 487 2108 bilem
523 2055 815 2124 quamdam
853 2053 1192 2108 affectionem
1220 2053 1293 2108 ad.
1319 2053 1613 2109 auditorem
1691 2051 1763 2110 At
1791 2070 1898 2108 non

315 2143 491 2198 pauca
517 2145 625 2183 una
650 2146 775 2184 cum
796 2129 1110 2184 nominibus
1130 2129 1428 2200 verbisque
1445 2127 1760 2185 conduntur
1780 2128 1898 2183 vel-

316 2212 379 2256 ut
406 2204 464 2256 in
490 2201 769 2268 thesauro,
812 2203 999 2274 inquis
1008 2209 1037 2256 .‘
1107 2204 1367 2258 Decenter
1394 2219 1458 2257 ac
1487 2203 1892 2258 convenienter.

314 2276 431 2348 Ego
457 2286 636 2334 tamen
664 2295 793 2350 erga
820 2286 1294 2334 commentatorem
1313 2277 1727 2333 inclinationem
1748 2287 1896 2332 tuam

315 2352 507 2416 miror3
559 2353 637 2407 ita
656 2355 803 2408 enim
822 2353 1053 2406 verbum
1071 2353 1210 2407 mihi
1230 2369 1448 2409 narrare
1468 2349 1706 2415 videris,
1739 2359 1800 2406 ut
1818 2360 1897 2406 et-

315 2424 425 2476 iam
447 2424 515 2477 ab
534 2424 655 2495 ipso
672 2427 935 2498 scriptore
948 2468 961 2491 ,
984 2427 1206 2498 quando
1229 2427 1416 2500 legens
1433 2425 1760 2499 publicabat
1773 2427 1895 2490 ¹ni·-

315 2494 395 2548 hil
418 2497 633 2554 differre
656 2499 939 2555 videreris.

422 2617 509 2670 75.
557 2622 721 2678 Miras
750 2631 931 2679 autem
956 2623 1316 2680 adolescentis
1335 2627 1682 2697 quaestiones
1702 2641 1900 2680 recen-

317 2694 415 2748 teS,
449 2704 615 2747 novas
637 2697 1082 2770 multiplicesque
1103 2699 1517 2756 adinventiones
1537 2708 1590 2756 et
1607 2700 1902 2756 nominum
