2125 3084
168 179 260 243 [11,
293 174 415 239 341]
537 179 619 225 IN
662 178 1006 225 GENESIN.
1055 180 1308 227 SERMO
1345 184 1429 229 IV.
1691 178 1786 231 455

174 299 326 345 esse,
376 278 478 334 sed
520 278 774 343 alterius,
818 295 963 349 quae
999 288 1126 351 post
1164 282 1448 336 mortalem
1486 293 1594 349 est,
1643 301 1786 355 quae

169 371 383 427 nempe
410 371 519 409 non
550 361 633 408 est
658 353 1068 424 corruptibilis:
1120 356 1408 425 proprium
1428 359 1576 411 enim
1595 367 1678 413 est
1698 360 1787 413 in-

176 428 535 501 corruptibili
566 428 809 491 animae,
853 444 924 482 ex
952 429 1222 499 corporali
1265 438 1458 483 natura
1496 433 1786 489 translatae

179 512 578 578 coaptataeque
618 501 689 556 ad
728 503 1175 573 incorporeorum
1213 503 1545 577 gaudiorum
1577 509 1788 577 princi-

176 598 327 653 pem,
354 579 633 633 seminare
653 576 919 633 laetitiam
928 576 1009 650 *);
1042 579 1309 650 quoniam
1326 579 1584 635 tristitiae
1603 583 1788 637 nescia

176 672 315 729 gens
338 652 748 726 appropinquat
768 660 935 725 atque
951 654 1206 725 proxima
1225 661 1310 709 est
1330 652 1401 709 ad
1421 653 1609 709 deum.

276 926 357 993 [Ἴ
400 924 562 984 Quare
599 926 741 979 diott:
800 928 1109 1061 'ipi‘t‘gecztitb
1123 930 1189 1058 ιζ’,
1235 929 1558 995 quodcumque
1594 938 1700 979 erat

302 1143 420 1197 ⁴23.
469 1138 753 1211 Optimum
783 1158 916 1213 prae
946 1158 1007 1196 se
1028 1141 1136 1197 fert
1156 1142 1337 1198 littera
1356 1143 1672 1217 symbolum
1691 1162 1790 1215 pro

177 1214 565 1271 auditoribus:
632 1216 915 1288 siquidem
952 1218 1320 1273 conveniebat
1359 1218 1440 1273 eis
1456 1260 1469 1283 ‚
1510 1219 1610 1290 qui
1648 1222 1793 1275 reci-

176 1292 356 1363 piunt
391 1297 643 1344 externas
680 1292 937 1347 materias
953 1332 966 1356 ,
1010 1292 1233 1357 audire,
1281 1293 1433 1365 quod
1471 1294 1790 1350 adolescens

179 1365 397 1421 ditatur
416 1364 697 1436 accipiens
716 1383 747 1421 a
763 1374 919 1437 patre
936 1367 1211 1439 quicquid
1233 1368 1353 1423 eius
1374 1376 1513 1437 erat;
1565 1370 1792 1443 symbo-

179 1441 303 1495 lum
328 1447 511 1494 autem
532 1440 645 1494 iam
665 1440 938 1496 dictorum
955 1458 1055 1513 per
1075 1459 1134 1497 se
1154 1441 1380 1500 edoctus
1403 1442 1661 1519 (Isaacus)
1690 1445 1792 1501 ha-

179 1516 300 1571 bet.
379 1512 653 1580 Quoniam
692 1516 961 1588 quicquid
992 1516 1240 1572 doctrina
1267 1535 1367 1591 per
1394 1518 1621 1593 longum
1648 1529 1792 1577 tem-

180 1607 293 1663 pus
314 1590 603 1660 acquirere
621 1587 755 1645 facit
767 1631 781 1655 ‚
810 1590 871 1645 id
890 1599 1082 1647 natura
1103 1600 1383 1664 tamquam
1403 1594 1609 1650 donum
1629 1613 1792 1667 prae-

181 1672 441 1737 paratum
462 1664 734 1721 concedit.
800 1666 944 1721 Huic⁴
960 1667 1220 1722 similiter
1238 1685 1406 1739 super
1423 1670 1670 1724 tribuum
1690 1688 1793 1742 pa-

182 1739 455 1795 triarchas
477 1737 609 1794 fecit
626 1739 919 1811 propheta:
982 1758 1110 1796 nam
1129 1759 1290 1797 orans
1310 1759 1409 1813 pro
1426 1745 1608 1812 primo
1629 1753 1793 1814 atque

184 1814 409 1869 dicens:
460 1814 602 1868 Vivet
622 1816 797 1870 Ruben
813 1826 861 1871 et
878 1833 983 1870 non
998 1822 1274 1878 morietur,
1311 1820 1502 1884 fiatque
1520 1820 1795 1885 multiplex

182 1906 402 1943 numero
428 1896 603 1957 (Dent.
634 1896 713 1957 33,
742 1894 821 1956 6),
870 1898 1132 1963 quartum
1168 1897 1294 1961 post
1332 1890 1518 1959 ipsum
1557 1889 1791 1955 inducit,

184 1964 413 2019 omissis
432 1964 680 2019 secundo
702 1973 755 2020 et
773 1967 933 2021 tertio
947 2008 960 2031 ‚
1002 1965 1195 2020 dicens
1217 1964 1354 2018 haec
1376 1961 1414 2035 (.
1446 2004 1457 2015 .
1488 2004 1500 2017 .
1522 1963 1798 2021 subintel-—

186 2038 302 2112 lige
320 2038 494 2094 verba
520 2038 967 2113 benedictionis).
1026 2042 1080 2095 Is
1111 2047 1294 2095 autem
1321 2037 1456 2093 Iuda
1489 2047 1591 2096 est.
1652 2042 1796 2096 Haec

113 2110 129 2125 ⁶
190 2122 375 2169 autem
396 2114 609 2185 prolata
628 2114 847 2171 Rubeni
867 2114 1186 2170 benedictio
1213 2115 1490 2187 imprimis
1520 2123 1604 2171 est
1632 2125 1686 2172 et
1705 2118 1798 2172 lu-

188 2188 321 2253 dae,
366 2206 563 2244 verum
593 2189 680 2245 illi
710 2198 773 2245 ut
800 2190 934 2255 soli,
972 2190 1108 2244 huic
1137 2199 1319 2246 autem
1337 2199 1399 2245 ut
1419 2207 1575 2263 pars3
1628 2208 1797 2264 super

188 2264 341 2318 enim
370 2265 596 2335 ponitur
624 2281 753 2319 cum
791 2264 959 2321 altera
997 2266 1223 2321 maiore.
1300 2266 1452 2332 Quae
1489 2282 1620 2321 vero
1660 2268 1797 2325 ratio

186 2339 264 2393 sit
290 2339 525 2486 iffi>5um
540 2380 553 2403 ‚
597 2339 840 2406 dicetur,
881 2358 1056 2413 quum
1076 2341 1492 2398 benedictiones
1513 2340 1799 2394 examine-

184 2430 313 2467 mus
424 2456 435 2467 .

293 2588 339 2636 ¹)
366 2585 528 2631 Sensus
556 2591 644 2629 est:
688 2588 905 2630 Abraham
929 2590 1162 2639 spiritualis
1187 2591 1276 2630 fere
1304 2590 1434 2629 homo
1461 2587 1687 2628 seminavit
1711 2587 1800 2627 Iso-

185 2650 338 2686 acum,
366 2641 443 2688 qni
468 2640 713 2689 explicam
738 2642 901 2682 laetitia
924 2642 1017 2681 sive
1042 2642 1172 2681 nous.
1225 2641 1389 2680 Auch.

296 2724 369 2772 ¹¹¹¹)
395 2723 481 2764 Sed
508 2724 775 2766 deatderatur
798 2725 919 2766 locus
945 2728 1198 2775 promissus.
1250 2724 1411 2764 Auch.
