2125 3084
534 189 890 236 NOMINUM
932 190 1033 235 ET
1067 190 1355 238 RERUM.

1643 185 1736 238 25⁴

208 310 357 367 pater
379 304 720 383 universorum
745 305 789 366 Ι,
811 284 949 355 632.’
1026 306 1116 355 biti
1137 305 1206 365 11,
1229 310 1345 353 306.
1373 306 1618 369 supplicio
1635 320 1747 371 gra-

132 376 339 488 Εοῗέτξᾷ
354 438 483 488 lucis
506 453 626 488 usus
653 438 722 499 11,
744 443 861 487 226.

134 505 444 555 Solitudinis
464 507 652 554 utilitas
670 505 738 566 H,
760 511 819 553 41
831 511 874 553 1.

1026 372 1233 421 vissimo
1253 372 1390 434 digni
1407 372 1471 419 ib.

966 438 1220 503 Spelunca
1237 439 1423 502 duplex
1439 438 1483 499 1,
1499 440 1612 487 237.
1633 442 1744 486 662.

1031 510 1146 555 670.

134 573 350 621 Solonis
380 574 441 621 de
472 573 732 621 hominum
768 578 929 621 aetate
966 572 1184 637 Spei-ans
1203 572 1522 636 imperfectus
1541 571 1610 631 Π,
1631 576 1678 619 8.

211 639 437 688 carmina
455 639 497 698 Ι,
520 644 601 687 25.

137 706 412 756 Somnium
437 707 568 754 vitae·
592 706 842 754 humanae
860 705 927 765 Π,

212 778 297 821 59.
315 773 624 821 somniorum
636 773 929 835 interpretes

206 840 487 905 prophetae
504 840 573 900 11,
596 844 676 888 55.
713 840 931 888 somnio·

209 920 325 956 rum
345 907 539 969 species
556 908 721 956 variae
748 907 790 967 Ι,
814 911 925 954 620.

211 988 245 1023 a
262 974 345 1021 dei
364 975 684 1037 suggestione
706 974 933 1022 immissa

209 1040 275 1089 ib.
299 1054 366 1089 ex
382 1042 562 1090 mentis
581 1047 939 1101 nostrae-motu

208 1106 255 1167 Ι,
305 1110 419 1155 659.
472 1107 677 1171 Iosephi
718 1108 761 1167 1,
814 1112 928 1155 660.

209 1174 561 1238 pincernarum
588 1182 639 1224 et
655 1188 931 1237 coquorum

210 1241 451 1303 principis
484 1242 528 1303 Ι,
568 1244 684 1291 679.
737 1242 807 1301 Π,
847 1246 928 1291 55.

109 1341 117 1345 -
209 1308 489 1358 Pharaonis
506 1308 548 1369 Ι,
573 1311 687 1358 687.
719 1309 787 1370 Π,
812 1314 893 1359 56.

145 1374 367 1427 Somnus
405 1377 585 1426 mentis
616 1382 666 1425 et
692 1390 927 1425 sensuum

210 1454 439 1492 recessus
508 1444 577 1505 H,
647 1445 762 1493 667.
812 1447 926 1494 672.

208 1511 385 1560 mortis
410 1518 460 1560 et
480 1512 855 1561 resurrectionis
874 1511 930 1561 fi-

210 1593 339 1641 gura
357 1578 420 1627 ib.
450 1580 634 1628 nimius
671 1594 823 1641 quam
840 1593 930 1628 no·

966 639 1119 703 Spes,
1147 641 1364 689 hominis
1383 640 1486 688 veri
1509 639 1751 687 indicium

1029 708 1074 768 I,
1103 712 1217 756 218.
1261 714 1482 757 mentem
1509 706 1605 754 deo
1631 720 1750 755 con-

1029 776 1188 823 nectit
1233 774 1276 835 Ι,
1327 778 1442 823 231.
1513 772 1751 835 gaudium

1032 849 1148 891 ante
1165 842 1404 903 gaudium
1429 841 1472 900 I,
1495 845 1610 889 602.
1633 844 1748 888 603.

1028 908 1101 967 Π,
1122 912 1238 957 435.
1277 908 1526 957 bonorum
1551 907 1750 955 initium

1029 976 1100 1036 11,
1122 982 1170 1023 2.
1195 976 1433 1024 virtutum
1454 974 1659 1023 ianitrix
1678 974 1747 1033 11,

1031 1048 1081 1091 3.
1124 1043 1320 1091 animae
1357 1042 1649 1090 alimentum
1677 1041 1747 1101 Π,

1032 1111 1115 1158 57.
1157 1110 1289 1158 vitae
1323 1108 1601 1157 consolatio
1641 1109 1751 1157 sola

1028 1176 1100 1236 Π,
1132 1180 1246 1224 542.
1289 1177 1397 1239 spei
1435 1176 1672 1225 sementis
1697 1176 1751 1224 in

1031 1245 1200 1293 anima
1220 1243 1289 1303 11,
1311 1246 1427 1293 410.
1459 1270 1524 1280 —
1554 1256 1668 1306 spes
1697 1242 1751 1290 in

1030 1312 1182 1360 deum
1202 1311 1271 1371 Π,
1293 1311 1406 1358 574.
1447 1324 1513 1359 ex
1541 1310 1750 1373 scriptu-

1026 1392 1116 1427 rae
1153 1392 1324 1427 sacrae
1361 1378 1578 1427 lectione
1615 1392 1751 1425 com-

1028 1452 1234 1509 paratur
1269 1445 1338 1506 H,
1371 1447 1483 1494 574.
1535 1444 1750 1493 homini·

1030 1514 1126 1563 bus
1152 1528 1185 1563 a
1219 1513 1314 1563 deo
1349 1512 1652 1563 inseminata
1676 1512 1748 1572 Π,

210 1647 327 1694 xius
354 1646 423 1704 ΙΙ,
450 1647 564 1694 672.
611 1646 711 1694 Dei
746 1646 931 1695 benefi-
967 1647 1322 1712 spicilegium·
1351 1662 1418 1696 ex
1479 1647 1750 1709 manipulis

212 1713 347 1759 cium
374 1712 438 1758 sd
467 1713 597 1759 vires
629 1714 930 1774 reparandas

211 1777 281 1836 11,
306 1780 422 1824 256.
443 1781 558 1825 288.
580 1781 695 1825 289.

149 1842 433 1907 Sophistae,
454 1844 751 1892 contentiosi
760 1843 803 1904 Ι,
814 1847 929 1892 325.

1033 1717 1284 1778 spicarum
1368 1714 1750 1775 relinquendum

1030 1780 1334 1844 pauperibus
1360 1779 1430 1838 11,
1459 1784 1575 1827 390.
1629 1780 1751 1827 item

1032 1862 1100 1896 ex
1124 1846 1305 1894 vitibus
1333 1852 1383 1893 et
1411 1845 1537 1893 oleis
1563 1844 1628 1893 ib.

213 1924 319 1959 non
351 1915 537 1959 temere
572 1924 688 1958 cum
721 1911 783 1959 iis
814 1923 932 1959 con·
968 1912 1208 1977 Spiritus,
1247 1912 1377 1959 vitae
1408 1918 1584 1960 auctor
1617 1911 1661 1970 Ι,
1701 1916 1749 1959 6.

214 1976 933 2093 &wem

217 2112 391 2160 dicunt
426 2080 477 2159 et
510 2111 703 2160 faciunt
736 2111 779 2170 Ι,
812 2115 928 2160 241.

156 2210 159 2213 .
216 2178 395 2241 quibus
418 2178 602 2227 similes
624 2178 667 2238 Ι,
690 2182 805 2226 322.
848 2192 931 2227 eo·

214 2258 325 2293 rum
360 2258 441 2293 ars
478 2245 686 2294 affectus
728 2251 779 2294 et
810 2244 932 2292 vitia

216 2326 313 2361 non
358 2318 503 2360 sanat
544 2312 609 2361 ib.
678 2311 931 2377 sophistae

216 2380 447 2441 Aegyptii
480 2379 523 2440 Ι,
552 2384 667 2427 654.

156 2446 417 2510 Sophoclis
440 2460 613 2495 versus
630 2446 699 2508 H,
721 2452 835 2496 448.

1030 1981 1171 2029 varis.
1199 1978 1306 2026 eius
1333 1977 1541 2026 nomina
1566 1978 1609 2038 1,
1631 1982 1746 2026 265.

1028 2062 1123 2110 pro
1143 2046 1256 2098 aere
1275 2045 1484 2093 sumitur
1499 2044 1563 2093 ib.
1591 2052 1642 2095 et
1657 2060 1750 2108 pro

1031 2113 1243 2163 scientia
1267 2111 1330 2160 ib.
1386 2112 1649 2174 potestatis
1677 2113 1749 2160 di-

1025 2182 1176 2229 vinae
1193 2180 1362 2242 imago
1383 2178 1426 2238 1,
1449 2182 1561 2229 207.
1581 2206 1652 2216 --
1669 2194 1746 2242 sp.

1030 2249 1112 2297 dei
1138 2261 1241 2295 non
1265 2253 1524 2309 permanet
1555 2248 1610 2294 in
1643 2261 1749 2295 ma·

1028 2316 1093 2365 lis
1117 2315 1161 2373 Ι,
1192 2317 1305 2364 265.
1340 2317 1453 2362 270.
1495 2314 1746 2376 quomodo

1028 2383 1224 2431 ablatus
1242 2381 1285 2441 Ι,
1307 2384 1423 2428 266.
1457 2381 1652 2430 animae
1672 2394 1748 2430 es-

1029 2450 1190 2499 sentia
1206 2448 1249 2507 Ι,
1271 2447 1367 2496 207
1372 2481 1387 2495 .

152 2510 487 2579 Σωφροσύνης
504 2520 703 2579 etymon
720 2514 790 2574 Π,
811 2513 926 2563 378.
965 2516 1235 2581 sponsalia
1261 2514 1553 2563 tantundem
1577 2515 1746 2563 valent

156 2580 304 2631 Soror
338 2582 511 2631 uxoris
558 2594 662 2630 non
704 2581 931 2631 ducenda
1029 2600 1091 2634 ac
1105 2583 1310 2647 nuptiae
1327 2580 1395 2642 H,
1417 2586 1530 2629 311.

216 2648 281 2708 Π,
319 2654 434 2697 303.
464 2654 578 2697 304.

158 2715 409 2780 Spadones
444 2717 599 2765 nimio
622 2716 813 2767 honore
838 2716 926 2766 ha-

964 2651 1134 2703 Stacte
1186 2662 1369 2715 aquam
1411 2647 1656 2715 significat
1697 2648 1740 2709 1,

1029 2724 1145 2770 500.
