2125 3084
374 189 471 240 368
632 194 827 239 rint„
866 194 1018 240 mn.
1056 193 1382 250 QUABsT.
1419 193 1522 238 ET
1559 194 1725 239 son.
1767 189 1992 258 [mma]
2086 247 2087 268 3

414 336 547 394 Quid
572 347 683 386 sunt
716 338 973 400 „teyntuna
1004 335 1289 386 candelabri
1315 345 1362 384 et
1389 334 1670 398 basae“’)?
1707 343 1818 397 (25,
1842 344 1959 402 38.)

482 443 571 494 80.
622 441 871 508 Teymina
904 454 1007 492 seu
1040 442 1270 494 anabola
1307 455 1504 492 nomen
1530 438 1724 492 sortita
1749 449 1890 494 sunt
1919 443 1996 496 ab

374 513 705 588 ἀναβάλλειν,
717 521 1090 582 eepmninere,
1113 530 1179 568 eo
1197 512 1349 583 quod
1367 512 1512 568 sieut
1529 511 1776 566 lucernis
1797 513 1876 568 ad
1897 515 1997 570 lu-

372 608 502 646 men
532 589 885 646 excitandum
912 587 1095 644 oleum
1123 587 1660 660 supermittunt-„ita
1681 586 1994 645 luminosis

372 665 555 721 stellis
574 683 603 720 a
622 663 847 720 caelesti
864 663 1099 734 sphaera
1119 680 1338 718 omnem
1361 663 1540 718 lucem
1557 664 1826 733 praestari
1847 680 1994 718 eon—

372 743 523 814 tigit.
586 741 727 796 Nam
744 737 1218 810 quemadmodum
1239 735 1314 812 [³⁵]
1339 736 1614 808 quidquid
1634 737 1986 792 luminosum

374 817 435 872 in
460 815 639 870 oculis
668 824 751 870 est
764 855 779 878 ‚
822 813 893 868 ab
914 814 1098 869 anima
1115 813 1378 885 irrigatur
1395 843 1474 854 --
1489 814 1670 868 anima
1686 812 1838 866 enim
1855 829 1985 866 ma—

374 893 463 964 gis
484 890 879 945 luminiiormis
899 895 982 944 est
1000 917 1078 930 -
1089 930 1103 951 ‚
1131 889 1318 948 simili
1333 887 1502 944 modo
1520 897 1576 943 et
1591 904 1734 958 quae
1750 887 1812 941 in
1841 888 1983 941 stel-

376 967 449 1021 lis
466 966 689 1022 claritas
708 974 792 1020 est
811 964 981 1027 lucis,
1012 964 1152 1019 solet
1171 981 1246 1018 ex
1267 963 1491 1019 aethere
1509 965 1808 1035 purissimo
1832 963 1980 1016 reci-

374 1059 505 1113 pere
534 1040 1017 1096 illuminationem,

453 1180 611 1237 Quare
641 1181 929 1230 candelabro
964 1178 1194 1244 „pondus
1209 1182 1243 1209 “
1278 1179 1516 1230 distribuit
1548 1180 1822 1244 „talentum
1854 1195 1911 1228 ex

852 1265 970 1296 auro
998 1264 1124 1311 puro
1139 1249 1207 1294 “5
1247 1253 1352 1308 (25,
1385 1247 1497 1312 39.)

414 1367 451 1394 ·-
488 1350 573 1401 8⁴.
633 1349 830 1404 Arcam
866 1358 920 1403 et
952 1365 1203 1404 mensam
1243 1363 1307 1402 ac
1340 1349 1699 1416 thuribulum
1726 1353 1978 1402 mensuris

374 1421 715 1493 quibusdam
750 1432 945 1478 notans
974 1424 1200 1488 scribit,
1243 1423 1566 1480 candelabri
1594 1441 1728 1479 vero
1756 1440 1980 1478 mensu-

374 1514 493 1552 ram
513 1512 622 1551 non
643 1497 813 1562 dixit,
838 1498 939 1552 sed
952 1504 1157 1566 pondus
1175 1500 1509 1572 assignavit:
1571 1516 1637 1554 eo
1657 1497 1809 1571 quod
1829 1515 1982 1572 sym-

376 1571 593 1636 bolum,
626 1581 688 1627 ut
704 1573 873 1644 paulo
890 1575 1152 1645 superius
1172 1573 1320 1639 dixi,
1359 1574 1756 1638 candelabrum
1784 1581 1869 1628 est
1895 1581 1982 1628 to-

374 1649 487 1702 tius
508 1647 667 1702 caeli.
746 1648 975 1704 Caelum
994 1658 1178 1706 autem
1198 1649 1430 1722 sphaera
1449 1667 1626 1722 quum
1645 1650 1722 1708 sit
1737 1691 1750 1716 ,
1781 1665 1982 1720 expers

377 1731 461 1778 est
498 1723 987 1779 instrumentorum
1021 1727 1324 1797 imparium
1365 1743 1685 1790 mensurae,
1727 1724 1980 1796 paritatis

376 1800 568 1872 regula
588 1808 898 1873 coaptatum
918 1801 1224 1856 secundum
1247 1800 1481 1874 figuram
1501 1810 1554 1855 et
1575 1800 1854 1855 diversam
1880 1815 1982 1853 na-

374 1883 576 1930 turam.
652 1877 858 1932 Pondus
882 1885 1063 1932 tamen
1085 1877 1322 1947 aceepit,
1355 1877 1616 1947 quoniam
1637 1876 1824 1930 omnia
1843 1889 1981 1945 pon-

377 1950 564 2006 derata
583 1960 707 2023 post
726 1951 871 2007 illud
890 1960 1038 2007 sunt.
1105 1950 1376 2017 Quoniam
1396 1951 1538 2006 nihil
1561 1943 1864 2006 sublunare
1881 1965 1982 2020 per

377 2037 437 2080 se
478 2027 755 2090 consistit,
800 2026 899 2082 sed
938 2043 1100 2081 omne
1139 2027 1440 2098 quiequam
1469 2025 1740 2097 pusillum
1771 2043 1834 2080 ac
1862 2040 1982 2077 ma-

377 2117 549 2172 gnum
564 2141 577 2164 ‚
637 2109 919 2172 tamquam
964 2102 1033 2156 ab
1072 2099 1390 2156 admirabili
1427 2101 1637 2156 artifice
1671 2098 1978 2156 secundum

378 2175 518 2230 caeli
548 2177 813 2231 rationem
844 2177 1219 2241 invisibilem,
1263 2178 1512 2250 vigorem
1541 2175 1820 2248 praeferre
1847 2191 1980 2229 con—

378 2251 581 2304 suevit.
656 2253 922 2304 Talentum
941 2269 1072 2307 vero
1093 2253 1320 2306 unitatis
1343 2251 1509 2306 habet
1529 2250 1975 2313 similitudinem2

378 2327 511 2396 quia
550 2341 724 2379 unum
762 2333 845 2378 est
872 2326 1087 2380 caelum
1118 2335 1170 2381 et
1200 2328 1407 2382 nemini
1437 2327 1536 2382 alii
1566 2327 1751 2382 simile
1782 2343 1986 2380 secun-—

380 2397 514 2453 dum
544 2399 778 2471 figuram
804 2401 1084 2470 viresque.
1163 2403 1414 2474 Namque
1440 2411 1676 2473 quatuor
1711 2401 1985 2456 elementa

380 2475 759 2544 cognationem
801 2472 1004 2528 habent
1033 2475 1180 2540 inter,
1205 2494 1263 2531 se
1293 2485 1403 2532 tam
1432 2477 1770 2542 substantia,
1815 2493 1989 2548 quam

479 2645 522 2688 ἕ)
548 2645 657 2684 Aliis
685 2649 937 2688 emunctoria
962 2651 1001 2686 et
1024 2651 1322 2696 suppositor-ia,
1370 2661 1420 2690 eo
1449 2652 1562 2700 quod
1587 2653 1634 2691 in
1661 2651 1734 2692 Gr.
1763 2653 1898 2701 vulgo
1926 2654 1998 2693 le·-

380 2695 507 2750 gatur
531 2693 605 2730 τὸν
628 2696 880 2747 innovatae«
904 2695 1052 2736 καὶτὰ
1085 2697 1347 2747 ὑποθέματα.
1397 2703 1559 2742 Verum
1592 2703 1718 2742 Philo
1753 2714 1834 2752 pro
1871 2709 2000 2745 ante-

379 2742 480 2779 ποι-ἱ
508 2743 678 2782 videtur
702 2747 786 2792 legi
813 2748 924 2786 velle
952 2741 1146 2795 ἄνᾶβολα.
1195 2749 1356 2791 Aueh.
