2125 3084
166 199 336 266 [1,1o.]
425 205 524 250 DE
563 193 1112 254 rnovinsn'rm
1147 209 1400 254 snnno
1438 210 1484 256 1.
1696 203 1755 255 49

283 305 364 359 47.
404 305 644 378 Neergo
674 307 802 376 quis
832 306 903 360 ab
924 307 1049 361 aliis
1081 307 1346 378 sophistis
1374 309 1573 363 illusus
1601 310 1757 365 aliter

159 382 385 444 sentiat,
404 397 515 452 'per
536 380 731 435 factam
754 399 785 434 a
806 381 965 436 nohis
987 383 1427 454 interrogationis
1447 401 1548 454 ope
1567 385 1758 457 inqui-

164 456 446 520 sitionem,
491 455 724 510 indubia
754 457 917 511 etiam
949 456 1186 521 theoria,
1227 466 1374 512 certa
1403 458 1758 530 evidentique

162 531 621 586 demonstratione
642 532 845 602 patuit,
870 533 1128 602 quamvis
1147 532 1458 588 artificiosis
1479 533 1756 588 verbis‘ab

161 607 277 662 illis
314 606 563 678 undique
606 607 958 678 impediatur.
1047 609 1238 679 Neque
1273 608 1513 662 multum
1557 608 1757 663 laboris

159 690 429 752 superest,
444 681 491 736 si
516 689 823 736 constanter
844 689 904 736 tu
925 683 1045 753 ipse
1065 699 1354 753 personam
1375 682 1584 737 iudicis
1601 700 1758 738 assu-

159 774 299 810 mas».
364 756 543 822 Quum
567 757 743 820 enim,
769 763 829 812 ut
848 757 1091 820 ostendi,
1121 766 1304 830 partes
1325 757 1518 812 'mundi
1539 775 1639 830 per
1659 757 1758 813 de·-

157 833 515 886 structione'm
536 833 812 903 corrumpi
835 831 1082 897 videam,
1101 849 1216 902 ⁴cur
1235 851 1341 888 non
1363 834 1596 887 maiores
1617 850 1758 905 quo-

154 924 267 979 que
290 916 343 961 et
362 908 451 963 vel
474 907 594 979 ipsa
614 907 901 970 elementa,
928 907 1160 971 caelum,
1183 907 1428 978 inquam,
1461 918 1514 962 et
1534 917 1751 972 terram,

153 981 488 1036 destruenda
528 981 642 1036 fore
678 981 971 1037 concedam
988 1023 1000 1046 ‚
1048 998 1221 1054 quum
1264 984 1372 1037 iam
1409 983 1478 1038 de
1517 986 1756 1055 partium

154 1057 505 1128 corruptione
524 1075 713 1136 omnes
734 1056 1112 1114 consentiant?
1647 1065 1654 1072 ’

276 1184 357 1234 ⁴8.
398 1179 476 1236 Ac
504 1183 773 1254 primum,
816 1201 925 1238 non
954 1185 1066 1238 iam
1087 1183 1423 1256 peculiarem
1453 1185 1594 1239 mihi
1623 1202 1753 1238 sen-

152 1257 384 1313 tentiam
414 1267 778 1324 commentu3‚
818 1257 917 1314 sed
946 1268 1094 1314 certo
1121 1260 1352 1315 consilio
1380 1260 1515 1315 haec
1542 1268 1754 1332 pertra-

153 1341 303 1386 ctare
324 1348 615 1404 aggressus
630 1375 642 1397 ‚
687 1351 847 1406 agam
877 1334 1316 1390 luculentissime
1337 1334 1404 1390 de
1426 1343 1566 1390 terra
1589 1344 1753 1406 atque

151 1409 304 1471 aere,
348 1425 455 1462 non
484 1409 669 1464 minus
699 1411 879 1481 ipsam
908 1409 1049 1464 ae'ris
1077 1409 1383 1465 naturalem
1413 1410 1754 1465 affectionem

152 1481 525 1547 considerans,
551 1500 717 1555 quam
739 1485 1180 1540 animadvertens
1203 1487 1386 1557 ipsum
1406 1503 1553 1541 nunc
1571 1487 1752 1541 varias

150 1559 434 1629 passiones
466 1559 734 1631 experiri,
788 1568 842 1614 et
877 1576 1096 1634 rursum
1128 1562 1186 1616 in
1223 1562 1511 1620 sanitatem
1539 1560 1745 1616 redire:

148 1633 299 1688 unde
338 1635 504 1688 etiam
542 1634 883 1689 medicorum
923 1635 1131 1691 iudicio
1165 1654 1265 1708 per
1299 1638 1749 1692 commutationes

79 1711 87 1718 ’
148 1709 273 1763 eius
292 1709 425 1764 oriri
445 1709 663 1764 morbos
682 1709 965 1779 statuitur;
996 1713 1259 1782 quoniam
1278 1712 1636 1784 languescere
1651 1729 1751 1782 per

147 1781 301 1838 hunc
340 1783 531 1838 dixere
568 1800 791 1855 corpora
827 1786 885 1840 in
916 1785 1122 1841 mundo
1157 1787 1477 1841 exsistentia
1513 1785 1750 1839 naturali

149 1859 274 1913 eius
303 1858 741 1929 participatione.
819 1858 925 1926 Qui
957 1865 1088 1933 ergo
1115 1859 1390 1916 obnoxius
1419 1869 1502 1914 est
1537 1858 1743 1922 morb0,

147 1933 463 2004 tempestati
493 1951 555 1988 ac
582 1936 944 2008 corruptioni,
994 1935 1194 2007 quidni
1229 1936 1350 2006 ipsa
1385 1950 1604 2006 quoque
1636 1935 1748 1988 vita

144 2026 259 2064 non
280 2007 505 2063 demum
527 2009 811 2081 privetur‘?

264 2137 343 2188 ⁴9.
400 2131 471 2209 [³¹⁶]
512 2132 573 2190 si
607 2137 735 2207 quis
765 2144 945 2191 autem
978 2137 1154 2190 aerem
1194 2142 1348 2206 putat
1384 2133 1746 2188 immortalem

145 2227 295 2273 esse,
346 2210 421 2264 ita
448 2218 511 2265 ut
544 2218 873 2283 perpetuum
910 2214 1080 2267 istum
1119 2226 1536 2282 permansurum
1575 2206 1740 2272 dicat,

144 2284 447 2356 quomod0‚
502 2303 733 2357 quaese,
794 2289 852 2341 in
894 2303 1117 2358 corpore
1155 2285 1449 2339 immortali
1488 2282 1742 2338 mortales

146 2360 284 2414 mori
304 2359 547 2416 soleant?
567 2363 665 2433 qui
685 2378 883 2432 nempe
904 2361 1061 2416 vitali
1081 2362 1204 2424 ae're
1224 2368 1488 2431 perpetuo
1509 2358 1740 2412 saturari

143 2435 415 2506 illumque
444 2453 641 2508 sugere
672 2433 1041 2491 consuevere?
1079 2437 1218 2490 Nam
1244 2435 1293 2490 si
1325 2435 1460 2488 alias
1482 2432 1740 2488 translata

143 2527 367 2581 corpora
398 2520 781 2575 morerentur‚·
806 2511 904 2566 ubi
936 2528 1041 2565 non
1080 2511 1344 2565 haberent
1377 2508 1738 2564 immortalem

145 2585 296 2639 iuxta
318 2601 378 2638 se
400 2588 605 2650 aerem,
646 2602 881 2657 pronum
912 2594 1055 2640 esset
1083 2585 1265 2640 dicere
1295 2585 1436 2638 hanc
1466 2602 1586 2639 esse
1607 2599 1740 2638 cau·
1809 2583 1812 2587 ’

144 2677 258 2713 sam
279 2659 580 2714 moriendi:
624 2659 903 2731 siquidem
934 2660 1172 2715 delirum
1201 2662 1569 2732 insanumque
1598 2659 1738 2714 mihi

145 2733 366 2790 videtur
384 2742 579 2807 putare
598 2736 767 2790 vitam
790 2736 1152 2792 immortalem
1175 2735 1464 2862 ianortali
1499 2735 1735 2791 inveniri

1293 2813 1322 2860 2
