2125 3084
174 179 477 249 [1,¹o9.1¹o.]
512 186 613 233 DE
649 186 1192 234 PRovaNTrA
1227 188 1481 235 smum
1517 189 1582 235 11.
1662 182 1767 236 ⁴05

174 288 312 344 bont
326 302 449 343 sese
466 302 701 359 ungere:
725 286 807 341 sic
824 285 963 341 deus
981 284 1210 357 perinde
1229 303 1296 341 ae
1313 288 1591 341 civitatem
1601 304 1768 343 unam

174 377 477 435 procurans
496 369 671 417 totum
690 361 839 415 hunc
856 359 1146 425 mundum,
1175 367 1434 415 aestatem
1453 361 1510 415 in
1531 360 1768 421 hiemem

174 443 539 493 transmutare
578 435 927 506 hiememque
962 435 1021 489 in
1054 450 1153 489 ver
1185 434 1448 490 reducere
1486 437 1770 493 consuevit

172 514 279 584 pro
311 510 547 567 utilitate
582 511 967 565 universorum
984 550 999 573 ‚
1038 509 1144 563 etsi
1181 518 1378 565 nautae
1415 508 1642 581 quidam
1678 510 1768 565 vel

176 586 449 659 agricolae
476 602 549 641 ex
575 585 807 641 istorum
834 584 1196 639 inconstantia
1231 582 1446 656 aliquid
1473 583 1660 639 damni
1688 583 1772 639 fe·-

174 668 317 716 rant.

296 766 410 820 loo.
450 764 640 837 ltaque
669 760 1061 817 elementorum
1093 762 1151 817 in
1179 778 1240 818 se
1265 762 1506 818 invicem
1525 776 1771 817 commu·-

174 840 507 904 tationibus,
548 855 619 893 ex
646 836 852 909 quibus
882 836 1124 891 mundus
1163 837 1366 893 coaluit
1395 836 1765 908 constititque.

173 916 376 972 notatis
404 928 568 986 opera
598 912 904 967 necessaria
933 912 1055 966 sine
1083 912 1479 985 impedimento
1499 911 1770 967 exhiben-

170 1000 286 1047 tur.
362 988 597 1043 Pruinae
634 1003 764 1043 vero
800 995 855 1041 et
882 985 1041 1041 nives
1077 994 1241 1059 atque
1273 986 1382 1043 alia
1409 985 1660 1042 eiusdem
1689 984 1766 1063 [⁴]

171 1062 416 1139 generis,
440 1065 616 1117 ae’rem
634 1067 941 1133 sequuntur
960 1062 1144 1133 quoad
1163 1060 1360 1135 frigus,
1390 1079 1492 1117 nec
1509 1077 1618 1117 non
1639 1076 1771 1117 oon-

171 1152 401 1214 gressus
430 1136 751 1209 collisioque
781 1135 1017 1205 nubium
1052 1134 1274 1210 fulgura
1312 1144 1484 1209 atque
1507 1137 1766 1201 tonitrua,

173 1226 415 1287 quorum·
430 1210 573 1266 nihil
593 1210 837 1267 fortassis
856 1211 1164 1267 secundum
1183 1211 1585 1284 providentiam
1595 1210 1774 1284 (prin-

172 1286 433 1361 cipalem)
453 1286 551 1351 sit,
591 1284 691 1341 sed
714 1285 939 1357 pluviae
960 1288 1226 1361 ventique
1251 1296 1304 1343 et
1325 1287 1555 1343 aliarum
1576 1303 1771 1342 causa-

172 1378 302 1418 rum
330 1362 476 1417 vitae
504 1378 567 1416 ac
592 1360 917 1417 incrementi
945 1378 1134 1418 eorum
1149 1404 1162 1427 ,
1210 1378 1352 1436 quae
1390 1364 1536 1418 circa
1570 1370 1770 1418 terram

170 1444 331 1501 sunt,
356 1436 767 1509 comperiuntur
784 1438 1228 1509 consequentiae.
1307 1437 1771 1529 Gymnasiarohae

175 1511 504 1571 iiberalitate
543 1511 841 1568 honorifica
877 1513 1205 1587 plerumque
1242 1514 1412 1589 largis
1449 1513 1768 1589 sumptibus

174 1585 355 1653 factis,
384 1604 483 1659 pro
503 1604 645 1661 aqua
663 1587 917 1643 nonnulli
934 1605 1005 1643 ex
1021 1588 1163 1644 bene
1182 1590 1628 1661 experimentatis
1649 1590 1770 1645 oleo

174 1661 457 1727 lavantur,
501 1662 813 1733 pavimento
841 1662 1012 1733 guttis
1040 1663 1292 1736 irrigato,
1333 1662 1484 1737 quod
1507 1664 1660 1719 illico
1679 1663 1770 1719 lu—

169 1744 297 1790 tum
315 1732 484 1788 efficit
503 1734 672 1788 nimis
688 1733 986 1789 lubricum.
1044 1736 1157 1791 Sed
1175 1754 1336 1792 nemo
1359 1740 1458 1809 qui
1479 1737 1620 1792 bene
1641 1752 1771 1791 sen-

171 1809 269 1871 tit,
300 1806 701 1862 dixerit·lutum
720 1814 775 1861 et
793 1806 1009 1877 lapsum
1029 1809 1090 1863 in
1109 1809 1323 1864 lubrico
1341 1826 1481 1881 opus
1502 1827 1622 1865 esse
1641 1826 1774 1881 pro-

172 1880 456 1939 videntiae
484 1880 761 1953 magistri,
801 1878 901 1935 sed
929 1879 1067 1936 haec
1085 1882 1352 1952 subsequi
1378 1884 1606 1937 nimiam
1627 1882 1772 1938 libe-

173 1956 449 2013 ralitatem
476 1962 818 2028 sumptuum.
893 1954 1082 2023 Itaque
1111 1955 1364 2011 dicantur
1392 1965 1446 2011 et
1471 1956 1574 2011 Iris
1593 1964 1646 2011 et
1662 1957 1770 2014 Ha-

175 2028 330 2102 lus*)
359 2038 413 2085 et
439 2028 755 2085 consimiles
784 2028 1055 2083 mixturae
1084 2030 1144 2085 in
1164 2029 1408 2086 nubibus
1429 2047 1771 2103 consequen-

173 2106 286 2163 tiae
306 2122 427 2159 esse
442 2145 457 2170 ,
478 2121 589 2160 non
606 2120 747 2176 opus
768 2119 889 2158 esse
908 2110 1134 2159 naturae
1153 2104 1416 2177 primario
1432 2104 1617 2161 studio
1631 2147 1644 2170 ,
1669 2106 1770 2162 sed

174 2182 320 2236 inter
348 2179 618 2235 naturalia
652 2176 1095 2235 adnumerandae
1133 2196 1317 2252 opera.
1393 2180 1768 2237 Nihilominus

173 2262 453 2329 praestant
470 2262 525 2310 et
543 2256 649 2311 ista
668 2272 831 2309 usum
852 2254 1226 2309 necessarium
1246 2255 1590 2328 sapientibus
1605 2296 1618 2321 ,
1650 2272 1769 2310 ma-

179 2331 445 2386 laciarum
464 2338 864 2401 ventorumque
884 2336 1069 2385 aestus
1087 2338 1142 2385 et
1171 2330 1370 2385 hiemis
1385 2371 1398 2397 ,
1441 2330 1509 2387 ab
1529 2330 1655 2387 istis
1674 2329 1769 2385 fir-

174 2422 325 2460 mam
352 2404 763 2477 praenotionem
798 2404 1015 2461 scilicet
1048 2404 1390 2479 recipiendo.
1469 2403 1544 2482 [³¹⁵]
1575 2407 1767 2462 Nonne

174 2479 335 2535 vides
354 2480 491 2535 atria
509 2480 571 2535 in
589 2480 827 2537 urbibus
846 2496 911 2536 ac
927 2487 1068 2537 tecta
1083 2522 1098 2547 ‚
1137 2478 1289 2554 quod
1308 2498 1508 2557 magna
1527 2498 1598 2537 ex
1613 2490 1766 2555 parte

280 2622 323 2669 ⁸>
366 2620 450 2661 Pro
484 2619 557 2661 Gr.
592 2623 771 2663 vocibus
794 2614 891 2675 ’Ῑρις
924 2618 967 2663 ὃὸ
996 2622 1069 2663 καὶ
1093 2618 1238 2671 Ἅλυς,
1281 2622 1370 2665 Iris
1400 2628 1536 2665 auton
1567 2628 1605 2664 et
1628 2623 1762 2665 Batus

178 2672 355 2718 (corcus
379 2670 509 2718 lueis)
524 2698 535 2718 ,
578 2672 739 2715 lectam
764 2674 845 2713 {ult
870 2673 945 2713 abs
969 2682 1016 2713 rs
1041 2674 1088 2714 in
1114 2674 1258 2714 codiee
1284 2676 1529 2727 interpretis
1553 2674 1698 2726 {ochsn
1723 2674 1766 2716 80

176 2722 249 2759 καὶ
273 2719 419 2772 ἄλλως,
444 2724 609 2765 dicam
634 2729 673 2767 et
698 2726 807 2767 alias
832 2724 905 2767 vel
926 2726 1063 2767 vm«.
1116 2725 1278 2769 Anah.
