2125 3084
325 170 391 223 40
576 172 776 218 PHIL.
815 169 964 216 IUD.
1005 169 1329 228 QUAEST.
1366 167 1465 214 ET
1512 169 1668 214 soL.
1708 163 1933 232 [n,212.]

325 274 460 330 riles
479 271 780 330 sententias
799 278 862 326 ut
882 269 1020 326 lacte
1041 269 1237 327 fovens
1250 309 1263 333 ,
1296 269 1513 326 adultas
1526 309 1541 334 ,
1574 270 1933 342 imperfectas

324 357 508 404 tamen
523 387 536 411 ,
571 346 866 404 exhortans
887 345 956 400 ad
978 343 1287 415 profectum
1300 385 1313 408 ,
1346 352 1493 402 recte
1511 361 1643 401 vero
1662 362 1779 401 rem
1798 363 1933 418 per-

324 429 548 496 agentes
579 420 744 476 laude
773 435 1113 490 prosequens
1128 459 1141 482 ,
1192 419 1595 475 rebellantibus
1630 429 1815 478 autem
1843 430 1934 477 te·-

323 497 580 554 merariis
593 494 846 554 fraenum
872 495 1164 566 imponens
1197 511 1298 565 per
1326 493 1682 565 disciplinam
1713 513 1777 550 ac
1805 513 1933 552 cor-

324 573 650 643 reptionem.
728 569 998 636 Quoniam
1025 576 1223 639 optans
1252 567 1598 626 divinitatem
1626 570 1835 626 imitari
1856 571 1930 626 ab

326 646 578 705 eiusdem
617 644 922 700 virtutibus
957 643 1206 700 benefica
1239 651 1298 698 et
1336 643 1535 700 ultrice
1572 653 1856 716 tamquam
1896 663 1929 700 a

325 721 576 777 fontibus
603 720 886 791 duplicem
907 717 1265 773 effluxionem
1285 719 1524 790 recepit,
1562 735 1695 792 erga
1714 720 1927 775 dociles

323 795 744 853 beneficentiam
766 801 820 848 et
837 809 968 865 erga
983 793 1223 852 rebelles
1244 793 1693 863 increpationem,
1714 802 1779 849 ut
1794 795 1929 865 qui,-

323 869 453 926 dam
475 869 756 932 laudibus,
779 867 876 922 alii
895 867 1351 940 castigationibus
1369 866 1683 938 proficiant3
1718 870 1929 924 etenim

323 945 425 1014 qui
445 945 649 1000 virtute
671 941 874 1014 fulget,
896 941 1002 996 late
1023 950 1077 997 et
1098 957 1273 1012 aeque
1290 950 1469 1014 potest
1488 944 1703 1000 cunctis
1722 960 1926 999 secun-

324 1018 459 1073 dum
481 1017 794 1077 facultatem
815 1033 971 1074 suam
990 1017 1273 1089 prodesse.

413 1175 488 1241 Π]
531 1173 661 1232 Quid
693 1185 762 1224 est
798 1171 959 1236 „Non
991 1173 1239 1222 vocabitur
1270 1188 1435 1223 nomen
1470 1183 1597 1223 tuum
1629 1173 1833 1236 Abram,

528 1242 617 1292 aad
647 1241 896 1296 Abraham
931 1240 1020 1288 erit
1053 1255 1221 1298 nomen
1254 1242 1460 1291 tuum“?
1504 1244 1611 1304 (17,
1644 1242 1719 1300 5.)

439 1345 526 1397 43.
583 1340 820 1407 Quidam
856 1357 927 1394 ex
949 1340 1245 1394 ‚destitutis
1281 1357 1311 1394 a
1340 1341 1552 1396 musica
1590 1341 1918 1414 choreaque,

324 1419 497 1472 immo
526 1433 597 1470 ex
629 1414 958 1470 inconsultis
987 1423 1040 1468 et
1068 1432 1097 1468 a
1125 1414 1317 1470 divino
1338 1414 1503 1470 choro
1522 1416 1917 1482 resilientibus,

325 1490 743 1546 immaculatum
769 1497 962 1544 natura
992 1487 1194 1561 (entem
1211 1489 1301 1544 vel
1322 1490 1649 1563 sapientem)
1669 1492 1918 1557 irrident,

326 1565 576 1620 dicentes
602 1582 729 1619 cum
750 1565 1052 1635 vituperio:
1104 1563 1150 1619 Ο
1179 1581 1441 1636 magnum
1472 1565 1706 1621 donum!
1756 1583 1924 1623 unam

328 1641 566 1699 litteram
587 1640 859 1694 concessit
877 1640 1265 1694 universorum
1286 1639 1403 1694 dux
1422 1647 1475 1694 et
1496 1640 1752 1695 dominus
1768 1683 1781 1705 ,
1814 1657 1923 1712 qua

326 1731 527 1770 nomen
546 1714 886 1787 patriarchae
913 1730 1164 1768 crescens
1182 1715 1370 1786 magni
1391 1713 1497 1770 fuit
1511 1756 1523 1778 ,
1546 1723 1609 1768 ut
1627 1732 1727 1786 pro
1748 1715 1924 1788 disyl-

327 1790 452 1845 laba
489 1789 778 1864 trisyllaba
815 1789 988 1844 fieret.
1070 1787 1115 1844 Ο
1151 1805 1407 1861 magnam
1446 1788 1923 1844 cacodaemoniam

325 1866 804 1938 impietatemque,
846 1865 895 1918 si
927 1865 1131 1919 audent
1156 1863 1385 1935 quidam
1414 1863 1488 1917 de
1511 1862 1613 1917 deo
1633 1862 1924 1918 detractio-

325 1957 454 1994 nem
493 1941 869 2002 introducere,
917 1939 1136 2008 decepti
1174 1936 1469 2009 superficie
1506 1939 1772 2003 neminie,
1822 1939 1923 1993 ubi

326 2013 611 2083 oportebat
649 2019 890 2066 mentem
925 2013 985 2064 in
1023 2011 1303 2082 profunda·
1325 2013 1649 2078 immittere,
1692 2015 1923 2069 interius

326 2103 416 2141 res
445 2087 596 2156 ipsas
625 2085 954 2156 inquirendo
991 2087 1062 2140 ob
1092 2103 1279 2142 veram
1316 2088 1756 2161 magnitudinem
1794 2105 1925 2159 pos—

327 2160 620 2215 sessionis!
669 2158 892 2213 Adhaec
911 2168 964 2214 et
985 2161 1221 2216 litteram
1241 2179 1585 2226 concessam,
1620 2164 1723 2217 etsi
1744 2162 1923 2218 levem

329 2252 392 2289 ac
421 2233 667 2298 facilem,
707 2250 876 2306 quare
904 2237 1311 2307 providentiam
1348 2254 1457 2292 non
1486 2237 1781 2307 reputatis,
1826 2254 1925 2292 ne-

327 2325 438 2380 que
456 2309 700 2381 pretium
721 2309 842 2363 eius
861 2310 1214 2381 ponderatis?
1266 2311 1558 2384 Siquidem
1589 2319 1713 2365 ante
1740 2313 1925 2366 omnia

324 2385 569 2456 primum
591 2384 923 2440 elementum
944 2386 1196 2442 litteralis
1216 2388 1368 2442 vocis
1390 2396 1473 2442 est
1488 2385 1553 2451 A,
1577 2393 1688 2440 tam
1707 2387 1919 2452 ordine,

326 2476 495 2531 quam
534 2460 759 2515 virtute.
839 2459 1095 2515 Secundo
1133 2461 1305 2514 etiam·
1336 2461 1527 2516 vocale
1567 2469 1621 2516 et
1647 2462 1925 2516 vocalium

324 2535 596 2603 primum,
629 2535 775 2588 sicut
793 2543 958 2604 caput
986 2535 1473 2589 accommodatum.
1554 2537 1762 2599 Tertio,
1794 2537 1925 2606 quia

326 2623 436 2660 non
457 2625 528 2661 ex
545 2609 785 2678 propriis
808 2608 988 2678 longis
1013 2614 1123 2668 est,
1168 2623 1347 2676 neque
1376 2625 1446 2661 ex
1472 2610 1713 2677 propriis
1739 2609 1925 2662 brevi-

326 2681 464 2742 bus,
505 2681 604 2733 sed
633 2680 704 2733 de
731 2696 960 2733 numero
989 2695 1206 2740 eorum,
1247 2695 1389 2748 quae
1418 2687 1717 2750 utrumque
1752 2683 1925 2737 conti—
