2125 3084
19 2667 31 2742 Ι,

19 2905 25 3019 ἱ

146 197 231 264 [L
256 195 389 262 155.]
566 203 705 249 LIB.
740 203 841 252 DE
885 203 1372 252 ANIMALIBUS.
1677 202 1770 254 143

148 301 373 374 auriga
386 343 399 366 ,
449 311 645 374 suapte
680 304 765 368 vi,
806 305 958 358 omni
996 321 1123 358 cum
1160 303 1342 359 furore
1369 321 1490 360 sese
1518 315 1770 378 regentes

146 377 512 448 satagebant
532 378 937 449 tendebantque
976 381 1039 432 in
1071 395 1266 434 cursus
1303 379 1766 445 sollicitationem,

150 453 489 522 quasivero
502 453 573 508 ab
590 455 779 526 auriga
798 454 910 508 sibi
932 453 1238 508 adhibitam
1259 453 1592 508 celeritatem
1611 471 1770 524 prae-

154 526 441 591 ferentes,
484 523 595 583 u'na
624 545 751 582 cum
780 530 1003 600 peritia,
1045 529 1124 583 ita
1149 537 1210 583 ut
1235 545 1344 582 nen
1371 527 1546 599 pedes
1569 527 1771 584 frustra

156 610 461 656 moverent
497 603 607 659 huc
642 603 779 658 illuc
816 603 1088 660 inutiliter
1125 619 1388 658 converso
1427 619 1618 666 curan,
1671 603 1770 658 sed

154 676 361 750 potine
377 678 539 748 quasi
563 695 663 750 per
693 678 899 732 lineam
927 677 1136 732 directe
1161 685 1468 742 currentes,
1513 677 1770 748 expedite

160 750 425 806 medium
453 761 701 808 tenerent
724 753 919 816 stadii,
960 770 1031 806 ne
1060 752 1197 808 forte
1225 755 1326 823 qui
1345 761 1470 823 post
1488 769 1548 806 se
1569 769 1770 823 seque·-

160 825 405 891 bantur,
454 829 871 898 praevenientes
910 826 1298 898 praecederent
1335 826 1770 898 excederentque

168 900 469 956 circulum.
496 903 575 957 Eo
592 919 723 958 vero
744 903 890 967 loc‘o,
914 902 1013 957 ubi
1036 901 1200 962 multi
1217 902 1343 975 gyri
1366 910 1620 974 aguntur,
1645 910 1768 972 apte

166 975 571 1048 commodeque
606 994 667 1032 se
704 985 977 1033 vertentes
1002 963 1302 1033 offiiabant
1331 977 1456 1031 aliis
1471 1017 1483 1039 ‚
1531 993 1769 1047 perpen-

168 1049 358 1105 dendo
386 1051 529 1106 illud
546 1068 773 1124 quoque
786 1093 799 1117 ‚
841 1059 905 1106 ut
924 1051 1194 1108 circulum
1214 1052 1442 1123 propius
1460 1051 1770 1123 obtingeret

173 1133 324 1180 temo
344 1141 469 1180 cum
490 1143 631 1198 equo
651 1145 681 1182 a
702 1126 922 1182 sinistra
946 1126 1242 1184 exsistente
1256 1166 1269 1190 ,
1297 1143 1366 1180 ne
1386 1125 1646 1181 videlicet
1664 1142 1769 1198 gy-

172 1217 272 1254 rus
292 1200 515 1255 maioris
534 1201 749 1272 periodi
769 1201 1162 1274 largitudinem
1183 1201 1556 1274 relinquerent
1571 1201 1642 1265 e-i,
1667 1202 1766 1270 qui

171 1283 300 1348 post
320 1275 601 1341 veniebat,
634 1284 687 1330 et
707 1277 954 1332 caeteris.
1139 1297 1148 1306 ·

289 1382 375 1434 59.
424 1379 571 1449 Quid
602 1389 783 1438 autem
812 1380 1111 1439 dicendum
1132 1379 1202 1436 ad
1223 1397 1314 1445 ea,
1354 1396 1496 1452 quae
1512 1379 1768 1435 referun-

176 1464 267 1511 tur
285 1454 353 1512 de
375 1453 635 1514 fei-ociore
663 1457 915 1521 animali,
960 1472 1159 1528 nempe
1187 1453 1514 1526 elephanto?
1567 1455 1637 1511 Ut
1667 1472 1766 1509 au-

170 1539 283 1586 tem
318 1531 507 1592 omnia
544 1533 848 1603 antiquitus
886 1531 1031 1587 dicta
1068 1540 1428 1603 praeteream,
1471 1531 1766 1585 memoriae

174 1605 444 1676 mandabo
474 1624 562 1662 res
591 1607 697 1661 sub
717 1605 985 1663 Antiocho
1014 1615 1182 1662 actas,
1257 1604 1585 1661 Asianorum
1609 1606 1767 1676 prin-

176 1699 303 1752 ceps
325 1689 631 1737 armentum
653 1681 831 1736 alebat
850 1681 1282 1752 elephantorum,
1307 1691 1368 1737 ut
1388 1681 1446 1734 in
1469 1697 1764 1752 congressu

176 1755 334 1826 equis
372 1753 650 1810 obiectum
685 1753 955 1811 iuvamini
992 1765 1160 1824 esset3
1225 1773 1258 1809 a
1297 1771 1428 1811 voce
1467 1755 1614 1808 enim
1652 1753 1767 1807 ele-

175 1829 397 1902 phantis
420 1827 717 1885 abhorrens
735 1838 899 1900 pavet
918 1847 1093 1902 equus
1109 1872 1121 1895 ,
1155 1832 1230 1884 ita
1250 1838 1310 1884 ut
1327 1828 1398 1884 ob
1418 1835 1624 1881 metum
1645 1828 1766 1880 vio-

178 1905 349 1959 lenter
384 1903 549 1976 fugae
583 1922 647 1958 se
686 1903 796 1959 det.
873 1905 1059 1976 Itaque
1089 1907 1189 1968 iia,
1228 1903 1325 1975 qui
1361 1900 1766 1974 praecellebant

179 1979 417 2048 corporis
438 1980 627 2052 vigore
645 1986 697 2034 et
716 1978 907 2034 robore
920 2021 933 2045 ,
977 1998 1040 2036 eo
1061 1979 1209 2051 quod
1231 1977 1300 2032 ad
1318 1974 1656 2048 operandum
1675 1976 1764 2029 iu-

179 2062 286 2116 vat,
312 2053 732 2124 appellationem
757 2051 829 2128 [³¹⁶]
854 2055 1061 2110 indidit
1081 2072 1152 2110 ex
1172 2053 1398 2108 heroum
1421 2049 1760 2113 nominibus,

178 2128 593 2201 praeferentiam
604 2129 909 2185 concedens
920 2129 1104 2184 Aiaci:
1139 2128 1226 2182 illi
1245 2142 1462 2197 nempe,
1485 2126 1584 2197 qui
1603 2141 1764 2196 prae-

180 2212 259 2257 ter
285 2219 472 2258 omnes
500 2204 655 2260 fortis
684 2203 976 2260 videbatur
1003 2212 1057 2258 et
1083 2203 1236 2275 operi
1263 2201 1504 2256 deditus.
1583 2198 1764 2265 Quum

180 2293 305 2350 ergo
330 2276 531 2334 flumen
548 2297 649 2335 rex
674 2279 931 2334 transiret
958 2291 1087 2334 cum
1120 2277 1364 2332 exercitu
1378 2317 1392 2340 ,
1431 2276 1574 2330 Aiax
1601 2275 1766 2347 (nun-

182 2361 403 2424 capatus
424 2354 669 2428 elephas)
690 2354 762 2410 ad
788 2355 967 2425 ripam
996 2351 1308 2408 morabatur
1322 2393 1334 2415 ‚
1374 2347 1665 2406 transitum
1693 2349 1764 2404 ti-

180 2445 355 2492 meae,
399 2437 462 2484 ut
484 2438 645 2501 puto,
688 2428 759 2483 ob
788 2429 1082 2500 gurgitem.
1161 2427 1268 2494 Qui
1298 2443 1428 2481 vero
1455 2424 1766 2496 sequeban-

181 2510 290 2565 tur,
333 2510 395 2556 ut
417 2503 673 2566 decebat,
725 2502 993 2574 impavidi
1032 2503 1236 2574 reperti
1261 2501 1511 2556 ordinem
1541 2499 1762 2572 (tamen)

184 2575 469 2647 diligenter
500 2578 811 2635 servabant.
898 2579 1078 2632 Donec
1113 2595 1212 2632 rex
1250 2577 1402 2631 misit
1434 2577 1763 2647 vocavitque

184 2651 369 2706 altores
386 2691 398 2714 ,
428 2654 559 2722 quia
576 2661 793 2722 tempus
814 2660 927 2707 erat
944 2651 1315 2716 accelerandi,
1337 2651 1592 2707 bravium
1612 2649 1763 2726 (βρα-

184 2725 339 2800 βεῖον)
356 2725 565 2800 duplex
582 2727 863 2800 pollicitus
883 2727 1294 2784 transeuntibus
1312 2736 1436 2784 ante
1467 2728 1602 2784 alios
1617 2767 1630 2792 ,
1674 2727 1763 2780 in-
