2125 3084
402 186 464 236 30
651 187 846 232 PHIL.
883 184 1031 231 1111).
1073 184 1395 241 QUAEST.
1433 183 1533 229 ΕΤ
1573 184 1735 231 SOL.
1784 179 2033 249 [11,2o1.]

400 287 636 351 tentiae,
678 285 939 358 indignos
970 302 1033 340 se
1060 283 1347 339 credentes
1380 284 1694 339 conversari
1733 298 1862 337 cum
1899 284 2028 340 do-

401 378 571 416 mina.

409 500 570 557 Quare
612 500 733 551 dixit
777 500 823 549 ei
861 500 1082 564 anyelus:
1147 499 1452 562 „Revertere
1495 499 1566 548 ad
1605 500 1840 549 dominam
1875 510 2026 551 tuam

612 577 658 617 et
693 566 939 617 humiliare
970 569 1057 616 sub
1094 568 1308 615 manibus
1343 567 1530 615 eius“?
1570 567 1679 633 (16,
1713 568 1788 631 9.)

510 672 597 725 30.
628 668 813 735 Quum
834 668 1043 739 liqueat
1062 668 1263 731 littera,
1288 668 1546 739 spiritum
1567 668 1752 739 potius
1773 667 2024 725 visitare

401 747 549 801 licet.
628 744 891 798 Divinum
922 743 1158 798 verbum
1187 759 1334 806 eam,
1375 758 1519 813 quae
1547 750 1728 813 potest
1763 744 2026 799 curatio-

399 837 527 874 nem
556 818 831 889 accipere,
877 818 1118 872 animam
1147 817 1372 889 corrigit
1399 817 1736 887 instruitque
1776 825 1830 871 et
1870 834 2024 872 con-

398 893 564 947 vertit
585 891 654 944 ad
676 891 1095 949 dominatricem
1121 891 1476 964 sapientiam,
1515 907 1586 946 ne
1605 909 1636 946 a
1658 889 1881 946 domina
1904 891 2022 947 de—

396 968 588 1020 stituta
610 964 681 1019 ad
702 964 1000 1019 absurdam
1021 968 1315 1021 amentiam
1337 966 1609 1038 prosiliat.
1687 966 1871 1021 Monet
1899 983 2021 1021 au—

396 1050 507 1095 tem
524 1082 536 1103 ,
580 1047 642 1095 ut
670 1056 780 1094 non
806 1040 986 1094 solum
1024 1049 1328 1097 revertatur
1363 1041 1438 1096 ad'
1472 1044 1760 1105 virtutem,
1801 1056 2017 1097 verum

398 1117 563 1170 etiam
604 1114 930 1170 humilietur
964 1115 1071 1170 sub
1100 1114 1386 1177 manibus,
1429 1114 1731 1169 virtutibus
1768 1114 2015 1185 inquam

398 1192 540 1245 eiuS.
620 1190 959 1244 Humilitatis
988 1205 1118 1245 vero
1149 1188 1359 1257 duplex
1380 1195 1463 1242 est
1481 1190 1724 1257 species:
1775 1205 1888 1243 una
1908 1206 2014 1245 se—

398 1264 643 1318 cundum
664 1263 967 1323 defectum,
1004 1259 1079 1334 [⁴¹⁶]
1113 1278 1183 1315 ex
1211 1259 1490 1331 spirituali
1519 1260 1838 1317 infirmitate
1869 1280 2014 1335 pro-

396 1338 627 1391 veniens
642 1376 655 1398 ,
689 1352 857 1405 quam
877 1334 1039 1390 facile
1060 1343 1145 1388 est
1165 1350 1450 1404 superare,
1488 1334 1906 1406 apprehendere
1925 1358 2010 1396 -ac

397 1408 819 1481 reprehendere.
898 1408 1074 1475 Quam
1111 1416 1294 1463 tamen
1333 1410 1604 1483 praecipit
1631 1410 1867 1466 verbum
1897 1414 2014 1470 do-

398 1484 668 1539 minicum
683 1524 695 1548 ,
736 1482 843 1537 alia
864 1491 972 1547 est,
1007 1500 1079 1538 ex
1097 1484 1404 1539 reverentia
1425 1501 1488 1539 ac
1505 1483 1778 1556 pudicitia
1797 1503 2015 1558 prove-

396 1561 557 1613 niens
571 1600 584 1622 ,
628 1574 794 1629 quam
817 1556 1134 1630 praeferunt
1153 1558 1336 1630 proles
1357 1558 1426 1613 ad
1447 1560 1721 1632 genitores
1737 1601 1750 1625 ,
1783 1560 2011 1620 alumni

397 1633 466 1688 ad
486 1633 797 1705 magistrOS,
822 1641 876 1687 et
895 1634 1128 1688 iuvenes
1149 1633 1217 1687 ad
1237 1650 1418 1688 senes,
1476 1634 1747 1701 Quoniam
1766 1636 2010 1695 obedire
2097 1660 2099 1665 ·

396 1718 449 1763 et
479 1708 684 1763 subiici
713 1708 1037 1763 melioribus
1057 1709 1236 1780 magis
1259 1707 1509 1780 expedit:
1553 1710 1654 1780 qui
1675 1711 1824 1765 enim
1843 1710 2011 1767 didi-

396 1783 532 1838 cerit
552 1783 658 1838 sub
678 1790 943 1855 potestate
965 1800 1085 1838 esse
1101 1824 1113 1848 ,
1158 1784 1266 1838 cito
1291 1784 1457 1839 citius
1478 1790 1532 1838 et
1549 1791 1814 1855 potestate
1836 1802 2008 1842 exer-

395 1859 569 1914 cenda
599 1858 893 1923 imbuitur;
949 1876 1075 1913 nam
1104 1859 1208 1913 etsi
1236 1859 1365 1929 quis
1392 1860 1560 1914 totius
1588 1866 1762 1915 terrae
1796 1862 2008 1916 maris·—

395 1951 505 2005 que
525 1936 641 1989 vim
662 1934 923 1989 induatur
938 1975 950 1999 ‚
980 1935 1082 1988 vix
1100 1935 1298 2004 poterit
1316 1934 1690 2006 principatum
1708 1933 2004 2006 possidere
2095 1982 2097 2001 ,

396 2009 670 2070 veritatis,
721 2010 831 2062 nisi
860 2008 1017 2078 prius
1047 2007 1224 2064 discat
1257 2007 1649 2080 erudiatur-que
1693 2008 1799 2063 sub
1839 2019 2005 2080 pote-
2095 2008 2097 2047 ³

395 2088 532 2133 state
554 2096 695 2133 esse.

400 2231 495 2280 Gur
530 2232 669 2283 dixit.
694 2231 739 2281 ei
779 2232 1001 2296 anqelus:
1076 2234 1483 2299 „Multiplicabm
1540 2237 1690 2299 inquit
1703 2236 1783 2299 ⁸),
1838 2255 2001 2291 semen

430 2308 576 2359 tuum,
616 2308 661 2347 et
695 2314 789 2347 non
823 2300 1143 2349 numerabitur
1168 2318 1294 2364 prae
1321 2302 1689 2353 multitudine“?
1715 2308 1824 2367 (16,
1851 2310 1957 2368 10.)

494 2416 592 2479 ,34.
650 2412 829 2467 Honor
867 2410 1066 2465 docilis
1107 2414 1276 2465 animi
1307 2424 1390 2468 est
1419 2432 1528 2469 non
1558 2431 1910 2486 praesumere
1939 2432 1998 2476 et
2089 2466 2093 2477 Α

394 2486 661 2541 rebellare
690 2485 761 2541 ob
789 2484 1098 2557 profectum
1127 2486 1392 2541 scientiae
1425 2505 1725 2559 semenque
1753 2494 1996 2561 perutile
2091 2558 2093 2561 Α

496 2657 537 2703 ³⁸)
565 2658 658 2697 Hoc
684 2660 818 2707 inquit
842 2658 1013 2697 videtur
1036 2655 1184 2696 referri
1211 2654 1266 2694 ad
1293 2654 1440 2700 deum,
1477 2658 1600 2697 culus
1627 2658 1845 2699 oraculum
1872 2660 1992 2702 dice-

393 2706 466 2745 bat
492 2707 687 2754 angelus.
737 2708 896 2748 Auch-
