2125 3084
207 169 310 243 ¹[IL
333 164 458 229 419]
582 169 664 213 IN
705 169 1057 215 GENESIN.
1098 170 1353 217 SERMO
1390 170 1475 219 IV.
1730 170 1823 223 261

405 299 538 359 Quid
571 310 642 351 est
677 300 850 365 „Esto
887 280 1101 351 dontinus
1121 302 1305 367 fratris
1342 303 1413 353 tui
1423 305 1488 353 “P
1525 306 1645 370 (ib.)

326 406 450 461 2⁴8.
491 404 572 463 Eo
591 403 771 475 magis
791 403 1031 459 intendit
1055 402 1435 477 (sermonem),
1474 406 1741 463 accedens
1772 417 1828 465 et

210 478 522 533 ascendens
542 478 813 550 paulatim
832 477 910 551 (in
931 477 1203 551 scopum).
1276 479 1525 533 Privatos
1546 479 1692 536 dixit
1709 485 1827 554 pri-

207 572 284 609 us
302 596 315 618 ‚
347 562 535 625 postea
555 554 866 625 principes,
901 552 1127 608 demum
1148 554 1430 623 proximas
1450 561 1664 625 gentes.
1714 557 1825 611 ‘An

208 644 349 701 ergo
385 630 486 699 qui
524 628 887 683 humanitatis
921 636 976 683 et
1011 626 1405 683 familiaritatis
1444 635 1529 682 est
1565 630 1829 701 magister

209 702 455 777 (Moses),
485 702 792 758 maximum
814 703 1214 759 iniustitiamm
1234 703 1295 757 in
1314 704 1487 757 sacris
1509 703 1708 759 litteris
1728 722 1829 775 po-

207 779 345 833 terit
365 779 680 851 excogitare
699 794 764 833 ae
783 776 1079 851 divulgare
1093 819 1107 841 ‚
1138 794 1206 833 eo
1224 778 1375 849 quod
1396 794 1539 849 quae
1560 780 1635 835 sit
1652 780 1827 834 maior

207 854 516 917 iniustitia,
555 868 727 925 quam
753 858 974 922 fratrem
991 870 1028 907 a
1045 858 1216 922 fratre
1236 851 1566 925 subiugari?
1610 854 1725 909 Hoc
1742 863 1826 907 ta-

205 944 346 983 men
365 944 468 981 nec
483 928 702 999 opinari
727 944 910 999 neque
937 926 1128 982 dicere
1159 925 1242 981 fas
1269 935 1373 983 est.
1451 927 1599 983 lllud
1628 930 1820 1001 igitur,

206 1000 370 1073 quod
395 999 468 1075 [Ἴ
493 1002 659 1073 paulo
679 1002 927 1057 anterius
945 1000 1069 1057 dixi
1084 1042 1097 1066 ,
1139 1004 1319 1075 magis
1348 1002 1615 1073 expedire
1635 1004 1826 1058 insen-

205 1085 338 1131 sato
375 1084 586 1141 censet,
629 1094 738 1132 non
765 1076 1007 1133 liberum
1037 1093 1187 1140 esse,
1232 1076 1332 1131 sed
1362 1076 1565 1132 habere
1592 1094 1695 1149 pro
1724 1078 1825 1132 do·-

203 1152 372 1207 mina
391 1150 714 1223 sapientiam
727 1192 740 1215 ‚
763 1159 826 1207 ut
845 1168 971 1206 eum
992 1151 1126 1205 boni
1148 1150 1353 1205 medici
1372 1168 1523 1207 more
1542 1160 1714 1216 curet,
1740 1151 1823 1206 fe·-

206 1226 378 1281 hrem
407 1221 670 1295 depellat,
703 1234 758 1281 et
786 1225 1071 1290 morbum,
1110 1225 1489 1283 infirmitatem
1508 1225 1825 1282 absurdita-

203 1309 440 1371 temque
470 1317 682 1355 morum
708 1318 739 1356 a
768 1302 968 1355 misera
999 1309 1053 1355 et
1079 1300 1224 1355 malo
1252 1302 1456 1373 spiritu
1477 1303 1677 1378 agitata
1699 1304 1821 1357 eius

205 1376 330 1431 vita
359 1382 628 1448 expurget
657 1383 942 1447 sanetque.
1022 1374 1130 1442 Qui
1159 1392 1291 1431 vero
1318 1376 1497 1431 solent
1525 1377 1821 1451 allegorice

477 1616 610 1675 Quid
641 1626 712 1669 est
745 1617 918 1682 „Esto
953 1618 1167 1670 dominus
1191 1620 1374 1685 fratria
1409 1620 1559 1671 ww?

323 1724 446 1777 2⁴8.
487 1720 917 1793 Copotissimum
949 1720 1261 1786 confirmat,
1312 1731 1367 1775 et
1394 1719 1664 1791 paulatim
1690 1738 1822 1791 pro-

189 1792 521 1869 grediendo
569 1795 879 1867 augmentis
929 1794 1173 1851 declarat
1216 1793 1339 1850 illic
1382 1795 1654 1864 privatoS,
1726 1793 1821 1848 hic

205 1869 502 1943 principes
516 1910 530 1933 ‚
591 1886 738 1925 nunc
771 1872 1093 1942 proximum
1140 1868 1362 1941 generis
1407 1867 1629 1922 fratrem
1672 1866 1823 1922 obli-

204 1943 417 2019 gandO.
495 1943 730 1999 Putasne
755 1946 1083 2019 magistrum
1102 1942 1463 1999 humanitatis
1490 1949 1543 1997 et
1560 1958 1821 1996 mansue-

205 2016 426 2076 tudinis
447 2024 557 2073 tam
590 2018 1008 2091 iniquissimum
1037 2018 1266 2075 titulum
1284 2016 1497 2073 divinis
1515 2016 1821 2071 inseruisse

207 2092 544 2167 scripturis?
581 2093 729 2161 Quid
745 2097 898 2151 enim
916 2095 1088 2150 huius
1109 2093 1347 2148 iniuriae
1362 2132 1376 2157 ‚
1419 2090 1553 2148 vide
1576 2089 1716 2162 quid
1739 2090 1821 2145 lo·-

205 2170 402 2242 quitur
429 2169 654 2241 sapiens
684 2168 1010 2225 huiusmodi
1037 2169 1201 2242 peius
1215 2210 1229 2233 ,
1272 2184 1441 2239 quam
1470 2166 1637 2222 frater
1665 2164 1820 2220 fratri

206 2243 498 2301 subiectus
518 2245 612 2299 sit.
673 2245 787 2300 Hoc
805 2244 1037 2315 quidem
1055 2260 1161 2299 nec
1180 2242 1483 2315 suspicari,
1514 2256 1617 2297 nec
1635 2238 1820 2295 dicere

205 2318 292 2374 fas
321 2328 426 2375 est.
504 2320 575 2374 Ut
601 2320 754 2373 enim
781 2320 950 2391 paulo
977 2326 1103 2374 ante
1132 2319 1412 2381 dixeram,
1452 2315 1816 2372 utilissimum

206 2394 362 2449 enim
391 2410 502 2448 non
531 2393 828 2449 arbitratur
856 2394 1145 2465 insipienti
1182 2393 1489 2449 libertatem
1519 2390 1815 2453 destinare,

205 2484 378 2540 quem
397 2467 612 2523 iudicat
631 2466 821 2541 (mat-9.
842 2466 1094 2523 iudicant
1118 2468 1268 2543 vere)
1294 2467 1582 2523 dominum
1600 2462 1821 2522 studio-

205 2560 335 2597 sum
365 2550 420 2597 et
448 2542 780 2614 prudentem
805 2542 989 2597 virum
1005 2585 1018 2607 ‚
1061 2544 1161 2615 qui
1189 2560 1318 2597 eum
1338 2550 1618 2613 tamquam
1639 2536 1821 2593 medi-

206 2634 308 2671 cus
330 2615 514 2671 bonus
529 2632 552 2680 ,·
566 2624 631 2671 ut
650 2616 739 2671 his
761 2625 938 2673 arceat
957 2616 1305 2672 infirmitates
1324 2614 1567 2671 curando
1586 2612 1815 2669 reficiat.

207 2692 467 2747 Caeteras
487 2692 656 2747 etiam
677 2692 892 2747 animae
913 2689 1213 2747 anxietates
1233 2707 1425 2746 sanare
1449 2690 1707 2763 quamvis
1728 2705 1821 2743 so-
