2125 3084
350 191 443 241 {50
590 192 787 237 PHIL.
826 192 974 238 mn.
1014 191 1336 251 QUAEST.
1374 193 1473 239 ET
1513 194 1672 239 801..
1725 188 1960 256 [IL-²336]

351 358 467 417 Quis
493 367 563 409 est
580 356 829 407 Rebeccae
835 358 1004 422 frater
1011 393 1027 419 ,
1067 357 1146 407 σαί
1160 374 1325 407 nomen
1337 358 1443 421 sinit
1459 356 1670 407 Laboen?
1703 361 1813 422 (24,
1836 362 1957 423 29.)

458 472 572 525 ⁴⁴7.
620 471 851 526 Animae
886 458 1118 524 nostrae'
1131 468 1296 523 frater
1323 477 1406 523 est
1435 486 1507 523 ex
1535 478 1755 533 natura,
1799 488 1958 526 unus

345 546 627 601 rationalis
641 586 655 609 ,
689 545 824 600 alter
842 543 1098 599 brutaliS.
1159 543 1432 598 Rationali
1454 545 1641 614 itaque
1663 546 1722 599 in
1743 554 1958 601 sortem

344 622 469 675 data
498 629 581 675 est
609 621 793 692 virgo,
834 619 1274 695 perseverantiae
1292 620 1766 690 perennitatisque
1794 638 1958 693 sym—

344 696 563 758 bolum,
596 696 816 750 Rebecca
824 714 844 762 ;
893 693 1099 748 brutali
1117 709 1248 747 vero
1267 694 1475 757 Latara,
1506 694 1716 765 quippe
1736 696 1836 766 qui
1861 698 1956 751 in-

344 777 669 841 terpretatur
707 768 945 823 albedo
960 810 973 833 ‚
1026 767 1298 822 indicium
1335 767 1599 821 claritatis
1633 786 1820 823 rerum
1859 788 1955 826 se-

345 844 589 900 cundum
613 861 829 898 sensuS.
908 842 1132 913 Oportet
1158 843 1310 896 enim
1336 843 1544 913 optime
1565 860 1725 897 nosse
1740 884 1753 907 ‚
1795 846 1953 915 quod

343 918 810 991 quemadmodum
831 917 1228 973 elementorum
1248 918 1398 971 vocis
1415 915 1670 972 litteralis
1690 926 1802 972 tres
1817 931 1953 975 sunt

344 995 727 1049 distinctiones
742 1034 755 1058 ,
779 992 1052 1065 quaedam
1073 992 1291 1047 vocales
1307 1033 1320 1055 ‚
1341 991 1614 1063 quaedam
1631 992 1794 1065 (inter
1814 1010 1952 1049 con-

344 1068 619 1141 sonantes)
645 1068 1031 1131 semivocaleS‚
1067 1067 1208 1122 aliae
1234 1082 1365 1121 vero
1394 1084 1528 1121 voce
1558 1075 1832 1131 carentes,
1869 1070 1951 1122 si-

344 1144 549 1199 militer
575 1161 635 1199 se
664 1143 830 1198 habet
856 1152 911 1198 et
929 1150 1113 1198 nostra
1133 1144 1238 1197 ista
1256 1150 1475 1209 natura3
1520 1159 1648 1197 nam
1666 1142 1847 1197 vocali
1869 1145 1950 1198 si-

345 1219 496 1273 milis
517 1227 601 1273 est
620 1217 931 1273 intellectus
952 1226 1006 1273 et
1034 1216 1357 1271 semivocali
1385 1233 1579 1274 sensus
1595 1258 1608 1280 ,
1649 1233 1787 1272 voce
1814 1235 1949 1272 vero

345 1294 550 1349 carenti
572 1307 790 1362 corpus,
818 1289 890 1365 [³⁵⁵]
957 1292 1162 1346 Verum
1184 1290 1253 1345 de
1274 1298 1517 1345 extremo
1537 1292 1805 1362 incipiam
1825 1292 1948 1347 dis-

344 1384 543 1421 serere.
624 1366 781 1419 Sicut
817 1366 965 1419 enim
1002 1382 1151 1419 mere
1191 1382 1495 1420 consonans
1531 1382 1631 1437 per
1668 1383 1729 1420 se
1763 1368 1948 1422 solum

344 1440 555 1495 nullam
588 1439 756 1493 habet
787 1440 1066 1510 propriam
1100 1456 1318 1504 vocem,
1371 1441 1724 1495 coniunctum
1760 1450 1946 1497 tamen

344 1514 523 1569 vocali
542 1530 734 1568 vocem
752 1514 968 1584 perficit
987 1513 1305 1569 litteralem:
1327 1516 1532 1587 pariter
1553 1525 1606 1570 et
1625 1534 1824 1588 corpus
1846 1536 1947 1573 no-

345 1597 520 1644 strum
541 1588 600 1642 in
621 1606 680 1643 se
701 1590 825 1660 ipso
842 1588 1020 1643 solum
1040 1606 1269 1645 manens
1287 1590 1573 1646 immobile
1601 1600 1684 1646 est
1698 1633 1711 1655 ,
1753 1608 1946 1647 move-

342 1674 435 1719 tur
474 1672 655 1719 autem
694 1664 763 1719 ab
802 1665 984 1719 anima
1010 1665 1264 1720 rationali
1293 1665 1448 1719 iuxta
1477 1667 1698 1739 singula
1734 1667 1946 1722 instru-

344 1748 525 1795 menta
547 1740 788 1811 partium
810 1740 878 1794 ad
900 1738 985 1805 id,
1010 1740 1162 1811 quod
1187 1739 1297 1795 sibi
1319 1742 1576 1795 convenit
1595 1758 1658 1796 ac
1676 1758 1817 1814 opus
1838 1751 1940 1797 est.

342 1816 541 1871 Itidem
573 1817 718 1871 sicut
742 1816 1098 1871 semivocalia
1126 1832 1322 1871 sonum
1351 1814 1590 1870 reddunt
1623 1816 1944 1872 claudican-

343 1900 454 1946 tem
475 1900 529 1946 et
546 1892 957 1964 imperfectum,
1001 1893 1050 1947 si
1080 1908 1210 1946 vero
1237 1890 1608 1963 adiungantur
1632 1891 1938 1957 vocalibus,

342 1967 563 2037 plenam
591 1984 785 2023 vocem
814 1968 1157 2023 articulatam
1184 1982 1316 2037 prae
1345 1982 1404 2021 se
1423 1964 1632 2021 ferunt:
1675 1984 1740 2022 eo
1757 1976 1942 2022 tenore

344 2050 399 2094 et
426 2058 622 2094 sensus
658 2050 843 2096 noster
878 2044 1185 2098 semivivus
1213 2049 1270 2095 ct
1301 2039 1660 2111 imperfectus
1695 2042 1942 2096 medium

344 2122 491 2168 tenet
510 2113 761 2167 ordinem
780 2116 923 2169 inter
943 2117 1284 2174 intellectum
1311 2122 1366 2169 et
1389 2132 1608 2187 corpus.
1671 2115 1940 2181 Quoniam

344 2187 413 2241 ab
432 2194 665 2258 utroque
685 2189 915 2242 istorum
941 2200 1152 2261 partem
1182 2190 1371 2246 habet:
1415 2208 1532 2250 non
1553 2197 1639 2245 est
1661 2192 1941 2247 inanimus

344 2263 489 2317 sicut
508 2278 706 2333 corpus
720 2302 734 2327 ‚
759 2279 860 2316 nec
880 2264 1165 2320 intellectu
1183 2266 1468 2336 praeditus
1488 2266 1633 2319 sicut
1651 2267 1934 2339 cogitati03

343 2337 565 2409 quando
585 2354 717 2392 vero
734 2354 891 2391 mens
909 2355 969 2392 se
980 2340 1282 2394 extendens
1293 2340 1584 2412 copulatur
1594 2341 1648 2394 ei
1657 2348 1722 2395 ut
1731 2341 1941 2397 adscri-

343 2422 437 2484 pta
452 2454 464 2476 ,
508 2412 755 2485 disponit
782 2429 910 2467 eum
938 2413 1006 2467 ad
1026 2414 1362 2470 rationaliter
1381 2414 1691 2471 videndum
1711 2417 1942 2471 audien-

344 2487 589 2557 dumque
616 2496 670 2541 et
694 2488 1023 2558 simpliciter
1045 2488 1383 2557 loquendum
1405 2507 1533 2545 cum
1553 2491 1764 2546 ratione
1783 2500 1838 2546 et
1855 2509 1941 2545 ra-

343 2561 619 2616 tionaliter
639 2562 1009 2617 sentiendum.
1088 2563 1252 2616 Porro
1273 2564 1464 2619 eadem
1485 2565 1696 2620 ratione
1709 2606 1722 2629 ,
1745 2582 1941 2637 quem-

344 2633 641 2688 admodum
662 2637 872 2691 vocalia
894 2646 1005 2693 tam
1022 2652 1124 2707 per
1143 2653 1202 2689 se
1217 2677 1230 2699 ‚
1271 2654 1440 2708 quam
1469 2640 1642 2695 mixta
1666 2656 1798 2695 cum
1819 2660 1943 2698 cae-

341 2706 472 2760 teris
489 2724 682 2763 vocem
714 2712 885 2767 edunt
916 2711 1225 2785 propriam,
1267 2714 1526 2770 similiter
1556 2722 1611 2771 et
1641 2732 1800 2771 mens
1831 2725 1938 2773 tam
