2125 3084
184 182 255 247 [1,
280 178 393 245 ¹32]
590 184 725 231 LIB.
762 184 861 229 DE
896 184 1383 231 ANIMALIBUS.
1683 180 1770 233 {2⁴

184 288 381 356 Neque
399 282 631 339 medicis
650 284 771 339 sine
788 282 917 338 cibo
944 290 1037 337 aut
1063 292 1198 354 potu
1223 293 1318 339 aut
1345 283 1606 339 remediis
1633 284 1781 341 cedit

184 368 370 432 optata
400 360 605 415 sanitas
634 360 859 430 aegroti.
936 358 1005 413 Et
1030 357 1170 428 quid
1196 366 1407 429 oportet
1431 358 1780 415 dinumerare

188 435 427 489 artifices
443 475 455 498 ,
498 444 731 505 quorum
760 441 869 487 tota
894 450 983 487 ars
1000 448 1100 503 per
1115 433 1478 489 instrumenta
1497 441 1782 489 exercetur

188 519 244 565 et
265 510 471 580 quibus
492 509 645 564 nulla
662 516 747 563 est
771 508 857 563 vis
882 506 1003 561 sine
1032 505 1160 562 his?
1213 505 1424 563 Aranea
1451 515 1632 563 tamen
1661 514 1783 563 tan-

188 584 312 639 tilla
338 593 503 655 atque
531 583 747 639 inutilis
774 589 961 653 putata
990 582 1135 636 inter
1162 580 1452 646 bestiolae,
1495 581 1783 653 perfectis-

186 660 331 713 sima
350 659 408 713 in
430 666 643 715 textura
662 657 817 713 nul-lo
836 664 960 728 eget
979 657 1359 720 instrumento,
1381 656 1482 713 sed
1499 656 1782 713 sufficiens

184 742 277 789 est
295 750 393 805 per
421 750 481 787 se
510 734 689 805 ipsam
718 731 787 787 ad
794 730 1206 817 perfectionem
1231 748 1444 795 rerum
1485 748 1624 802 quas
1651 748 1783 819 ope-

186 809 301 863 rari
330 809 473 862 vult.
548 808 691 863 Ecce
718 806 869 863 enim
884 806 1003 862 scio
1020 806 1294 876 pictorum
1314 806 1710 877 fictorumque
1695 824 1783 863 in·-

188 884 417 969 geniosa
447 884 846 954 experimenta,
890 881 988 951 qui
1018 880 1280 953 figmenta
1308 888 1362 936 et
1379 882 1623 952 picturas
1645 881 1784 937 ima-

190 958 489 1029 ginesque,
522 966 789 1027 quantum
808 956 867 1011 in
886 955 1026 1025 ipsis
1046 964 1216 1019 esset,
1247 963 1562 1029 sategerunt
1587 972 1784 1027 perpe-

188 1040 347 1085 tuare
365 1047 429 1085 ac
448 1032 779 1087 immortales
798 1030 1027 1085 reddere
1048 1030 1262 1086 labores
1283 1048 1440 1096 suos,
1469 1047 1532 1085 ac
1551 1031 1783 1101 proinde

190 1104 473 1161 laedentes
500 1121 665 1177 opera
690 1124 793 1161 sua
816 1114 1096 1175 tamquam
1123 1106 1492 1163 inexorabiles
1528 1106 1782 1161 inimicos

188 1179 323 1235 odio
352 1178 611 1235 habuere.
686 1181 837 1235 Idem
868 1180 1043 1237 facere
1075 1189 1130 1236 et
1159 1198 1410 1237 araneam
1429 1180 1782 1237 manifestum

189 1262 279 1309 est
292 1294 304 1317 ‚
338 1269 479 1325 quae
500 1255 761 1311 nimirum
779 1264 1068 1327 postquam
1087 1255 1318 1327 perfecit
1337 1264 1608 1311 texturam
1622 1298 1635 1320 ‚
1665 1274 1783 1313 me-

190 1330 289 1384 dio
310 1328 429 1385 loco
448 1330 601 1386 velut
620 1330 881 1387 incontra
898 1331 1654 1402 insidiatur‚·quaquaversus
1673 1333 1784 1387 cir·—

190 1414 575 1477 cumspeotans
588 1446 601 1470 ‚
626 1423 693 1461 ne
712 1406 849 1463 forte
869 1405 1112 1464 volantia
1128 1423 1228 1478 per
1248 1409 1427 1463 aerem
1445 1408 1684 1463 lacerent
1700 1416 1784 1461 te·-

188 1480 331 1545 lam,
372 1489 535 1553 atque
563 1490 745 1545 cavet,
786 1499 855 1536 ne
884 1482 1184 1554 quicquam
1213 1499 1476 1554 umquam
1511 1500 1570 1538 se
1608 1482 1784 1537 invita

187 1564 548 1627 pertranseat.
626 1556 797 1622 Quod·
810 1557 862 1613 si
888 1557 1126 1622 accidat.
1167 1574 1388 1613 causam
1407 1559 1594 1615 damni
1615 1575 1646 1613 e
1666 1574 1785 1615 me-

188 1630 286 1686 dio
314 1632 483 1695 tollit,
524 1648 623 1702 per
651 1640 921 1687 texturam
948 1633 1130 1702 ipsam
1157 1633 1309 1689 illico
1337 1634 1611 1689 vindictas
1637 1634 1784 1689 acci·

187 1706 378 1775 piens,
402 1707 677 1761 scissurae
696 1714 1118 1763 antemi-ursum
1137 1708 1408 1763 medetur.

302 1782 389 1835 20.
434 1776 511 1851 [*]
536 1780 635 1833 Est
654 1787 707 1832 et
726 1779 959 1833 alterum
984 1780 1292 1849 quoddam,
1331 1782 1422 1835 cui
1452 1797 1560 1834 non
1591 1780 1784 1834 rustici

190 1852 327 1915 soli,
388 1868 583 1907 verum
620 1854 785 1905 etiam
821 1854 1010 1923 magni
1057 1868 1250 1923 reges
1263 1870 1452 1909 curam
1498 1852 1780 1909 exhibent.

188 1927 363 2013 Apis
346 1928 572 1999 ingenio
592 1925 739 1981 haud
760 1925 1001 1997 profecto
1020 1910 1298 1990 concedit,
1341 1927 1468 1996 plus
1497 1943 1664 1998 quam
1684 1926 1785 1981 ho-

190 2002 371 2055 mines
392 2003 513 2055 visa
532 2009 772 2055 mentem
792 2017 1045 2057 exercere
1055 2000 1131 2072 *).
1190 2000 1370 2056 Verno
1389 2010 1650 2072 tempore,
1673 2018 1784 2088 quo

189 2076 488 2131 universus
517 2092 745 2147 campus
775 2084 830 2130 et
857 2084 1000 2130 totus
1029 2076 1230 2130 montis
1261 2075 1412 2129 locus
1443 2075 1638 2131 fertilis
1667 2078 1786 2147 pri-

191 2168 345 2205 mum
375 2148 553 2217 floret,
597 2152 851 2205 examina
882 2167 1047 2225 apum
1078 2150 1484 2220 supervolantia
1511 2160 1568 2205 et
1597 2151 1785 2222 perlu-

190 2226 417 2280 strantia
447 2224 629 2280 hortos
660 2242 722 2279 ac
747 2225 1039 2289 viridaria,
1083 2233 1200 2279 tum
1238 2242 1405 2296 super
1443 2222 1784 2281 ramusculos

190 2299 401 2354 virides
441 2300 852 2373 flagrantesque
889 2299 1047 2355 flores
1086 2300 1360 2364 sedentia,
1405 2318 1471 2357 ex
1519 2300 1783 2357 calicibus

188 2374 527 2447 papillisque
558 2393 677 2430 rore
708 2377 946 2447 aspersis
976 2377 1161 2447 ipsum
1191 2385 1492 2448 exsugunt,
1533 2393 1783 2448 praeser-

188 2451 289 2504 tim
320 2468 449 2505 vero
479 2468 549 2505 ex
576 2450 781 2525 thymis
793 2450 880 2525 *ἢ
916 2452 1256 2525 caeterisque
1294 2451 1452 2506 humi
1488 2452 1777 2525 proximiS,

190 2635 239 2673 ss
258 2579 335 2676 η’)
368 2580 531 2673 ssgith·
538 2592 637 2621 cum
670 2582 836 2621 traditis
868 2592 895 2620 a
925 2582 1063 2623 Plinio
1095 2583 1260 2633 prolixe
1303 2582 1376 2629 11,
1410 2583 1474 2622 4-
1491 2584 1555 2623 22.
1591 2586 1635 2621 et
1667 2580 1779 2629 xxl.

295 2682 363 2730 ss)
406 2682 570 2723 Nomen
598 2680 671 2723 Gr.
698 2680 817 2734 θ-ὕμο
818 2696 858 2730 ς,
896 2684 1076 2735 thymus,
1114 2682 1314 2726 observat
1339 2688 1382 2723 et
1407 2682 1617 2735 Interpres
1643 2682 1776 2729 Arm..

190 2734 303 2773 sieut
326 2734 456 2775 ettam
478 2731 713 2785 μιλιλυτον.
762 2734 924 2775 Aaou.
