2125 3084
192 170 284 236 Ul,
304 166 422 233 409]
531 171 612 217 ΙΝ
654 172 1012 219 GENESIN.
1053 172 1307 218 SERIO
1344 173 1439 221 IV·
1696 164 1797 221 247

197 270 570 347 reputandus3
622 274 884 343 quoniam
911 272 1135 327 virtutis
1156 272 1615 343 dispensationem
1632 314 1647 336 ,
1688 271 1795 327 fal-

197 351 398 409 laciam
417 348 848 420 illusionemque
868 355 1065 404 vocant
1086 347 1526 402 calumniatores.
1564 348 1635 402 Et
1652 365 1793 419 quae

197 424 540 497 dispensatio
566 423 764 479 melior
787 424 887 488 sit,
933 422 1155 493 quando
1181 422 1313 494 quis
1332 421 1475 477 bona
1492 429 1547 476 et
1564 423 1794 478 virtutes

198 501 338 556 nolit
367 499 682 554 adscribere
711 498 810 562 iis,
854 498 954 570 qui
982 499 1217 569 turpiter
1244 498 1435 553 vivere
1463 495 1673 551 velint?
1727 498 1796 551 At

199 576 408 631 dixerit
427 582 480 629 et
501 572 812 645 speculator
828 614 840 637 ‚
880 590 1056 644 quum
1079 572 1386 644 prehensus
1412 572 1606 648 fuerit,
1644 570 1795 643 quod

197 653 318 706 Non
340 667 465 705 sum
485 648 689 713 hostie,
723 646 822 703 sed
844 649 1076 702 amicus·
1154 646 1311 714 Quod
1330 647 1381 701 si
1402 646 1462 702 id
1492 646 1641 701 haud
1668 662 1797 717 pro·

198 727 362 781 betur
381 740 561 797 neque
583 723 767 779 locum
787 723 988 777 habeat
1005 722 1219 777 dictum
1233 764 1247 787 ,
1270 722 1407 777 haec
1427 722 1576 779 dicat
1594 720 1791 777 verba:

199 803 320 873 Ego
341 818 412 855 ex
427 816 514 854 me
536 799 658 870 ipso
683 799 809 853 veni
830 797 898 853 ad
919 815 1038 863 voa,
1063 798 1386 869 improbatis
1406 798 1547 853 meis
1566 796 1791 869 (sociis).

195 877 357 933 Dicat
384 883 440 929 et
465 874 582 929 dux
607 872 868 939 militiae,
908 872 1008 944 qui
1037 873 1249 927 bellum
1277 872 1432 937 facit,
1477 872 1622 928 velle
1642 871 1795 944 pacis
1885 937 1890 944 ‚

197 950 485 1022 negotium
511 948 726 1020 operari
754 949 844 1004 vel
875 949 935 1003 in
966 957 1211 1019 tempore
1235 948 1389 1019 pacis
1410 948 1582 1003 aciem
1603 964 1795 1019 parare

197 1025 472 1097 cogitans.
545 1024 743 1079 Induat
763 1032 815 1081 et
840 1040 941 1078 rex
968 1022 1220 1078 habitum
1249 1023 1479 1094 privati,
1522 1024 1573 1077 si
1602 1023 1796 1094 nequit

198 1100 315 1155 alio
345 1096 504 1153 modo
531 1098 824 1155 utilitatem
852 1098 1075 1171 imperii
1106 1097 1565 1170 subditorumque
1604 1098 1795 1169 auspi-

201 1175 350 1241 cari3
403 1181 456 1227 et
481 1172 732 1247 domiuus
753 1172 1024 1246 (formam)
1041 1175 1218 1237 servi,
1250 1190 1321 1229 ne
1341 1175 1553 1246 ignoret
1570 1174 1795 1229 omnino

233 1266 294 1304 es
315 1248 466 1305 domi
488 1256 652 1303 actas.
690 1250 838 1305 Haec
854 1248 1152 1304 familiaria
1170 1256 1298 1303 sunt
1316 1257 1370 1303 et
1382 1250 1449 1311 ¹in
1471 1250 1593 1321 ipsa
1614 1249 1793 1304 littera

221 1311 628 1398 contiflentur).-
666 1323 750 1381 Ad
770 1333 1008 1381 mentem
1029 1340 1161 1378 vero
1182 1324 1499 1397 allegoriam
1519 1340 1794 1396 usurpan-

199 1410 286 1457 tes
325 1399 576 1455 dicamus
609 1398 809 1465 liceat:
896 1399 1346 1471 Uniuscuiusque
1394 1400 1564 1455 nostri
1610 1400 1793 1455 anima

198 1475 541 1547 multiplices
561 1473 624 1531 in
641 1492 702 1531 se
721 1475 883 1549 quasi
902 1474 1153 1531 homines
1180 1473 1416 1547 praefert
1428 1516 1443 1540 ‚
1486 1475 1791 1533 secundum

201 1803 376 1857 vitate
405 1799 860 1871 negotiationum3
905 1817 1144 1872 namque
1172 1817 1273 1872 pro
1297 1800 1500 1854 virtute
1528 1798 1795 1869 acquisita

203 1876 390 1934 solent
405 1873 822 1930 calumniatores
843 1875 1121 1931 fallaciam
1140 1888 1478 1944 nuncupare.
1530 1871 1678 1939 Quid
1698 1888 1798 1926 au-

200 1960 318 2007 tem
347 1948 780 2021 dispensabilius
808 1952 1066 2013 utilitati,
1118 1966 1285 2021 quam
1318 1948 1525 2018 optime
1550 1946 1799 2001 studiosa

201 2023 519 2099 turpissimi
547 2041 765 2097 quoque
793 2035 849 2082 et
873 2026 1233 2098 scrupulosae
1261 2024 1405 2080 vitae
1425 2022 1675 2077 homines
1689 2062 1702 2085 ‚
1744 2030 1801 2077 et

201 2103 400 2174 optimi
421 2101 533 2156 viri
551 2102 868 2172 exquirunt.
947 2102 1091 2156 Dicit
1108 2101 1257 2155 enim
1282 2107 1337 2154 et
1361 2098 1623 2171 magister
1648 2096 1801 2151 mili-

201 2179 340 2243 tiae,
383 2193 578 2249 pacem
603 2176 750 2231 velle
775 2177 983 2249 praelia
1002 2176 1272 2248 parando,
1314 2183 1369 2231 et
1384 2173 1539 2247 pacis
1557 2182 1803 2243 tempore

203 2270 356 2333 arina
375 2251 710 2309 renovando.
789 2253 866 2307 Ita
889 2251 1113 2307 demum
1132 2255 1299 2307 etiam
1316 2268 1417 2307 rex
1436 2249 1638 2305 amictu
1665 2246 1804 2301 sub·-

203 2336 426 2386 ornatur
462 2327 666 2398 privati
703 2343 804 2398 pro
842 2327 1106 2392 utilitate,
1177 2328 1227 2383 si
1264 2326 1421 2383 aliter
1458 2341 1568 2380 non
1603 2322 1804 2395 poterit

205 2402 468 2469 evadere3
515 2400 750 2472 expedit
761 2402 910 2457 enim
931 2410 992 2457 ut
1017 2403 1283 2459 subiectis
1298 2442 1311 2467 ‚
1353 2403 1431 2457 ita
1459 2403 1513 2457 et
1540 2398 1804 2454 domesti-

203 2494 396 2534 corum
426 2476 859 2533 conditionibus.
937 2478 1081 2534 Haec
1108 2494 1207 2551 pro
1235 2476 1485 2549 partibus
1518 2474 1801 2531 orationis.

202 2552 388 2609 Altius
435 2560 620 2606 antem
663 2551 869 2606 dicitur
914 2554 1353 2623 uniuscuiusque
1400 2552 1571 2617 nostri
1620 2551 1803 2605 anima
1819 2571 1845 2597 ο

205 2627 482 2701 plurimos
501 2624 708 2681 habere
737 2625 878 2681 infra
905 2644 965 2681 se
986 2637 1249 2700 tanquam
1265 2626 1543 2690 homines,
1586 2642 1685 2698 pro
1705 2643 1805 2681 va·-

207 2704 402 2757 rietate
433 2698 816 2756 accedentium
840 2718 1053 2767 rerum,
1104 2712 1167 2758 ut
1199 2710 1357 2773 puta:
1405 2703 1469 2756 In
1508 2719 1596 2759 me
1632 2710 1717 2758 est
1746 2707 1808 2755 et
