2125 3084
375 174 438 225 3ο
820 175 1186 223 PmLoms
1231 172 1502 219 mutu-:1
1787 164 1866 231 [1,
1895 169 2012 233 ει]
2077 190 2079 199 ·

374 280 578 337 tionem
608 275 807 331 falsum
835 274 941 329 hoc
966 291 1090 329 esse
1117 272 1348 327 suadere
1383 271 1699 334 videantur,
1754 288 1872 326 nos
1911 282 2012 327 ta-

374 370 499 407 men
528 368 599 407 ex
628 350 785 405 nobis
815 351 954 421 ipsis
974 356 1252 404 sumentes
1270 347 1611 417 exemplum,
1653 346 2006 403 secundum

374 425 647 482 iudicium
667 426 775 480 iam
803 424 1102 487 dictorum,
1145 422 1522 477 examinemus
1552 419 1738 476 studio
1776 422 2005 477 erudi-

373 502 560 557 tionis,
636 499 817 566 Quum
834 499 994 553 -enim
1023 498 1385 570 appetitiones
1414 496 1583 549 animi
1612 498 1790 550 nostri
1813 499 1999 569 prius

376 578 517 632 intra
538 593 633 631 nos
652 592 750 647 per
770 574 1062 629 consilium
1081 572 1404 645 prudentiae
1424 568 1703 625 efformare
1732 587 1997 628 consue-

374 653 643 713 verimus,
684 658 871 721 postea
900 665 1029 703 vero
1057 642 1289 717 exsequi
1327 654 1568 701 nostram
1601 646 1986 712 voluntatem,

376 725 615 799 profecto
630 766 643 788 ,
670 726 717 778 si
741 732 1029 795 antequam
1048 721 1374 794 principalis
1396 720 1512 775 dux
1521 719 1575 793 *)
1596 722 1785 776 anima
1805 740 1988 777 suum

374 801 659 855 arbitrium
686 797 973 853 manifeste
1002 797 1269 860 declaret,
1317 796 1444 867 quis
1466 803 1616 869 agat,
1668 804 1808 851 tunc
1829 814 1983 868 quae

374 894 444 931 ex
488 876 585 930 illo
622 890 783 947 opere
821 874 1098 935 oriuntur,
1167 870 1404 927 absurda
1459 878 1644 933 erunt,
1713 879 1772 927 et
1827 888 1979 943 quae

373 960 528 1006 antea
563 950 812 1022 praevisa
843 956 1146 1009 nouerant,
1205 964 1268 1001 ea
1305 944 1412 999 sub
1457 946 1619 999 tinem
1657 949 1976 1017 unusquis-

372 1043 482 1099 que
528 1042 627 1099 per
676 1041 737 1079 se
780 1029 1005 1078 testatur
1054 1020 1192 1076 falso
1236 1038 1295 1075 se
1341 1019 1645 1075 credidisse
1691 1038 1799 1076 nec
1856 1040 1970 1076 rem

375 1103 587 1157 animae
617 1101 726 1154 iam
754 1106 936 1153 notam
966 1096 1159 1151 fuisse.
1247 1094 1513 1161 Quoniam
1549 1096 1596 1149 si
1628 1096 1818 1151 anima
1849 1106 1968 1151 ante

374 1180 489 1249 re‘m
536 1174 732 1229 factam
778 1172 1071 1229 consilium
1116 1171 1356 1235 iniisset,
1399 1170 1540 1225 nihil
1584 1171 1967 1241 imprudenter

374 1250 585 1321 egissit.
664 1248 786 1303 Pari
818 1247 977 1303 modo
1000 1264 1120 1302 esse
1141 1246 1406 1317 aliquem,
1439 1245 1536 1317 qui
1556 1244 1962 1317 plenitudinem

373 1322 719 1379 rationalium
758 1321 949 1377 mundi
988 1322 1228 1395 partium
1265 1328 1505 1385 moveat,
1559 1328 1710 1391 patet
1744 1339 1848 1393 per
1877 1340 1956 1377 se:

372 1396 835 1469 quemadmodum
865 1397 962 1451 ubi
992 1396 1280 1451 artificiose
1312 1397 1442 1451 artis
1471 1396 1710 1451 alicuius
1744 1398 1963 1470 opificia

371 1490 468 1545 per
488 1472 736 1526 homines
762 1469 832 1545 [*]
858 1470 1159 1528 industrios
1181 1472 1450 1527 elaborata
1479 1479 1782 1527 cernuntur
1798 1516 1811 1539 ,
1857 1483 1966 1528 sta-

374 1549 473 1602 tim
493 1546 627 1602 haec
648 1549 768 1619 ipsa
786 1545 1127 1611 videntibuS,
1151 1555 1204 1602 et
1223 1547 1272 1601 si
1293 1547 1482 1619 procul
1503 1545 1703 1601 artifex
1723 1550 1818 1613 sit,
1846 1566 1964 1604 esse

374 1632 551 1679 tamen
572 1624 811 1695 aliquem
834 1631 1015 1695 aperte
1040 1631 1208 1694 patet.
1285 1620 1437 1693 Opus
1467 1620 1748 1693 siquidem
1778 1625 1964 1696 ipsum

372 1699 655 1754 evidenter
682 1698 1013 1754 demonstrat
1044 1696 1328 1762 factorem,
1367 1713 1706 1768 quamquam
1725 1699 1774 1752 is
1797 1700 1962 1753 mini-

374 1792 460 1829 me
483 1775 644 1831 adsit.
722 1776 861 1829 Ecde
890 1791 958 1828 ex
986 1774 1211 1827 materia
1243 1788 1397 1827 aerea
1418 1771 1638 1844 elegans
1655 1774 1795 1828 artis
1817 1776 1962 1845 peri-

372 1860 461 1905 tus
482 1850 827 1906 artificiosam
844 1849 1154 1904 machinam
1173 1848 1378 1902 sollerti
1403 1847 1628 1920 ingenio
1647 1848 1953 1935 perficiens,

372 1928 793 1981 instrumentum
828 1934 1070 1995 tempora
1099 1923 1486 1977 discriminans
1523 1920 1690 1977 dabat
1727 1926 1953 1987 civitati,

371 2010 433 2055 ut
470 2012 777 2073 temporum
816 2000 1171 2071 quantitatem
1211 2015 1308 2070 per
1348 2014 1631 2052 mensuras
1667 1996 1955 2055 divisionis

375 2074 723 2131 distributam
749 2084 1045 2147 praestaret
1073 2075 1172 2138 iis,
1214 2074 1313 2145 qui
1350 2072 1555 2128 vellent
1591 2075 1815 2144 assequi
1843 2075 1957 2146 ple-

374 2168 499 2205 nam
516 2152 762 2206 notitiam
782 2151 901 2205 eius
922 2151 1023 2204 rei.
1102 2148 1391 2219 Siquidem
1419 2147 1614 2203 circuli
1633 2148 1954 2205 artificiosus

374 2242 542 2299 gyrus
574 2225 864 2281 duodecim
885 2224 1142 2280 horarum
1160 2223 1308 2279 diem
1328 2222 1658 2297 suggerebat
1677 2241 1778 2294 per
1797 2242 1957 2299 regu—

376 2302 510 2356 latas
531 2300 817 2356 distantias
830 2298 939 2372 **).

487 2412 571 2465 43.
612 2410 891 2464 Praeterea
921 2407 1061 2462 illud
1090 2424 1310 2479 quoque
1337 2408 1574 2475 maxime
1593 2408 1782 2463 mirari
1801 2425 1960 2480 opor-

476 2549 517 2596 *)
563 2550 721 2590 Graece
747 2551 925 2589 fortasse
952 2548 998 2603 γὸ
1026 2548 1267 2598 ἡγεμονικὸν
1291 2552 1360 2597 τῆς
1384 2550 1539 2599 ψυχῆς,
1567 2550 1611 2588 h.
1640 2558 1680 2590 e.
1709 2549 1834 2589 animi
1857 2559 1958 2597 pars

374 2610 409 2637 ι.
438 2600 636 2644 facultas,
684 2610 791 2648 quae
818 2603 1005 2639 caeteras
1034 2601 1160 2648 regit.
1211 2600 1373 2641 Auch-

474 2662 543 2707 ’ἢ
587 2666 694 2703 Mira
726 2666 955 2712 descriptio
982 2666 1210 2715 horologii,
1255 2678 1380 2716 quam
1415 2671 1556 2706 tamen
1581 2667 1817 2706 machinam
1847 2677 1956 2706 non·

376 2712 457 2749 nisi
484 2721 594 2751 saec.
622 2713 735 2751 xlv.
754 2716 825 2753 vei
849 2714 940 2755 XV.
962 2718 1178 2755 inventam
1205 2718 1399 2757 nonnulli
1425 2718 1754 2759 arbitrabantur.
1796 2717 1955 2759 Auch.
