2125 3084
503 504 1465 637 1nn'1cns.

184 824 236 901 1.
346 820 823 901 INDICES
908 821 1778 922 AUCHERIANNJ:

340 1001 407 1051 A.
458 989 971 1054 PRINCIPIORUM
1011 988 1637 1053 PHILONJANORUM:

594 1149 637 1191 1.
682 1142 886 1193 'rom
930 1141 1387 1208 sncmmw).

187 1296 458 1363 Animalia
476 1309 667 1373 formae
686 1309 799 1361 fons
818 1317 895 1361 est
911 1326 1114 1363 sensus:
1167 1326 1342 1365 sensns
1362 1318 1530 1363 antem
1549 1314 1648 1375 (to-

260 1378 399 1441 talis)
427 1379 480 1427 in
498 1378 627 1427 facie
648 1385 723 1427 est
725 1413 1648 1430 ........................................................
1751 1387 1782 1429 4

188 1446 360 1503 Homo
386 1460 489 1495 non
516 1446 679 1495 solum
705 1447 929 1508 animae,
966 1448 1056 1499 sed
1082 1448 1233 1498 etiam
1255 1449 1512 1500 rationalis
1539 1449 1646 1499 ani-

258 1528 372 1564 mae
388 1514 637 1579 particeps
666 1520 741 1562 est
765 1514 927 1563 factus
932 1548 1645 1565 ...........................................
1715 1542 1784 1555 -

192 1580 361 1645 Caput
375 1582 617 1645 templum
636 1588 713 1629 est
728 1582 934 1642 mentiS,
970 1589 1028 1631 nt
1050 1583 1255 1646 quidam
1272 1583 1442 1633 dixere
1447 1617 1645 1633 ............
1716 1610 1782 1623 —-

189 1649 413 1713 Lignum
436 1650 567 1697 vitae
594 1647 803 1707 scientia
840 1655 917 1697 eet
951 1663 1054 1713 non
1092 1650 1254 1699 solnm
1289 1658 1644 1728 creaturarum,

262 1716 350 1762 sed
384 1714 589 1763 maioris
627 1726 827 1774 qnoque
863 1704 1224 1777 supi-emaeque
1249 1730 1430 1764 causae
1453 1717 1647 1763 univer-

264 1793 449 1828 sorum.
516 1778 649 1827 Nam
681 1780 724 1827 si
752 1780 863 1839 quis
888 1782 1072 1841 poterit
1093 1782 1240 1828 istius
1269 1782 1522 1841 suscipere
1545 1795 1648 1828 cer-

260 1852 364 1893 tam
391 1844 780 1907 apparitionem,
816 1844 1096 1911 fortnnatns
1129 1846 1222 1893 erit
1259 1852 1308 1894 et
1341 1846 1464 1893 felix
1501 1853 1650 1907 atque

260 1926 375 1963 vere
405 1910 699 1963 immortalis
706 1943 1646 1959 .........................................................
1753 1918 1781 1961 5

194 1979 341 2031 Unde
360 1985 437 2029 est
452 1983 618 2027 motus
630 2012 644 2038 ,
682 1976 873 2041 primns
894 1983 969 2025 est
973 2011 1646 2026 .........................................
1714 2004 1783 2017 —-

196 2048 342 2098 Bona
360 2046 529 2095 omnia
545 2050 695 2107 atque
713 2044 875 2109 grafia
890 2043 1090 2093 initium
1107 2042 1360 2106 accipiunt
1375 2058 1407 2092 a
1422 2044 1536 2095 loco
1562 2044 1648 2093 do-

262 2113 448 2163 minico
453 2145 1644 2162 ........................................................................
1717 2139 1780 2149 -

200 2179 457 2243 Sapientia
482 2181 595 2243 ipsa
614 2187 664 2229 et
682 2178 917 2251 splendor
936 2177 1059 2241 (est)
1082 2185 1132 2227 et
1146 2178 1236 2227 lux
1240 2212 1628 2228 ........................
1714 2206 1782 2216 -

202 2246 341 2297 Cibis
357 2246 587 2297 homines
605 2261 707 2296 non
734 2247 899 2297 solum
926 2246 992 2295 ad
1018 2244 1422 2307 delectationem,
1464 2246 1552 2297 sed
1579 2252 1650 2295 et-

302 2410 345 2459 *)
386 2412 555 2453 Indices
586 2411 875 2453 Ancherlanos
907 2412 1043 2461 primo
1077 2412 1172 2454 loco
1206 2411 1426 2459 posuimus
1459 2410 1513 2451 ob
1547 2411 1663 2457 eins,
1708 2413 1778 2459 qui

196 2464 533 2557 {izimgaxainiigego
558 2464 776 2513 aequitum*
810 2465 967 2513 quippe
992 2462 1261 2513 principia
1285 2461 1534 2501 Philoniana
1559 2462 1777 2501 continen-

260 2542 271 2560 ‚
412 2526 435 2553 ι·
522 2540 535 2553 .

298 2579 366 2619 ”3
409 2580 551 2620 Primo
584 2580 679 2620 loco
710 2581 892 2620 indicem
918 2579 1041 2620 ‘romi
1075 2578 1297 2619 secundi
1327 2579 1567 2627 posuimus,
1612 2578 1710 2629 qnia
1735 2581 1780 2618 in

199 2630 291 2679 ipsa
320 2632 401 2670 hac
434 2631 619 2671 edii-ione
651 2632 721 2671 hie
753 2632 911 2671 'remus
943 2632 1028 2670 iam
1061 2632 1198 2680 primo
1230 2630 1326 2669 loco
1360 2630 1432 2677 (ex
1469 2631 1610 2670 causis
1653 2630 1781 2679 snpra

202 2682 317 2721 Toni.
344 2682 419 2729 VI,
446 2692 543 2731 pag.
571 2683 665 2732 27⁹,
691 2684 782 2723 not.
810 2681 835 2708 ¹¹
861 2682 1019 2730 allatis)
1043 2683 1209 2731 positus
1234 2681 1326 2720 ruit.

300 2748 339 2797 ι)
364 2748 457 2789 Hae
482 2750 663 2798 paginae
688 2753 791 2793 sunt
813 2749 1126 2797 Aucherianae,
1151 2758 1238 2789 non
1261 2748 1388 2791 huius
1415 2748 1626 2791 editionis.

268 2798 362 2849 ΡΗ
376 2815 441 2851 ιι,
454 2815 487 2851 o
525 2801 670 2855 vlu.
1322 2798 1370 2851 L
