2125 3084
186 163 425 232 {11,443.]
540 169 621 214 IN
662 169 1030 218 GENESIN.
1072 171 1327 218 SERMO
1364 174 1454 219 Ν.
1695 167 1794 222 295

189 272 289 342 qui
328 287 433 324 nec
468 287 695 325 munera
733 287 912 341 neque
962 288 1224 343 personas
1269 273 1592 344 accipiebat.
1682 273 1792 328 Sed

188 345 357 417 quid,
392 362 426 401 o
446 345 672 411 infelix,
707 345 958 400 dicamus
978 349 1057 411 ei,
1091 336 1308 400 tertiani
1327 346 1582 418 adaptare
1611 349 1794 404 volui-

189 421 291 475 sti!
352 420 505 487 Quae
544 422 695 475 enim
732 421 1004 493 corrigere
1042 422 1284 493 potuerit
1313 437 1431 486 eas,
1471 439 1612 493 quae
1644 424 1792 495 apud

188 495 354 551 illum
374 495 604 568 sunt*)‘?
642 495 997 561 NullatenuS,
1020 495 1121 550 sed
1141 497 1326 568 potius
1347 497 1405 550 in
1427 499 1787 553 contrarium:

188 580 301 626 tam
339 580 589 642 accepta,
630 587 799 642 quam
835 571 961 626 data
1000 571 1120 643 (pro
1155 570 1430 643 exemplo)
1468 571 1681 644 vita**)
1711 581 1794 627 est

186 654 404 717 praeter
447 645 647 701 vitam.'
740 647 975 702 Vocatur
1012 653 1192 700 autem
1228 645 1493 700 Hebraico
1530 647 1788 715 Majeleth,

186 738 332 792 quae
353 721 662 792 explicatur
688 739 768 776 ex
793 722 1161 793 principio.
1239 724 1350 776 Hoc
1381 730 1560 776 autem
1588 722 1648 775 in
1675 722 1793 775 vir-

188 804 303 851 tute
324 806 407 851 est
436 797 716 868 voluptaS,
760 798 840 851 uti
861 815 891 851 a
911 798 1190 868 principio
1214 794 1286 871 [Ἴ
1313 813 1342 851 a
1362 797 1654 868 primaque
1672 813 1792 852 cre-

186 872 371 926 atione
390 873 699 927 connutrita
720 873 871 926 omni
892 889 1018 926 cum
1040 871 1267 926 animali
1289 871 1514 927 credita.
1579 872 1793 927 Dicitur

184 954 373 1001 autem
414 947 689 1018 cupiditas
726 948 894 1002 etiam
938 964 1104 1001 causa
1149 947 1448 1002 multorum
1495 947 1785 1011 malorum,

183 1030 309 1077 tum
344 1021 414 1075 iis
454 1023 553 1094 qui
592 1021 893 1096 habent†),
937 1029 1054 1076 tum
1095 1022 1211 1077 illis
1249 1023 1347 1093 qui
1382 1030 1616 1096 tangunt
1644 1039 1785 1077 eam.

182 1096 471 1167 Cuiusque
488 1106 642 1170 pater
660 1099 875 1162 Ῑεηοαει,
914 1098 1012 1168 qui
1030 1105 1187 1152 sonat
1213 1097 1484 1152 auditus
1498 1139 1511 1163 ,
1555 1115 1617 1152 eo
1638 1096 1787 1170 quod

180 1172 287 1226 vix
306 1173 579 1244 particeps
598 1174 671 1228 sit
698 1174 882 1241 visus;
946 1173 1080 1244 quia
1101 1173 1388 1228 obcaecata
1409 1181 1492 1228 est
1511 1190 1666 1228 mens
1686 1172 1786 1228 de-

182 1246 295 1301 diti
326 1246 609 1318 cupiditati
626 1289 638 1312 ,
681 1249 756 1303 ita
786 1257 847 1303 ut
876 1256 1114 1319 nequeat
1141 1248 1332 1304 videre
1359 1249 1574 1306 visione
1593 1249 1780 1323 digna,

276 1392 338 1466 4)
369 1430 406 1460 s.
437 1417 533 1466 Quis
563 1448 642 1461 ...
666 1423 715 1461 <a
739 1424 851 1471 quoa
874 1424 990 1472 apua
1012 1424 1132 1463 mum
1159 1425 1244 1463 em
1293 1426 1456 1465 Auen.

286 1487 356 1534 ¹³⁸)
383 1484 468 1527 Vix
492 1489 707 1537 polliceor.
724 1492 887 1529 certum
912 1501 982 1530 me
1006 1492 1134 1532 huius
1167 1493 1251 1532 loci
1287 1493 1575 1546 obscurissimi
1608 1503 1783 1534 sensum

185 1539 458 1586 exposuisse.
508 1539 718 1579 Fortassis
744 1541 898 1580 melius
918 1542 1148 1583 diceretur:
1192 1546 1445 1585 conversatio
1463 1548 1539 1585 aut
1554 1547 1784 1595 exemlum

180 1593 259 1628 aut
284 1591 429 1629 modus
457 1591 622 1630 vivendi
646 1601 723 1639 pro
749 1593 850 1632 vita.
900 1591 1063 1634 Anch.

287 1658 328 1704 t)
354 1657 407 1696 iis
435 1659 507 1706 qui
532 1659 681 1698 habent
707 1658 833 1698 datur
856 1660 903 1699 in
929 1669 1009 1701 ms.
1036 1661 1100 1707 D;
1145 1663 1190 1701 in
1216 1662 1310 1702 alus
1337 1663 1522 1702 minime.
1575 1662 1738 1703 Anch.

180 1873 413 1946 qualem
431 1871 537 1929 tibi
557 1873 763 1941 dicam,
793 1895 826 1933 o
847 1878 1259 1944 infelicissime,
1292 1880 1456 1931 etiam
1478 1878 1692 1931 tertiam
1714 1878 1786 1932 il-'

182 1950 298 2005 lam
337 1948 842 2021 desponsationem,
901 1953 971 2008 de
1007 1969 1117 2024 qua
1156 1952 1333 2023 possit
1368 1953 1534 2006 etiam
1574 1953 1784 2022 priores

180 2024 479 2081 emendare
492 2067 505 2090 ‚
545 2027 715 2092 absit,
746 2028 845 2083 sed
872 2037 935 2083 ut
953 2045 1147 2083 rursus
1167 2027 1439 2098 acciperet
1457 2033 1509 2080 et
1527 2043 1786 2098 praemu-

180 2109 399 2172 neraret
418 2118 536 2157 eam
552 2144 565 2167 ,
601 2120 744 2175 quae
763 2105 936 2159 vitam
956 2104 1080 2158 sine
1100 2102 1214 2157 vita
1235 2097 1558 2166 conficiunt,
1591 2103 1784 2156 merito

180 2185 408 2232 vocatur
442 2178 590 2250 apud
628 2177 903 2234 Hebraeos
932 2179 1179 2246 Mahelet,
1230 2194 1372 2248 quae
1400 2178 1787 2248 interpretatur

180 2251 261 2305 ab
289 2252 520 2317 initio,
557 2254 801 2326 potentia
820 2255 1015 2324 utique
1035 2251 1319 2316 libidinis,
1361 2269 1503 2324 quae
1525 2250 1594 2306 ab
1613 2252 1788 2323 origi-

152 2343 251 2388 ⁶ne
279 2328 476 2381 mundi
505 2330 594 2385 vel
625 2330 839 2400 primae
868 2330 1238 2402 generationis
1264 2336 1581 2392 coaetanea,
1636 2327 1784 2382 omni

180 2401 409 2456 animali
427 2419 527 2474 pro
546 2403 831 2460 subcisiva
857 2404 1348 2462 innumerabilium
1377 2403 1645 2458 malorum
1675 2411 1786 2457 tam

178 2477 509 2549 pessimam,
563 2488 676 2535 tam
710 2480 933 2534 noxiam
972 2480 1290 2553 preparavit
1323 2480 1491 2535 etiam
1524 2481 1786 2551 approxi-

179 2553 465 2608 mantibus
482 2555 808 2625 perniciem.
869 2557 1092 2618 Ismahel
1110 2564 1266 2628 pater
1286 2562 1370 2609 est
1389 2555 1576 2609 auris
1590 2596 1603 2619 ,
1638 2570 1787 2609 con-

178 2629 367 2701 tagio
392 2629 460 2683 vi
474 2630 719 2698 sionis;
761 2646 920 2684 caeca
942 2639 1025 2685 est
1043 2631 1193 2685 enim
1213 2645 1370 2684 mens
1391 2631 1787 2702 concupiscen-

181 2704 277 2759 tiis
298 2703 489 2774 dedita
502 2744 516 2768 ,
560 2721 661 2759 nec
689 2712 869 2776 potest
894 2705 1097 2761 intueri
1120 2712 1231 2761 tam
1252 2703 1420 2779 digna
1443 2705 1512 2760 ad
1533 2704 1787 2762 conside-
