2125 3084
164 225 248 288 [11,
272 218 391 282 474]
545 221 625 266 IN
660 221 997 266 EXODUM.
1036 223 1291 266 SERMO
1329 225 1391 266 11.
1670 219 1768 271 323

167 326 250 380 ale
270 339 405 379 vero
424 320 613 376 lumen
634 320 760 374 aliis
788 318 1108 376 nominibus
1137 319 1506 392 intelligentia
1534 330 1587 375 et
1617 323 1771 394 sapi-

167 400 313 454 entia
334 394 663 468 appellatur.

257 551 419 610 Quare
446 550 681 615 pecudum
716 558 835 599 nata
862 548 1102 614 praecipit
1135 559 1307 612 septem
1345 549 1508 598 diebus
1541 550 1679 599 relin-

513 617 597 681 qui
626 619 711 666 sub
746 617 973 665 matribus
1004 616 1135 664 suis?
1187 617 1294 680 (22,
1315 619 1424 678 29.)

280 723 332 773 8.
369 719 451 773 Ne
477 733 653 772 unum
674 724 727 772 et
754 716 903 771 idem
924 716 999 771 sit
1018 725 1238 788 tempus
1258 718 1627 789 generationis
1648 735 1770 772 cor-

165 793 578 866 ruptionisque,
622 791 721 846 sed
748 799 932 846 teneat
957 790 1211 845 ordinem
1239 793 1521 862 generatio
1545 807 1646 862 per
1665 793 1770 847 ali-

164 867 317 941 quod
334 875 572 937 tempus.
642 865 924 929 Secundo,
955 865 1087 936 quia
1109 865 1521 936 superabundat
1538 866 1769 922 misera—

162 944 241 998 tio
274 941 471 996 amoris
498 941 557 995 in
577 939 889 995 visceribus
910 947 1148 993 matrum
1166 940 1225 992 in
1243 941 1366 1012 ipso
1384 941 1564 1010 primo
1582 949 1764 1010 partu.

162 1016 345 1083 Quare
375 1023 427 1069 et
453 1021 708 1087 gravatae
739 1012 973 1068 effluunt
999 1029 1269 1067 mammae
1299 1013 1438 1068 lacte
1473 1015 1767 1086 irrigantes

164 1089 487 1162 cupiditatis
508 1090 806 1144 immensos
827 1086 1007 1142 cibos:
1052 1094 1296 1158 tempore
1323 1089 1470 1142 enim
1487 1129 1517 1151 ,-
1543 1090 1686 1143 sicut
1713 1099 1766 1144 et

162 1180 329 1220 omne
358 1163 555 1227 aliud‚·
588 1163 921 1217 diminuitur
950 1162 1117 1216 etiam
1147 1178 1322 1229 amor3
1376 1162 1604 1216 nimiam
1634 1179 1766 1218 vero

162 1238 533 1293 intensionem
557 1236 795 1308 praefert
821 1237 886 1290 in
911 1237 1035 1307 ipso
1063 1237 1340 1308 principio
1370 1237 1760 1309 generationi&

162 1311 416 1368 Crudum
441 1311 625 1384 itaque
655 1318 709 1366 et
732 1310 1005 1381 insipiens
1026 1311 1242 1365 censuit
1260 1327 1330 1365 ex
1349 1319 1520 1366 matre
1541 1311 1764 1366 abscin-

160 1387 223 1441 di
246 1384 399 1439 illico
422 1393 635 1450 natum,
676 1393 957 1455 tamquam
986 1383 1168 1439 adhuc
1196 1402 1323 1439 cum
1350 1403 1412 1440 ea
1444 1387 1762 1441 naturaliter

158 1461 403 1515 unitum.

162 1600 236 1666 [²¹⁸]
256 1597 388 1656 Quid
404 1609 473 1648 est
489 1597 643 1662 „Non
659 1598 885 1664 suscipies
902 1597 1186 1650 auditionem
1203 1601 1510 1650 mendacem“
1519 1607 1542 1650 7
1561 1605 1668 1666 (23,
1689 1611 1708 1650 1
1721 1604 1760 1665 .)

276 1704 329 1754 92
372 1701 610 1755 Inaniter
639 1699 779 1754 nihil
794 1699 847 1772 *)
862 1740 874 1764 ‚
917 1717 1019 1754 nec
1040 1701 1268 1756 auribus
1289 1715 1469 1772 neque
1489 1702 1614 1754 aliis
1635 1719 1762 1754 sen-

154 1775 323 1830 sibus
339 1813 353 1836 ,
385 1773 801 1844 suscipiendum
826 1782 935 1828 est:
998 1777 1260 1844 quoniam
1287 1791 1523 1827 errorem
1543 1772 1762 1826 illusio-

152 1851 250 1904 nis
290 1863 591 1918 permagna
628 1856 932 1917 sequuntur
972 1848 1318 1902 detrimenta.
1397 1845 1763 1911 Quamobrem

152 1924 331 1978 etiam
353 1920 604 1975 nonnulli
624 1920 998 1992 legislatorum
1020 1930 1258 1976 statuere
1275 1960 1287 1983 ‚
1327 1935 1435 1972 non
1455 1921 1642 1973 testari
1663 1937 1762 1990 per

152 1994 416 2052 auditum
446 1992 513 2066 (S.
548 2011 618 2050 ex
645 1993 835 2068 fama),
874 1996 1040 2066 quasi
1067 2010 1196 2048 vero
1223 2009 1416 2046 verum
1445 2009 1544 2068 per
1573 1992 1760 2048 oculos

153 2070 326 2126 fidele
348 2070 681 2143 comperitur
694 2111 707 2134 ,
738 2069 1093 2125 mendacium
1113 2074 1296 2122 autem
1314 2071 1413 2137 per
1433 2066 1674 2120 auditus.

282 2223 377 2275 C-'ur
424 2224 565 2276 dicit:
635 2223 923 2290 „Pauperis
965 2241 1058 2273 non
1101 2222 1389 2272 misereberis
1431 2223 1480 2272 in
1522 2221 1644 2271 iudi-

336 2311 349 2322 ·
715 2292 961 2355 cio**)“?
994 2297 1102 2355 (23,
1129 2293 1202 2350 3.)

274 2395 358 2446 ⁴0.
408 2391 705 2464 Paupertas
733 2409 833 2464 per
859 2409 919 2446 se
937 2388 1374 2446 misericordiam
1394 2388 1670 2444 desiderat
1691 2388 1761 2443 ad

146 2467 489 2520 erectionem
516 2468 802 2538 egestatis:
864 2468 925 2520 in
955 2464 1230 2519 iudicium
1259 2481 1389 2519 vero
1418 2465 1646 2519 veniens
1671 2464 1763 2518 iu-

146 2540 281 2594 dice
300 2539 480 2593 utitur
497 2541 749 2611 paritatis
770 2541 921 2612 lege;
985 2541 1248 2611 quoniam
1277 2537 1469 2592 divina
1487 2537 1760 2608 quaedam
1797 2603 1802 2607 ι

254 2679 298 2725 ¹⁸)
328 2677 397 2718 Cf.
426 2687 557 2726 supra.
580 2677 679 2718 Vol.
705 2677 781 2718 VI.
808 2689 851 2728 p.
870 2667 968 2718 '272

254 2741 329 2791 ⁸¹⁵)
367 2743 435 2785 Cf.
462 2753 592 2793 supra
616 2743 713 2784 Vol.
739 2743 813 2784 VI.
844 2755 885 2793 p.
914 2745 1002 2784 2⁷2.
1245 2794 1294 2842 Χ
1318 2795 1348 2842 2
