2125 3084
386 189 483 239 450
874 194 1111 243 muno
1149 192 1482 239 munius
1767 190 1858 255 tn,
1881 192 2008 257 sos]

386 292 518 347 bilis
550 292 653 346 tibi
684 302 800 346 erat
828 292 1139 347 umbraculi
1169 292 1488 347 cucurbitae
1517 294 1684 348 istius
1707 294 1892 351 usus?
1929 298 2006 352 At

386 368 651 422 naturalis
680 376 795 421 erat
824 366 1080 422 foliorum
1109 368 1353 421 densitas
1388 377 1442 422 et
1469 368 1704 423 umbrae
1729 386 1838 440 per
1861 372 2004 427 bra·-

384 442 509 499 chia
540 442 757 515 plantae
788 442 1093 513 dispositus
1123 444 1264 496 situs
1293 444 1354 496 in
1377 442 1570 497 ordine
1595 452 1711 497 erat
1731 452 1788 498 et
1805 460 1914 517 per
1931 464 2000 501 se

386 520 489 575 hoc
510 516 695 571 fiebat.
742 518 861 572 Non
881 518 1031 571 enim
1052 518 1237 571 dicere
1255 524 1414 589 potes
1429 558 1441 581 ,
1459 532 1496 571 o
1513 518 1780 589 propheta
1794 560 1808 582 ‚
1833 522 1998 591 quod

387 612 457 651 ex
494 594 604 649 tuis
644 592 925 647 laboribus
963 608 1189 664 germen
1237 593 1556 647 cucurbitae
1595 593 1988 664 pullulaverit,

383 670 520 741 quin
550 668 832 722 nocturnis
860 668 1078 739 vigiliis
1105 668 1163 720 in
1183 666 1608 721 elaborationem
1627 664 1796 721 huius
1813 666 1989 738 plan-—

383 754 469 799 tae
488 758 761 815 parceres,
839 742 1215 796 Nihilominus
1245 742 1344 796 vix
1370 741 1566 797 suffers
1583 742 1770 797 videre
1783 744 1990 797 viren-

382 820 454 874 tis
476 818 829 891 vigentisque
851 818 1169 871 cucurbitae
1191 816 1526 871 nuditatem:
1561 818 1696 889 quia
1721 832 1828 871 nox
1855 818 1986 887 pri-

384 910 468 949 ma
532 892 734 948 {antam
754 892 1016 965 produxit
1034 892 1217 955 istam,
1247 900 1303 945 et
1321 906 1434 947 nox
1448 892 1697 949 secunda
1711 893 1978 963 corrupit.

386 966 459 1045 [⁴¹⁵]
528 969 649 1040 tqui
670 976 731 1022 tu
746 968 905 1023 doles
925 982 1093 1039 super
1111 966 1375 1038 plantam,
1401 982 1572 1038 quam
1591 982 1702 1022 non
1721 965 1980 1039 plantasti

382 1061 483 1098 nec
510 1043 753 1117 irrigasti
785 1058 963 1115 neque
993 1058 1184 1114 sepem
1214 1040 1357 1096 circa
1387 1058 1510 1095 eam
1539 1043 1834 1097 artificiose
1859 1058 1982 1097 ere-

382 1119 542 1173 xisti:
577 1116 957 1191 (solummodo)
989 1116 1116 1172 lixis
1143 1116 1372 1171 calamis
1401 1118 1462 1171 in
1489 1117 1720 1172 umbrae
1747 1116 1981 1190 figuram
2025 1160 2037 1167 ,

381 1194 765 1257 construxisti,
822 1202 888 1247 ut
920 1193 1182 1247 surculus
1218 1191 1438 1262 plantae
1477 1206 1646 1263 super
1683 1202 1738 1247 te
1776 1192 1981 1247 cadens

380 1268 788 1331 obumbrasset,
823 1268 1015 1323 saltem
1026 1268 1082 1340 *)
1109 1266 1212 1321 hac
1231 1268 1290 1321 iu
1309 1275 1462 1339 parte
1479 1266 1670 1321 studio
1697 1268 1904 1323 laboris
1919 1267 1980 1321 in

380 1343 623 1413 plantam
642 1353 988 1414 consumpto.
1062 1346 1146 1398 Tu
1165 1359 1296 1415 ergo
1313 1351 1566 1414 prompta
1581 1342 1808 1413 plantae
1825 1342 1981 1399 dele-

380 1418 615 1470 emtione
640 1429 855 1489 reperta
886 1434 993 1473 non
1022 1419 1146 1472 sine
1175 1417 1418 1473 laesione
1445 1426 1761 1488 compertus
1789 1436 1880 1483 es.
1915 1435 1980 1473 eo

378 1490 529 1563 quod
548 1490 828 1546 delectans
849 1502 905 1547 oe
924 1492 1183 1548 abfuerit.
1259 1494 1382 1549 Non
1407 1509 1542 1565 ergo
1572 1508 1814 1563 aequum
1842 1503 1973 1557 erat,

378 1583 410 1620 o
432 1564 722 1638 propheta,
747 1568 1103 1623 miseratione
1125 1570 1185 1622 in
1203 1568 1482 1623 civitatem
1501 1584 1612 1623 non
1630 1585 1824 1625 carere
1838 1612 1852 1633 ‚
1879 1568 1978 1625 ubi

380 1642 561 1715 agitur
580 1658 687 1697 non
708 1642 777 1697 de
798 1644 1001 1715 plantis
1016 1686 1029 1709 ‚
1063 1643 1162 1698 sed
1189 1643 1262 1699 de
1289 1642 1608 1699 hominihus
1627 1642 1776 1699 bono
1795 1645 1978 1703 oonsi-

380 1718 455 1773 lio
472 1716 777 1791 praeditis?

492 1840 579 1895 50.
639 1834 781 1905 Quia
814 1856 944 1893 vero
982 1836 1259 1893 humanus
1300 1838 1468 1893 nimis
1507 1834 1686 1891 videri
1728 1838 1968 1902 volebas,

378 1913 787 1978 convenii-etue,
811 1923 872 1969 ut
890 1923 953 1969 tu
972 1913 1398 1969 inanimatorum
1417 1912 1760 1985 benignitate
1781 1913 1973 1968 huma-

378 1988 659 2059 nitateque
676 1997 948 2053 servator,
992 2004 1094 2061 ego
1123 2005 1255 2045 vero
1285 2005 1416 2061 erga
1441 1986 1696 2043 homines
1717 1987 1972 2042 inhuma-

376 2080 483 2117 nus
518 2062 834 2135 publicatus
876 2058 1144 2119 fuissem?
1179 2062 1301 2119 Non
1340 2061 1654 2127 consideras
1685 2079 1966 2135 umquam,

377 2146 510 2209 quot
538 2136 671 2193 hinc
695 2154 895 2211 pueros
918 2137 1168 2193 concessi
1195 2136 1483 2211 patribus?
1515 2145 1649 2209 quot
1677 2138 1825 2192 natis
1847 2136 1970 2193 dedi

376 2220 559 2283 patres
578 2229 772 2269 vocare
788 2210 1104 2285 genitores?
1141 2222 1273 2285 quot
1293 2212 1588 2269 mulierum
1605 2221 1802 2283 partus
1821 2222 1972 2269 nato-

377 2302 501 2341 rum
528 2288 705 2360 gratia
736 2284 1039 2343 incolumes
1071 2286 1322 2343 salvavi?
1368 2289 1584 2361 quoties
1613 2305 1640 2341 a
1661 2286 1972 2359 perditione
2062 2294 2063 2310 ¹

376 2361 595 2415 servavi
632 2378 785 2425 eum,
846 2377 1017 2432 quem
1053 2379 1124 2417 ex
1162 2363 1388 2419 calamis
1437 2360 1818 2419 circumdabat
1855 2362 1975 2417 val-

376 2432 493 2489 lum
507 2433 630 2506 **)‘?
667 2436 793 2493 Tibi
820 2443 1043 2491 externa
1074 2436 1241 2493 facies
1263 2436 1580 2503 cucurbitae
1603 2436 1671 2491 ad
1693 2438 1977 2509 peculiare

480 2572 525 2615 ⁸>
582 2570 700 2613 Haec
738 2574 963 2624 periodus,
1004 2577 1213 2617 assertive
1241 2580 1416 2625 accepta
1442 2578 1563 2617 iuxta
1587 2576 1784 2624 codices,
1833 2582 1982 2631 potest

376 2618 665 2665 accipietium
695 2628 908 2673 negative.
958 2624 1122 2665 Auch.

374 2683 729 2775 Μοῗῆᾼξὲοέ.
765 2694 872 2731 haec
904 2692 1105 2741 intelligit
1139 2693 1192 2732 de
1226 2694 1386 2734 infante
1419 2698 1465 2735 in
1499 2696 1632 2737 vulve
1655 2701 1853 2739 materna
1888 2711 1981 2741 ser·
