2125 3084
176 179 367 250 [1,12.]
455 186 553 233 nn
595 186 1140 237 rnovmnnna
1175 190 1434 238 sunno
1473 196 1516 239 1.
1716 190 1776 243 24

180 296 335 345 ctum
364 286 565 343 fuisse:
626 290 701 345 ita
730 298 791 344 ut
818 288 985 345 fuerit
1015 288 1156 345 deus
1193 306 1415 362 semper
1449 294 1781 367 intelligibi-

178 365 321 419 lium
352 362 549 427 factor,
592 365 805 437 quique
822 364 1186 420 sensibilibus
1207 366 1545 439 principium
1565 369 1781 428 dederit

177 448 240 495 ut
280 447 485 495 essent.
564 438 803 497 Mundus
840 448 923 495 est
952 449 1136 495 autem
1165 439 1472 497 secundum
1499 442 1779 501 Platonem

177 514 465 571 harmonia
505 514 775 585 quaedam
808 515 947 569 caeli
975 524 1029 569 et
1055 523 1231 571 terrae
1257 524 1312 571 et
1341 532 1528 573 earum
1557 526 1781 575 natura-

176 607 332 654 rum,
363 591 585 662 quaein
604 607 667 645 ea
680 598 842 654 stult,
874 598 1128 647 constans
1148 592 1253 645 exi
1297 609 1394 657 ne,
1431 601 1602 659 terra,
1637 611 1776 665 aqua

179 674 233 720 et
262 666 413 729 ae're,
454 681 555 720 nec
586 682 693 719 non
723 682 793 719 ex
821 664 958 729 diis,
1002 664 1256 720 daemoni
1298 684 1392 731 ua,
1434 667 1774 735 hominibus,

176 739 543 803 animalibuS,
583 738 788 812 plantis
817 747 981 812 atque
1010 742 1258 797 materia.
1515 752 1520 759 ·

290 876 377 931 22.
417 874 561 929 Haec
580 872 732 931 Plato
754 890 782 927 a
804 872 907 928 deo
929 872 1070 929 facta
1101 873 1274 931 fuisse
1303 876 1483 941 novit,
1523 885 1577 931 et
1604 886 1778 933 mate-

177 952 319 1005 riam
341 966 439 1021 per
457 967 517 1004 se
535 954 730 1005 ornatu
758 958 1060 1014 carentem,
1103 950 1162 1004 in
1193 948 1400 1007 mundo
1429 968 1554 1005 cum
1583 962 1776 1008 ornatu

174 1027 301 1097 ipso
320 1023 618 1096 prodiiss03
682 1024 786 1080 hae
806 1025 955 1080 enim
976 1033 1129 1080 erant
1148 1026 1358 1096 primae
1379 1042 1574 1082 causae
1590 1068 1602 1091 ,
1625 1027 1776 1083 unde

174 1109 230 1155 et
277 1098 517 1155 mundus
562 1099 686 1155 fuit.
782 1098 1052 1167 Quoniam
1092 1108 1147 1155 et
1182 1100 1508 1156 Iudaeorum
1548 1101 1777 1176 legisla-

176 1186 263 1230 tor
288 1176 468 1230 Moses
494 1190 691 1246 aquam
704 1214 719 1239 .
759 1174 1015 1232 tenebras
1042 1183 1098 1230 et
1117 1174 1283 1231 chaos
1303 1176 1450 1233 dixit
1469 1187 1592 1233 ante
1611 1195 1776 1234 mun-

174 1251 313 1305 dum
338 1248 541 1314 fuisse,
583 1250 732 1307 Plato
758 1259 940 1307 autem
971 1250 1258 1307 materiam
1297 1251 1538 1324 (causam
1577 1254 1776 1311 mundi

174 1326 253 1381 ait
272 1324 599 1397 exstitisse),
624 1325 823 1383 Thales
840 1325 1093 1383 Milesius
1113 1343 1313 1399 aquam
1325 1366 1340 1393 ,
1363 1326 1774 1387 Anaximander

172 1400 347 1474 (item)
368 1399 619 1459 Milesius
640 1400 938 1465 infinitum,
952 1401 1322 1459 Anaximenes
1341 1405 1540 1468 aerem,
1555 1406 1776 1461 Anaxa·

172 1493 337 1551 goras
373 1475 757 1533 Clazomenius
796 1475 1254 1535 homoeomeriam
1283 1476 1488 1551 (partes
1515 1480 1770 1554 similes),

172 1552 511 1626 Pythagoras
532 1550 627 1623 (et)
644 1553 798 1607 Mnes
818 1552 967 1623 regis
987 1551 1137 1607 filius
1162 1571 1420 1610 numeros
1436 1596 1449 1619 ,
1493 1572 1776 1611 commen-

168 1629 479 1683 surationes
508 1637 565 1683 et
592 1626 933 1683 harmoniam
948 1668 961 1689 ,
984 1627 1322 1686 -Heraclides
1350 1637 1404 1685 et
1431 1631 1708 1701 Hippasus
1719 1630 1772 1703 *)

167 1702 539 1774 Metapontino
554 1702 760 1774 ignem,
772 1700 1134 1773 Empedocles
1145 1705 1540 1777 Agrigentinus
1561 1706 1768 1777 ignem,

170 1794 402 1849 aquam,
436 1778 645 1841 aerem,
674 1784 901 1843 terram,
932 1785 986 1833 et
1003 1777 1114 1841 duo
1133 1780 1435 1851 principia,
1460 1796 1699 1836 amorem
1719 1788 1772 1835 et

166 1852 393 1915 odium,
442 1850 761 1907 Aristoteles
792 1853 1115 1909 Nicomachi
1153 1852 1302 1908 filius
1341 1852 1598 1918 formam,
1653 1870 1772 1908 ma—

166 1928 397 1990 teriam,
439 1926 832 1999 privationem,
875 1928 1143 1983 elementa
1172 1936 1406 1999 quatuor
1427 1924 1500 2001 [*]
1526 1936 1580 1982 et
1604 1929 1772 2001 quin—

167 2014 291 2061 tum
330 2001 634 2066 aetherem,
690 2002 1054 2075 Empedocles
1093 2001 1365 2056 mundum
1406 2018 1609 2066 unum,
1667 2020 1769 2057 nec

163 2089 355 2136 tamen
376 2078 697 2133 universum
718 2078 881 2135 illum
896 2120 909 2144 ,
932 2078 1030 2134 sed
1052 2077 1320 2132 minorem
1341 2077 1502 2133 istius
1521 2078 1768 2133 universi

162 2162 411 2229 partem,
454 2152 731 2225 reliquum
761 2170 892 2209 vero
924 2169 1160 2213 vacuum
1189 2160 1310 2207 esse
1333 2152 1559 2207 materia
1581 2151 1647 2223 (s.
1670 2170 1770 2208 va·-

165 2246 334 2285 cuam
382 2245 503 2285 esse
550 2228 894 2302 materiam),
962 2231 1104 2283 Zeno
1148 2228 1337 2284 Menae
1377 2226 1527 2282 filius
1567 2228 1763 2284 ae'rem.

166 2305 338 2359 deum
352 2345 365 2369 ,
390 2304 674 2360 materiam
694 2313 748 2359 et
765 2302 1037 2361 elementa
1055 2312 1308 2375 quatuor.
1367 2302 1652 2359 Caeterum
1673 2318 1768 2357 su-

164 2380 359 2455 perius
386 2378 633 2435 dicebat:
701 2420 737 2444 „
753 2378 927 2435 Cuius
957 2396 1085 2451 pars
1113 2378 1218 2433 sub
1241 2379 1584 2450 corruptione
1605 2378 1764 2441 iacet,

166 2471 396 2511 necesse
436 2453 495 2509 id
532 2460 616 2509 est
645 2462 820 2509 totum
849 2470 1070 2527 quoque
1099 2454 1400 2509 obnoxium
1431 2470 1552 2508 esse
1581 2468 1768 2508 corru-

165 2528 366 2603 ptioni.
443 2530 558 2584 Nec
583 2528 734 2583 enim
766 2529 887 2591 sine
916 2537 1025 2585 toto
1042 2537 1227 2602 partes
1247 2538 1493 2591 constare
1511 2537 1763 2603 possunt,

167 2620 351 2679 neque
371 2611 545 2659 totum
564 2605 686 2659 sine
703 2603 984 2676 partibus;
1047 2621 1174 2659 nam
1204 2602 1445 2659 mundus
1471 2605 1766 2659 universus

272 2746 319 2794 ⁸)
346 2744 457 2784 Vide
482 2744 612 2794 Dice.
637 2746 782 2786 Laert-
808 2745 904 2788 Lib.
932 2746 1049 2787 vm.
1101 2747 1262 2788 Aueh.
