2125 3084
330 181 397 232 το
780 181 1148 228 rmnoms
1185 181 1458 228 monn
1738 176 1812 243 [1‚
1841 177 1964 243 ει]

332 287 449 340 lum
480 292 659 338 autem
690 292 783 336 aut
808 283 934 338 tabe
960 281 1192 354 (duplex
1219 282 1371 336 enim
1397 281 1467 337 de
1505 299 1570 336 eo
1605 297 1796 336 sermo
1839 284 1962 356 est)

334 360 581 416 fervente
596 366 985 429 consumptum
1004 357 1197 420 fnisse,
1222 357 1394 412 autin
1413 356 1552 412 Arae
1571 358 1787 428 templo
1809 376 1960 430 per-

333 436 469 490 iisse
496 442 897 488 concrematum
923 431 1170 488 tradunt.
1241 433 1386 486 Haec
1401 449 1535 487 sane
1553 434 1958 488 contentiosus

336 510 487 565 solus
508 509 595 564 vir
612 515 791 580 potest
806 507 995 563 dicere
1018 523 1152 562 casu
1171 507 1470 579 contigisse
1489 507 1594 562 eis.
1659 506 1956 572 Quoniam

338 587 387 640 si
416 583 645 655 quidam
674 584 845 638 variis
870 581 1214 654 temporibus
1243 591 1340 636 aut
1365 581 1494 636 aliis
1519 581 1832 653 suppliciis
1853 600 1958 638 oa·—

338 659 524 734 stigati
554 657 813 722 fuissent,
854 657 1190 712 conveniens
1213 665 1330 711 erat
1347 657 1777 712 inconstantiam
1799 675 1956 729 quo—

338 751 447 806 que
467 751 627 788 casus
644 741 989 806 praetexere:
1040 749 1192 786 nunc
1208 739 1394 788 autem
1413 733 1630 788 cunctis
1647 733 1830 788 simul
1853 750 1954 788 eo-

338 811 467 864 dem
484 819 725 880 tempore
738 850 753 871 ‚
784 824 965 880 neque
984 807 1122 863 alias
1135 847 1150 870 ,
1183 821 1351 878 quam
1367 807 1592 878 quaein
1614 805 1742 880 lege
1761 815 1954 864 statu·

339 895 425 940 tae
444 893 626 946 erant,
656 897 859 955 poenas
880 883 1190 946 luentibus,
1221 883 1482 937 convenit
1495 883 1726 936 omnino
1753 881 1942 946 fateri,

338 959 489 1031 quod
508 958 603 1014 dei
622 959 833 1014 iudicio
850 957 1110 1030 prehensi
1129 965 1278 1012 sunt.
1445 1005 1456 1018 ‚

448 1038 535 1090 29.
584 1034 743 1100 Quod
770 1035 821 1088 si
850 1032 1103 1088 nonnulli
1133 1049 1206 1088 ex
1229 1032 1476 1104 tyrannis
1505 1031 1748 1103 reliquls
1781 1033 1942 1105 iique

326 1127 509 1181 ‚supra
527 1109 941 1164 multitudinem
960 1109 1314 1179 insurgentes·
1327 1107 1500 1178 inque
1511 1108 1846 1162 servitutem
1855 1125 1942 1162 re—

336 1185 595 1256 digentes
612 1201 720 1238 non
740 1185 921 1238 solum
944 1181 1017 1258 [*]
1042 1182 1276 1254 populos
1295 1181 1526 1246 alienon,
1549 1199 1752 1238 verum
1771 1185 1938 1238 etiam

340 1260 591 1330 regiones
626 1260 879 1329 proprias
914 1259 1037 1313 sine
1073 1257 1370 1329 suppliciis
1405 1257 1574 1314 finem
1616 1257 1937 1320 habuerint,

340 1333 483 1388 nihil
520 1341 603 1386 est
640 1334 865 1388 mirum.
950 1335 1196 1388 Primum
1243 1333 1394 1388 enim
1431 1349 1541 1394 non
1573 1333 1846 1388 similiter
1885 1350 1942 1388 ac

340 1409 500 1462 homo
528 1407 737 1462 iudicat
756 1409 922 1474 deus3
974 1409 1110 1479 quia
1127 1407 1416 1463 manifesta
1435 1425 1536 1462 nos
1555 1407 1936 1479 exploramus,

340 1483 439 1536 ille
448 1498 578 1536 vero
588 1499 767 1553 usque
785 1483 856 1538 ad
874 1482 1139 1556 abyssum
1159 1483 1496 1556 adytumque
1513 1483 1800 1538 internum
1823 1485 1941 1538 ani-

340 1573 461 1612 mae
488 1567 783 1628 penetrans
808 1559 931 1612 sine
958 1558 1076 1612 ullo
1103 1559 1364 1632 strepitu,
1403 1556 1639 1630 perinde
1673 1567 1848 1630 atque
1885 1559 1938 1612 in

340 1631 456 1690 sole
494 1631 800 1688 clarissime
833 1643 1075 1688 mentem
1101 1633 1422 1706 perlustrat,
1461 1629 1760 1688 subductis
1789 1633 1940 1688 vela-

342 1708 588 1764 minibus
604 1750 617 1772 ,
659 1709 866 1780 quibus
892 1707 1178 1782 tegebatur
1205 1717 1272 1763 et.
1285 1707 1436 1765 nuda
1455 1725 1686 1762 cernens
1707 1709 1936 1764 consilia

342 1783 641 1842 voluntatis
670 1794 723 1839 et
751 1801 981 1840 noscens
1008 1783 1162 1839 illico
1193 1782 1332 1857 quid
1361 1783 1607 1856 ignobile
1636 1800 1703 1838 ac
1734 1784 1853 1839 vile
1889 1793 1938 1838 et

341 1860 479 1932 quid
500 1860 791 1934 probatum
806 1860 1171 1931 electumque.
1755 1907 1760 1914 .

452 1940 538 1990 30.
588 1935 752 1991 Nullo
781 1933 943 1990 modo
970 1935 1157 2005 itaque
1191 1941 1438 1988 nostrum
1469 1931 1748 1990 iudicium
1788 1931 1934 1988 divi-

345 2027 415 2066 no
446 2019 867 2084 anteponamuS,
911 2011 985 2065 ita
1014 2017 1075 2064 ut
1103 2016 1312 2064 certum
1339 2005 1482 2063 illud
1511 2025 1575 2062 ac
1614 2007 1927 2072 infallibile‚

343 2086 549 2156 optime
586 2087 885 2158 ‚cogitatum
924 2101 987 2139 ac
1024 2092 1278 2138 constans
1316 2100 1436 2138 esse
1465 2082 1738 2138 dicamus,
1817 2085 1928 2139 Non

344 2167 427 2214 est
446 2161 595 2214 enim
613 2159 675 2214 id
696 2160 937 2224 licitum,
970 2176 1073 2214 nec
1092 2175 1329 2214 sacrum.
1386 2159 1448 2213 In
1468 2159 1571 2214 hoc
1591 2156 1744 2213 enim
1763 2159 1928 2212 multa

342 2243 491 2297 sunt,
514 2236 735 2305 quaein
756 2251 994 2290 errorem
1012 2233 1236 2290 trahunt
1246 2241 1298 2288 et
1308 2232 1590 2298 delictum,
1615 2250 1814 2288 sensus
1829 2233 1926 2290 fal-

345 2309 516 2372 laces,
550 2311 860 2379 passioneS‚
894 2308 1130 2365 insidiae
1149 2307 1392 2364 malitiae
1413 2317 1492 2374 et,
1525 2307 1674 2380 quod
1703 2310 1926 2381 gravius

344 2391 453 2446 est,
495 2383 777 2454 superbia.
853 2384 915 2438 In
934 2383 1033 2441 illo
1052 2401 1182 2439 vero
1199 2382 1341 2440 nihil
1363 2401 1434 2438 ex
1456 2383 1554 2450 iis,
1595 2399 1742 2456 quae
1769 2381 1928 2438 dece-

340 2457 546 2524 ptionis
567 2466 695 2511 sunt
716 2457 964 2513 fallaciae
978 2498 991 2520 ‚
1034 2457 1134 2512 sed
1163 2458 1376 2513 iustitia
1392 2466 1446 2516 et
1468 2458 1668 2526 veritas
1683 2498 1695 2522 ‚
1720 2459 1928 2530 quibus

341 2527 677 2599 quicumque
704 2533 763 2586 in
792 2532 1087 2586 certamine
1117 2550 1252 2588 usus
1279 2531 1470 2597 fuerit,
1514 2531 1679 2588 laude
1703 2533 1933 2588 rectitu-

344 2597 499 2652 dinis,
512 2605 691 2656 ornari
713 2605 998 2661 consuevit
1007 2605 1059 2676 ³¹⁶)
1071 2647 1082 2659 .

341 2700 485 2786 soles)
506 2709 767 2791 {affl-um
782 2712 920 2757 suen-it
944 2711 1230 2758 laudabiliter,
1267 2715 1520 2754 rectitudinis
1531 2715 1770 2764 mmm
1784 2719 1939 2759 aon-m
