<?xml version="1.0" encoding="UTF-8"?>
<!DOCTYPE html PUBLIC "-//W3C//DTD XHTML 1.0 Transitional//EN"
    "http://www.w3.org/TR/xhtml1/DTD/xhtml1-transitional.dtd">
<html xmlns="http://www.w3.org/1999/xhtml" xml:lang="en" lang="en">
 <head>
  <title>
</title>
<meta http-equiv="Content-Type" content="text/html;charset=utf-8" />
  <meta name='ocr-system' content='tesseract 3.04.00' />
  <meta name='ocr-capabilities' content='ocr_page ocr_carea ocr_par ocr_line ocrx_word'/>
</head>
<body>
  <div class='ocr_page' id='page_1' title='image "./philonisiudaeio00alejgoog_0287.png"; bbox 0 0 2125 3084; ppageno 0'>
   <div class='ocr_carea' id='block_1_1' title="bbox 356 195 1979 262">
    <p class='ocr_par' dir='ltr' id='par_1_1' title="bbox 356 195 1979 262">
     <span class='ocr_line' id='line_1_1' title="bbox 356 195 1979 262; baseline -0.004 -8"><span class='ocrx_word' id='word_1_1' title='bbox 356 199 458 254; x_wconf 77' lang='lat'><strong>272</strong></span> <span class='ocrx_word' id='word_1_2' title='bbox 631 201 825 246; x_wconf 78' lang='lat' dir='ltr'>PHIL.</span> <span class='ocrx_word' id='word_1_3' title='bbox 859 199 1012 246; x_wconf 81' lang='lat'>1111).</span> <span class='ocrx_word' id='word_1_4' title='bbox 1051 195 1374 254; x_wconf 66' lang='lat' dir='ltr'><strong>QUAE-ST.</strong></span> <span class='ocrx_word' id='word_1_5' title='bbox 1408 197 1511 243; x_wconf 79' lang='grc' dir='ltr'><strong>ΕΤ</strong></span> <span class='ocrx_word' id='word_1_6' title='bbox 1546 199 1711 246; x_wconf 71' lang='lat' dir='ltr'><strong>SOL.</strong></span> <span class='ocrx_word' id='word_1_7' title='bbox 1752 195 1979 262; x_wconf 71' lang='lat'>[11,427.]</span> 
     </span>
    </p>
   </div>
   <div class='ocr_carea' id='block_1_2' title="bbox 357 297 1979 1340">
    <p class='ocr_par' dir='ltr' id='par_1_2' title="bbox 357 297 1979 1340">
     <span class='ocr_line' id='line_1_2' title="bbox 357 297 1979 377; baseline -0.002 -18"><span class='ocrx_word' id='word_1_8' title='bbox 357 302 554 377; x_wconf 78' lang='lat' dir='ltr'><strong>(visus)</strong></span> <span class='ocrx_word' id='word_1_9' title='bbox 575 318 704 356; x_wconf 78' lang='lat' dir='ltr'><strong>rcus</strong></span> <span class='ocrx_word' id='word_1_10' title='bbox 723 307 826 356; x_wconf 83' lang='lat' dir='ltr'><strong>est.</strong></span> <span class='ocrx_word' id='word_1_11' title='bbox 903 297 1062 364; x_wconf 84' lang='lat' dir='ltr'><strong>Quod</strong></span> <span class='ocrx_word' id='word_1_12' title='bbox 1084 304 1269 352; x_wconf 83' lang='lat' dir='ltr'><strong>autem</strong></span> <span class='ocrx_word' id='word_1_13' title='bbox 1288 297 1366 350; x_wconf 83' lang='lat' dir='ltr'><strong>ita</strong></span> <span class='ocrx_word' id='word_1_14' title='bbox 1386 314 1447 352; x_wconf 82' lang='lat' dir='ltr'><strong>sc</strong></span> <span class='ocrx_word' id='word_1_15' title='bbox 1466 314 1559 352; x_wconf 76' lang='lat' dir='ltr'><strong>res</strong></span> <span class='ocrx_word' id='word_1_16' title='bbox 1579 297 1817 364; x_wconf 82' lang='lat' dir='ltr'><strong>habeat,</strong></span> <span class='ocrx_word' id='word_1_17' title='bbox 1849 317 1979 356; x_wconf 80' lang='lat' dir='ltr'><strong>ecce</strong></span> 
     </span>
     <span class='ocr_line' id='line_1_3' title="bbox 357 371 1977 443; baseline -0.002 -9"><span class='ocrx_word' id='word_1_18' title='bbox 357 396 486 434; x_wconf 90' lang='lat' dir='ltr'><strong>cum</strong></span> <span class='ocrx_word' id='word_1_19' title='bbox 516 376 752 432; x_wconf 83' lang='lat' dir='ltr'><strong>latrones</strong></span> <span class='ocrx_word' id='word_1_20' title='bbox 783 372 1073 428; x_wconf 82' lang='lat' dir='ltr'>excubitor</span> <span class='ocrx_word' id='word_1_21' title='bbox 1099 379 1153 425; x_wconf 86' lang='lat' dir='ltr'><strong>et</strong></span> <span class='ocrx_word' id='word_1_22' title='bbox 1180 371 1439 424; x_wconf 80' lang='lat' dir='ltr'><strong>inimicos</strong></span> <span class='ocrx_word' id='word_1_23' title='bbox 1456 380 1781 443; x_wconf 72' lang='lat' dir='ltr'><strong>pugnantes</strong></span> <span class='ocrx_word' id='word_1_24' title='bbox 1800 374 1977 430; x_wconf 76' lang='lat' dir='ltr'><strong>duces</strong></span> 
     </span>
     <span class='ocr_line' id='line_1_4' title="bbox 359 444 1975 517; baseline -0.002 -9"><span class='ocrx_word' id='word_1_25' title='bbox 359 452 591 508; x_wconf 86' lang='lat' dir='ltr'><strong>militiae</strong></span> <span class='ocrx_word' id='word_1_26' title='bbox 609 451 730 506; x_wconf 85' lang='lat' dir='ltr'><strong>sine</strong></span> <span class='ocrx_word' id='word_1_27' title='bbox 752 447 948 504; x_wconf 79' lang='lat' dir='ltr'><strong>fraude</strong></span> <span class='ocrx_word' id='word_1_28' title='bbox 963 453 1243 517; x_wconf 75' lang='lat' dir='ltr'><strong>nequeant</strong></span> <span class='ocrx_word' id='word_1_29' title='bbox 1258 444 1605 516; x_wconf 82' lang='lat' dir='ltr'><strong>prehendere</strong></span> <span class='ocrx_word' id='word_1_30' title='bbox 1634 454 1693 502; x_wconf 85' lang='lat' dir='ltr'><strong>et</strong></span> <span class='ocrx_word' id='word_1_31' title='bbox 1721 447 1975 514; x_wconf 80' lang='lat' dir='ltr'><strong>vincere,</strong></span> 
     </span>
     <span class='ocr_line' id='line_1_5' title="bbox 359 519 1975 597; baseline -0.004 -15"><span class='ocrx_word' id='word_1_32' title='bbox 359 526 594 582; x_wconf 75' lang='lat' dir='ltr'><strong>insidias</strong></span> <span class='ocrx_word' id='word_1_33' title='bbox 632 531 887 597; x_wconf 75' lang='lat' dir='ltr'><strong>parantes</strong></span> <span class='ocrx_word' id='word_1_34' title='bbox 923 537 1043 576; x_wconf 85' lang='lat' dir='ltr'><strong>rem</strong></span> <span class='ocrx_word' id='word_1_35' title='bbox 1087 519 1383 591; x_wconf 83' lang='lat' dir='ltr'><strong>perficiunt</strong></span> <span class='ocrx_word' id='word_1_36' title='bbox 1424 519 1639 590; x_wconf 88' lang='lat' dir='ltr'><strong>oppido</strong></span> <span class='ocrx_word' id='word_1_37' title='bbox 1683 537 1975 594; x_wconf 79' lang='lat' dir='ltr'><strong>magnam,</strong></span> 
     </span>
     <span class='ocr_line' id='line_1_6' title="bbox 361 593 1979 671; baseline -0.004 -13"><span class='ocrx_word' id='word_1_38' title='bbox 361 619 480 658; x_wconf 86' lang='lat' dir='ltr'><strong>eam</strong></span> <span class='ocrx_word' id='word_1_39' title='bbox 501 601 730 671; x_wconf 91' lang='lat' dir='ltr'><strong>inquam</strong></span> <span class='ocrx_word' id='word_1_40' title='bbox 746 639 758 662; x_wconf 92' lang='lat'><strong>‚</strong></span> <span class='ocrx_word' id='word_1_41' title='bbox 784 613 928 668; x_wconf 87' lang='lat' dir='ltr'><strong>quae</strong></span> <span class='ocrx_word' id='word_1_42' title='bbox 946 595 1217 651; x_wconf 82' lang='lat' dir='ltr'><strong>insidiosa</strong></span> <span class='ocrx_word' id='word_1_43' title='bbox 1238 595 1380 650; x_wconf 86' lang='lat' dir='ltr'><strong>actio</strong></span> <span class='ocrx_word' id='word_1_44' title='bbox 1398 593 1730 666; x_wconf 80' lang='lat' dir='ltr'><strong>appellatur.</strong></span> <span class='ocrx_word' id='word_1_45' title='bbox 1796 596 1979 652; x_wconf 89' lang='lat' dir='ltr'><strong>Simi-</strong></span> 
     </span>
     <span class='ocr_line' id='line_1_7' title="bbox 363 669 1976 741; baseline -0.004 -10"><span class='ocrx_word' id='word_1_46' title='bbox 363 677 470 732; x_wconf 85' lang='lat' dir='ltr'><strong>lem</strong></span> <span class='ocrx_word' id='word_1_47' title='bbox 509 673 678 730; x_wconf 84' lang='lat' dir='ltr'><strong>habet</strong></span> <span class='ocrx_word' id='word_1_48' title='bbox 715 673 984 728; x_wconf 87' lang='lat' dir='ltr'><strong>rationem</strong></span> <span class='ocrx_word' id='word_1_49' title='bbox 1019 678 1077 726; x_wconf 84' lang='lat' dir='ltr'><strong>et</strong></span> <span class='ocrx_word' id='word_1_50' title='bbox 1114 669 1443 724; x_wconf 85' lang='lat' dir='ltr'><strong>luctatorum</strong></span> <span class='ocrx_word' id='word_1_51' title='bbox 1480 683 1815 741; x_wconf 73' lang='lat' dir='ltr'><strong>congressus</strong></span> <span class='ocrx_word' id='word_1_52' title='bbox 1828 711 1843 734; x_wconf 87' lang='lat'>,</span> <span class='ocrx_word' id='word_1_53' title='bbox 1892 672 1976 725; x_wconf 74' lang='lat' dir='ltr'><strong>si-</strong></span> 
     </span>
     <span class='ocr_line' id='line_1_8' title="bbox 359 743 1973 822; baseline -0.003 -17"><span class='ocrx_word' id='word_1_54' title='bbox 359 749 594 822; x_wconf 87' lang='lat' dir='ltr'><strong>quidem</strong></span> <span class='ocrx_word' id='word_1_55' title='bbox 631 756 686 804; x_wconf 86' lang='lat' dir='ltr'><strong>et</strong></span> <span class='ocrx_word' id='word_1_56' title='bbox 712 747 838 802; x_wconf 78' lang='lat' dir='ltr'><strong>istis</strong></span> <span class='ocrx_word' id='word_1_57' title='bbox 865 745 1058 802; x_wconf 85' lang='lat' dir='ltr'><strong>illusio</strong></span> <span class='ocrx_word' id='word_1_58' title='bbox 1085 744 1177 801; x_wconf 78' lang='lat' dir='ltr'><strong>vel</strong></span> <span class='ocrx_word' id='word_1_59' title='bbox 1208 744 1610 816; x_wconf 79' lang='lat' dir='ltr'><strong>fraus,putatus</strong></span> <span class='ocrx_word' id='word_1_60' title='bbox 1638 743 1973 810; x_wconf 79' lang='lat' dir='ltr'><strong>honorifica,</strong></span> 
     </span>
     <span class='ocr_line' id='line_1_9' title="bbox 361 818 1978 898; baseline -0.004 -17"><span class='ocrx_word' id='word_1_61' title='bbox 361 825 532 898; x_wconf 89' lang='lat' dir='ltr'><strong>etqui</strong></span> <span class='ocrx_word' id='word_1_62' title='bbox 552 840 652 897; x_wconf 90' lang='lat' dir='ltr'><strong>per</strong></span> <span class='ocrx_word' id='word_1_63' title='bbox 669 822 860 879; x_wconf 91' lang='lat' dir='ltr'><strong>dolum</strong></span> <span class='ocrx_word' id='word_1_64' title='bbox 880 822 1115 876; x_wconf 83' lang='lat' dir='ltr'><strong>vincunt</strong></span> <span class='ocrx_word' id='word_1_65' title='bbox 1130 818 1476 874; x_wconf 81' lang='lat' dir='ltr'><strong>adversarios</strong></span> <span class='ocrx_word' id='word_1_66' title='bbox 1492 859 1507 882; x_wconf 79' lang='lat'><strong>.</strong></span> <span class='ocrx_word' id='word_1_67' title='bbox 1542 819 1853 890; x_wconf 83' lang='lat' dir='ltr'><strong>praemium</strong></span> <span class='ocrx_word' id='word_1_68' title='bbox 1872 836 1978 874; x_wconf 85' lang='lat' dir='ltr'><strong>co-</strong></span> 
     </span>
     <span class='ocr_line' id='line_1_10' title="bbox 361 892 1973 970; baseline -0.004 -15"><span class='ocrx_word' id='word_1_69' title='bbox 361 915 663 970; x_wconf 86' lang='lat' dir='ltr'><strong>ronamque</strong></span> <span class='ocrx_word' id='word_1_70' title='bbox 702 904 1001 951; x_wconf 89' lang='lat' dir='ltr'><strong>merentur.</strong></span> <span class='ocrx_word' id='word_1_71' title='bbox 1080 893 1203 948; x_wconf 89' lang='lat' dir='ltr'><strong>Non</strong></span> <span class='ocrx_word' id='word_1_72' title='bbox 1231 909 1361 965; x_wconf 82' lang='lat' dir='ltr'><strong>ergo</strong></span> <span class='ocrx_word' id='word_1_73' title='bbox 1388 893 1535 948; x_wconf 87' lang='lat' dir='ltr'><strong>sicut</strong></span> <span class='ocrx_word' id='word_1_74' title='bbox 1567 892 1786 948; x_wconf 85' lang='lat' dir='ltr'><strong>fallacia</strong></span> <span class='ocrx_word' id='word_1_75' title='bbox 1815 893 1973 949; x_wconf 79' lang='lat' dir='ltr'><strong>vitu—</strong></span> 
     </span>
     <span class='ocr_line' id='line_1_11' title="bbox 360 965 1971 1049; baseline -0.005 -19"><span class='ocrx_word' id='word_1_76' title='bbox 360 976 518 1049; x_wconf 90' lang='lat' dir='ltr'><strong>perio</strong></span> <span class='ocrx_word' id='word_1_77' title='bbox 556 972 724 1045; x_wconf 81' lang='lat' dir='ltr'><strong>digna</strong></span> <span class='ocrx_word' id='word_1_78' title='bbox 764 979 849 1025; x_wconf 85' lang='lat' dir='ltr'><strong>est</strong></span> <span class='ocrx_word' id='word_1_79' title='bbox 883 969 1135 1024; x_wconf 83' lang='lat' dir='ltr'><strong>habenda</strong></span> <span class='ocrx_word' id='word_1_80' title='bbox 1175 967 1305 1023; x_wconf 77' lang='lat' dir='ltr'><strong>talis</strong></span> <span class='ocrx_word' id='word_1_81' title='bbox 1346 965 1529 1032; x_wconf 78' lang='lat' dir='ltr'><strong>fraus,</strong></span> <span class='ocrx_word' id='word_1_82' title='bbox 1570 967 1673 1024; x_wconf 81' lang='lat' dir='ltr'><strong>sed</strong></span> <span class='ocrx_word' id='word_1_83' title='bbox 1705 985 1807 1040; x_wconf 87' lang='lat' dir='ltr'><strong>pro</strong></span> <span class='ocrx_word' id='word_1_84' title='bbox 1845 968 1971 1024; x_wconf 82' lang='lat' dir='ltr'><strong>lau-</strong></span> 
     </span>
     <span class='ocr_line' id='line_1_12' title="bbox 362 1039 1964 1119; baseline -0.004 -14"><span class='ocrx_word' id='word_1_85' title='bbox 362 1051 458 1105; x_wconf 90' lang='lat' dir='ltr'><strong>de:</strong></span> <span class='ocrx_word' id='word_1_86' title='bbox 523 1044 827 1119; x_wconf 83' lang='lat' dir='ltr'><strong>&#39;aequaliter</strong></span> <span class='ocrx_word' id='word_1_87' title='bbox 846 1044 995 1100; x_wconf 79' lang='lat' dir='ltr'><strong>valet</strong></span> <span class='ocrx_word' id='word_1_88' title='bbox 1012 1052 1068 1098; x_wconf 86' lang='lat' dir='ltr'><strong>et</strong></span> <span class='ocrx_word' id='word_1_89' title='bbox 1090 1039 1165 1117; x_wconf 75' lang='lat'>[³¹²]</span> <span class='ocrx_word' id='word_1_90' title='bbox 1190 1043 1329 1097; x_wconf 86' lang='lat' dir='ltr'><strong>ratio</strong></span> <span class='ocrx_word' id='word_1_91' title='bbox 1354 1043 1657 1113; x_wconf 79' lang='lat' dir='ltr'><strong>sapientis,</strong></span> <span class='ocrx_word' id='word_1_92' title='bbox 1698 1044 1801 1116; x_wconf 82' lang='lat' dir='ltr'><strong>qui</strong></span> <span class='ocrx_word' id='word_1_93' title='bbox 1831 1051 1964 1108; x_wconf 87' lang='lat' dir='ltr'><strong>arte,</strong></span> 
     </span>
     <span class='ocr_line' id='line_1_13' title="bbox 362 1120 1313 1189; baseline -0.011 -9"><span class='ocrx_word' id='word_1_94' title='bbox 362 1142 470 1180; x_wconf 90' lang='lat' dir='ltr'><strong>non</strong></span> <span class='ocrx_word' id='word_1_95' title='bbox 493 1131 677 1179; x_wconf 89' lang='lat' dir='ltr'><strong>autem</strong></span> <span class='ocrx_word' id='word_1_96' title='bbox 697 1122 842 1176; x_wconf 90' lang='lat' dir='ltr'><strong>sicut</strong></span> <span class='ocrx_word' id='word_1_97' title='bbox 861 1120 1010 1174; x_wconf 88' lang='lat' dir='ltr'><strong>iners</strong></span> <span class='ocrx_word' id='word_1_98' title='bbox 1035 1124 1313 1189; x_wconf 83' lang='lat' dir='ltr'><strong>operatur.</strong></span> 
     </span>
     <span class='ocr_line' id='line_1_14' title="bbox 370 1205 1970 1278; baseline -0.006 -13"><span class='ocrx_word' id='word_1_99' title='bbox 370 1213 500 1272; x_wconf 79' lang='lat' dir='ltr'><strong>Quid</strong></span> <span class='ocrx_word' id='word_1_100' title='bbox 539 1223 635 1278; x_wconf 74' lang='lat' dir='ltr'><strong>eat,</strong></span> <span class='ocrx_word' id='word_1_101' title='bbox 683 1211 814 1277; x_wconf 78' lang='lat' dir='ltr'><strong>quod</strong></span> <span class='ocrx_word' id='word_1_102' title='bbox 853 1210 967 1259; x_wconf 78' lang='lat' dir='ltr'><strong>dicit</strong></span> <span class='ocrx_word' id='word_1_103' title='bbox 999 1207 1167 1258; x_wconf 71' lang='lat' dir='ltr'><strong>Esau.-</strong></span> <span class='ocrx_word' id='word_1_104' title='bbox 1232 1205 1415 1270; x_wconf 73' lang='lat' dir='ltr'><strong>„Iuste</strong></span> <span class='ocrx_word' id='word_1_105' title='bbox 1447 1216 1667 1256; x_wconf 78' lang='lat' dir='ltr'><strong>vocatum</strong></span> <span class='ocrx_word' id='word_1_106' title='bbox 1702 1216 1772 1256; x_wconf 75' lang='lat' dir='ltr'><strong>cst</strong></span> <span class='ocrx_word' id='word_1_107' title='bbox 1804 1223 1970 1256; x_wconf 72' lang='lat' dir='ltr'><strong>nomen</strong></span> 
     </span>
     <span class='ocr_line' id='line_1_15' title="bbox 498 1273 1969 1340; baseline -0.007 -8"><span class='ocrx_word' id='word_1_108' title='bbox 498 1281 597 1332; x_wconf 71' lang='lat' dir='ltr'><strong>eius</strong></span> <span class='ocrx_word' id='word_1_109' title='bbox 636 1279 788 1329; x_wconf 84' lang='lat' dir='ltr'><strong>Iacob</strong></span> <span class='ocrx_word' id='word_1_110' title='bbox 798 1297 816 1338; x_wconf 89' lang='lat'><strong>,·</strong></span> <span class='ocrx_word' id='word_1_111' title='bbox 882 1274 1209 1340; x_wconf 71' lang='lat' dir='ltr'><strong>supplantavit</strong></span> <span class='ocrx_word' id='word_1_112' title='bbox 1251 1275 1369 1324; x_wconf 75' lang='lat' dir='ltr'><strong>enim</strong></span> <span class='ocrx_word' id='word_1_113' title='bbox 1411 1291 1483 1323; x_wconf 82' lang='lat' dir='ltr'><strong>me</strong></span> <span class='ocrx_word' id='word_1_114' title='bbox 1527 1291 1634 1324; x_wconf 77' lang='lat' dir='ltr'><strong>ecce</strong></span> <span class='ocrx_word' id='word_1_115' title='bbox 1676 1273 1834 1323; x_wconf 79' lang='lat' dir='ltr'><strong>altera</strong></span> <span class='ocrx_word' id='word_1_116' title='bbox 1878 1273 1969 1322; x_wconf 74' lang='lat' dir='ltr'><strong>hac</strong></span> 
     </span>
    </p>
   </div>
   <div class='ocr_carea' id='block_1_3' title="bbox 496 1341 1971 1474">
    <p class='ocr_par' dir='ltr' id='par_1_3' title="bbox 496 1341 1971 1474">
     <span class='ocr_line' id='line_1_16' title="bbox 496 1341 1971 1408; baseline -0.005 -12"><span class='ocrx_word' id='word_1_117' title='bbox 496 1349 610 1396; x_wconf 80' lang='lat' dir='ltr'><strong>vice.</strong></span> <span class='ocrx_word' id='word_1_118' title='bbox 683 1344 1011 1408; x_wconf 59' lang='lat' dir='ltr'><strong>Rimoqenita</strong></span> <span class='ocrx_word' id='word_1_119' title='bbox 1043 1359 1151 1392; x_wconf 83' lang='lat' dir='ltr'><strong>mea</strong></span> <span class='ocrx_word' id='word_1_120' title='bbox 1184 1343 1389 1406; x_wconf 75' lang='lat' dir='ltr'><strong>accepit,</strong></span> <span class='ocrx_word' id='word_1_121' title='bbox 1436 1351 1481 1390; x_wconf 79' lang='lat' dir='ltr'><strong>ct</strong></span> <span class='ocrx_word' id='word_1_122' title='bbox 1514 1355 1637 1391; x_wconf 77' lang='lat' dir='ltr'><strong>nunc</strong></span> <span class='ocrx_word' id='word_1_123' title='bbox 1672 1341 1861 1405; x_wconf 74' lang='lat' dir='ltr'><strong>accepit</strong></span> <span class='ocrx_word' id='word_1_124' title='bbox 1896 1341 1971 1390; x_wconf 78' lang='lat' dir='ltr'><strong>be-</strong></span> 
     </span>
     <span class='ocr_line' id='line_1_17' title="bbox 497 1409 1970 1474; baseline -0.003 -12"><span class='ocrx_word' id='word_1_125' title='bbox 497 1413 804 1467; x_wconf 72' lang='lat' dir='ltr'><strong>nedictionem</strong></span> <span class='ocrx_word' id='word_1_126' title='bbox 821 1427 970 1460; x_wconf 85' lang='lat' dir='ltr'><strong>meam</strong></span> <span class='ocrx_word' id='word_1_127' title='bbox 994 1412 1063 1474; x_wconf 78' lang='grc' dir='ltr'><strong>(ε.</strong></span> <span class='ocrx_word' id='word_1_128' title='bbox 1100 1409 1439 1458; x_wconf 69' lang='lat' dir='ltr'><strong>benedictiones</strong></span> <span class='ocrx_word' id='word_1_129' title='bbox 1463 1409 1695 1471; x_wconf 57' lang='lat' dir='ltr'><strong>mea-sy‘?</strong></span> <span class='ocrx_word' id='word_1_130' title='bbox 1722 1409 1834 1473; x_wconf 79' lang='lat'>(27,</span> <span class='ocrx_word' id='word_1_131' title='bbox 1860 1409 1970 1467; x_wconf 79' lang='lat'><strong>36.)</strong></span> 
     </span>
    </p>
   </div>
   <div class='ocr_carea' id='block_1_4' title="bbox 475 1489 1967 1564">
    <p class='ocr_par' dir='ltr' id='par_1_4' title="bbox 475 1489 1967 1564">
     <span class='ocr_line' id='line_1_18' title="bbox 475 1489 1967 1564; baseline -0.004 -15"><span class='ocrx_word' id='word_1_132' title='bbox 475 1497 595 1550; x_wconf 74' lang='lat'><strong>229.</strong></span> <span class='ocrx_word' id='word_1_133' title='bbox 655 1491 961 1564; x_wconf 74' lang='lat' dir='ltr'><strong>Utrumque</strong></span> <span class='ocrx_word' id='word_1_134' title='bbox 997 1499 1199 1564; x_wconf 84' lang='lat' dir='ltr'><strong>putans</strong></span> <span class='ocrx_word' id='word_1_135' title='bbox 1240 1507 1369 1548; x_wconf 82' lang='lat' dir='ltr'><strong>vero</strong></span> <span class='ocrx_word' id='word_1_136' title='bbox 1414 1489 1599 1545; x_wconf 81' lang='lat' dir='ltr'><strong>dicere</strong></span> <span class='ocrx_word' id='word_1_137' title='bbox 1648 1491 1967 1553; x_wconf 82' lang='lat' dir='ltr'><strong>ementitur,</strong></span> 
     </span>
    </p>
   </div>
   <div class='ocr_carea' id='block_1_5' title="bbox 362 1665 1973 2698">
    <p class='ocr_par' dir='ltr' id='par_1_5' title="bbox 362 1665 1973 2414">
     <span class='ocr_line' id='line_1_19' title="bbox 364 1665 1973 1741; baseline -0.001 -18"><span class='ocrx_word' id='word_1_138' title='bbox 364 1667 526 1725; x_wconf 80' lang='lat' dir='ltr'><strong>dolus</strong></span> <span class='ocrx_word' id='word_1_139' title='bbox 558 1668 828 1741; x_wconf 81' lang='lat' dir='ltr'><strong>accipitur</strong></span> <span class='ocrx_word' id='word_1_140' title='bbox 855 1683 955 1739; x_wconf 86' lang='lat' dir='ltr'><strong>pro</strong></span> <span class='ocrx_word' id='word_1_141' title='bbox 985 1665 1243 1734; x_wconf 87' lang='lat' dir='ltr'><strong>crimine;</strong></span> <span class='ocrx_word' id='word_1_142' title='bbox 1288 1682 1390 1722; x_wconf 87' lang='lat' dir='ltr'><strong>nec</strong></span> <span class='ocrx_word' id='word_1_143' title='bbox 1418 1667 1570 1720; x_wconf 87' lang='lat' dir='ltr'><strong>enim</strong></span> <span class='ocrx_word' id='word_1_144' title='bbox 1594 1666 1719 1734; x_wconf 62' lang='lat' dir='ltr'><strong>cine</strong></span> <span class='ocrx_word' id='word_1_145' title='bbox 1740 1665 1871 1722; x_wconf 89' lang='lat' dir='ltr'><strong>dolo</strong></span> <span class='ocrx_word' id='word_1_146' title='bbox 1889 1666 1973 1721; x_wconf 86' lang='lat' dir='ltr'><strong>la·-</strong></span> 
     </span>
     <span class='ocr_line' id='line_1_20' title="bbox 363 1739 1971 1817; baseline -0.002 -18"><span class='ocrx_word' id='word_1_147' title='bbox 363 1753 546 1800; x_wconf 83' lang='lat' dir='ltr'><strong>trones</strong></span> <span class='ocrx_word' id='word_1_148' title='bbox 572 1761 603 1798; x_wconf 89' lang='lat' dir='ltr'><strong>a</strong></span> <span class='ocrx_word' id='word_1_149' title='bbox 631 1744 848 1817; x_wconf 84' lang='lat' dir='ltr'><strong>vigiliis</strong></span> <span class='ocrx_word' id='word_1_150' title='bbox 877 1742 1198 1812; x_wconf 86' lang='lat' dir='ltr'><strong>capiuntur,</strong></span> <span class='ocrx_word' id='word_1_151' title='bbox 1250 1747 1302 1795; x_wconf 90' lang='lat' dir='ltr'><strong>et</strong></span> <span class='ocrx_word' id='word_1_152' title='bbox 1330 1739 1675 1795; x_wconf 78' lang='lat' dir='ltr'><strong>adversarios</strong></span> <span class='ocrx_word' id='word_1_153' title='bbox 1704 1743 1971 1814; x_wconf 82' lang='lat' dir='ltr'><strong>magister</strong></span> 
     </span>
     <span class='ocr_line' id='line_1_21' title="bbox 363 1814 1969 1887; baseline -0.002 -13"><span class='ocrx_word' id='word_1_154' title='bbox 363 1819 598 1874; x_wconf 86' lang='lat' dir='ltr'><strong>militiae</strong></span> <span class='ocrx_word' id='word_1_155' title='bbox 624 1836 734 1874; x_wconf 91' lang='lat' dir='ltr'><strong>non</strong></span> <span class='ocrx_word' id='word_1_156' title='bbox 763 1819 885 1874; x_wconf 86' lang='lat' dir='ltr'><strong>sine</strong></span> <span class='ocrx_word' id='word_1_157' title='bbox 914 1815 1040 1872; x_wconf 91' lang='lat' dir='ltr'><strong>dolo</strong></span> <span class='ocrx_word' id='word_1_158' title='bbox 1072 1814 1248 1886; x_wconf 82' lang='lat' dir='ltr'><strong>capit,</strong></span> <span class='ocrx_word' id='word_1_159' title='bbox 1291 1823 1345 1870; x_wconf 90' lang='lat' dir='ltr'><strong>et</strong></span> <span class='ocrx_word' id='word_1_160' title='bbox 1362 1815 1779 1887; x_wconf 78' lang='lat' dir='ltr'><strong>praeventoriae</strong></span> <span class='ocrx_word' id='word_1_161' title='bbox 1797 1815 1969 1878; x_wconf 84' lang='lat' dir='ltr'><strong>huius</strong></span> 
     </span>
     <span class='ocr_line' id='line_1_22' title="bbox 363 1889 1973 1962; baseline -0.002 -12"><span class='ocrx_word' id='word_1_162' title='bbox 363 1904 492 1950; x_wconf 85' lang='lat' dir='ltr'><strong>sunt</strong></span> <span class='ocrx_word' id='word_1_163' title='bbox 512 1898 754 1950; x_wconf 81' lang='lat' dir='ltr'><strong>rationes</strong></span> <span class='ocrx_word' id='word_1_164' title='bbox 771 1903 825 1952; x_wconf 88' lang='lat' dir='ltr'><strong>et</strong></span> <span class='ocrx_word' id='word_1_165' title='bbox 843 1891 1026 1950; x_wconf 80' lang='lat' dir='ltr'><strong>exusti</strong></span> <span class='ocrx_word' id='word_1_166' title='bbox 1046 1907 1175 1946; x_wconf 87' lang='lat' dir='ltr'><strong>cum</strong></span> <span class='ocrx_word' id='word_1_167' title='bbox 1195 1889 1379 1960; x_wconf 62' lang='lat' dir='ltr'><strong>(mara.</strong></span> <span class='ocrx_word' id='word_1_168' title='bbox 1405 1889 1685 1962; x_wconf 79' lang='lat' dir='ltr'><strong>pugilum)</strong></span> <span class='ocrx_word' id='word_1_169' title='bbox 1710 1892 1973 1946; x_wconf 81' lang='lat' dir='ltr'><strong>certami-</strong></span> 
     </span>
     <span class='ocr_line' id='line_1_23' title="bbox 362 1963 1973 2041; baseline -0.003 -16"><span class='ocrx_word' id='word_1_170' title='bbox 362 1988 432 2025; x_wconf 87' lang='lat' dir='ltr'><strong>na</strong></span> <span class='ocrx_word' id='word_1_171' title='bbox 449 2011 462 2034; x_wconf 88' lang='lat'>‚</span> <span class='ocrx_word' id='word_1_172' title='bbox 505 1970 714 2041; x_wconf 83' lang='lat' dir='ltr'><strong>quibus</strong></span> <span class='ocrx_word' id='word_1_173' title='bbox 734 1971 884 2026; x_wconf 84' lang='lat' dir='ltr'><strong>enim</strong></span> <span class='ocrx_word' id='word_1_174' title='bbox 904 1966 1125 2024; x_wconf 84' lang='lat' dir='ltr'><strong>fallacia</strong></span> <span class='ocrx_word' id='word_1_175' title='bbox 1143 1964 1365 2021; x_wconf 84' lang='lat' dir='ltr'><strong>videtur</strong></span> <span class='ocrx_word' id='word_1_176' title='bbox 1384 1963 1727 2020; x_wconf 81' lang='lat' dir='ltr'><strong>fortitudinis</strong></span> <span class='ocrx_word' id='word_1_177' title='bbox 1751 1967 1973 2038; x_wconf 86' lang='lat' dir='ltr'><strong>precio-</strong></span> 
     </span>
     <span class='ocr_line' id='line_1_24' title="bbox 363 2039 1973 2116; baseline -0.002 -18"><span class='ocrx_word' id='word_1_178' title='bbox 363 2047 502 2112; x_wconf 80' lang='lat' dir='ltr'><strong>sior3</strong></span> <span class='ocrx_word' id='word_1_179' title='bbox 555 2046 654 2116; x_wconf 87' lang='lat' dir='ltr'><strong>qui</strong></span> <span class='ocrx_word' id='word_1_180' title='bbox 693 2047 843 2101; x_wconf 88' lang='lat' dir='ltr'><strong>enim</strong></span> <span class='ocrx_word' id='word_1_181' title='bbox 880 2045 958 2099; x_wconf 84' lang='lat' dir='ltr'><strong>ita</strong></span> <span class='ocrx_word' id='word_1_182' title='bbox 995 2041 1267 2098; x_wconf 78' lang='lat' dir='ltr'><strong>devicerit</strong></span> <span class='ocrx_word' id='word_1_183' title='bbox 1302 2041 1579 2104; x_wconf 73' lang='lat' dir='ltr'><strong>aemu108,</strong></span> <span class='ocrx_word' id='word_1_184' title='bbox 1630 2039 1881 2096; x_wconf 84' lang='lat' dir='ltr'><strong>brachiis</strong></span> <span class='ocrx_word' id='word_1_185' title='bbox 1917 2048 1973 2095; x_wconf 86' lang='lat' dir='ltr'><strong>et</strong></span> 
     </span>
     <span class='ocr_line' id='line_1_25' title="bbox 365 2113 1971 2193; baseline -0.002 -19"><span class='ocrx_word' id='word_1_186' title='bbox 365 2119 582 2175; x_wconf 85' lang='lat' dir='ltr'><strong>adoreis</strong></span> <span class='ocrx_word' id='word_1_187' title='bbox 604 2120 814 2193; x_wconf 75' lang='lat' dir='ltr'><strong>largius</strong></span> <span class='ocrx_word' id='word_1_188' title='bbox 834 2118 1188 2174; x_wconf 75' lang='lat' dir='ltr'><strong>nominantur</strong></span> <span class='ocrx_word' id='word_1_189' title='bbox 1198 2113 1805 2188; x_wconf 75' lang='lat' dir='ltr'><strong>(mar9.munerantur).</strong></span> <span class='ocrx_word' id='word_1_190' title='bbox 1828 2117 1971 2170; x_wconf 85' lang='lat' dir='ltr'><strong>Hac—</strong></span> 
     </span>
     <span class='ocr_line' id='line_1_26' title="bbox 363 2189 1965 2254; baseline -0.002 -6"><span class='ocrx_word' id='word_1_191' title='bbox 363 2203 525 2250; x_wconf 81' lang='lat' dir='ltr'><strong>tenus</strong></span> <span class='ocrx_word' id='word_1_192' title='bbox 547 2211 656 2249; x_wconf 90' lang='lat' dir='ltr'><strong>non</strong></span> <span class='ocrx_word' id='word_1_193' title='bbox 678 2203 760 2250; x_wconf 85' lang='lat' dir='ltr'><strong>est</strong></span> <span class='ocrx_word' id='word_1_194' title='bbox 779 2202 962 2248; x_wconf 84' lang='lat' dir='ltr'><strong>reatus</strong></span> <span class='ocrx_word' id='word_1_195' title='bbox 980 2190 1073 2247; x_wconf 84' lang='lat' dir='ltr'><strong>vel</strong></span> <span class='ocrx_word' id='word_1_196' title='bbox 1096 2189 1211 2245; x_wconf 90' lang='lat' dir='ltr'><strong>doli</strong></span> <span class='ocrx_word' id='word_1_197' title='bbox 1230 2191 1521 2254; x_wconf 77' lang='lat' dir='ltr'><strong>incusatio,</strong></span> <span class='ocrx_word' id='word_1_198' title='bbox 1546 2189 1649 2244; x_wconf 80' lang='lat' dir='ltr'><strong>sed</strong></span> <span class='ocrx_word' id='word_1_199' title='bbox 1676 2190 1803 2245; x_wconf 81' lang='lat' dir='ltr'><strong>laus</strong></span> <span class='ocrx_word' id='word_1_200' title='bbox 1822 2191 1965 2253; x_wconf 69' lang='lat' dir='ltr'><strong>eim,</strong></span> 
     </span>
     <span class='ocr_line' id='line_1_27' title="bbox 363 2264 1969 2340; baseline -0.003 -17"><span class='ocrx_word' id='word_1_201' title='bbox 363 2271 462 2340; x_wconf 91' lang='lat' dir='ltr'><strong>qui</strong></span> <span class='ocrx_word' id='word_1_202' title='bbox 503 2268 832 2323; x_wconf 78' lang='lat' dir='ltr'><strong>artificiosus</strong></span> <span class='ocrx_word' id='word_1_203' title='bbox 869 2275 980 2334; x_wconf 80' lang='lat' dir='ltr'><strong>est3</strong></span> <span class='ocrx_word' id='word_1_204' title='bbox 1035 2265 1097 2319; x_wconf 90' lang='lat' dir='ltr'><strong>in</strong></span> <span class='ocrx_word' id='word_1_205' title='bbox 1133 2265 1237 2319; x_wconf 91' lang='lat' dir='ltr'><strong>hoc</strong></span> <span class='ocrx_word' id='word_1_206' title='bbox 1274 2264 1424 2319; x_wconf 91' lang='lat' dir='ltr'><strong>enim</strong></span> <span class='ocrx_word' id='word_1_207' title='bbox 1462 2264 1747 2320; x_wconf 83' lang='lat' dir='ltr'><strong>studiosus</strong></span> <span class='ocrx_word' id='word_1_208' title='bbox 1782 2265 1969 2320; x_wconf 82' lang='lat' dir='ltr'><strong>omnia</strong></span> 
     </span>
     <span class='ocr_line' id='line_1_28' title="bbox 362 2342 598 2414; baseline -0.004 -16"><span class='ocrx_word' id='word_1_209' title='bbox 362 2342 598 2414; x_wconf 86' lang='lat' dir='ltr'><strong>perficit.</strong></span> 
     </span>
    </p>

    <p class='ocr_par' dir='ltr' id='par_1_6' title="bbox 369 2427 1970 2698">
     <span class='ocr_line' id='line_1_29' title="bbox 369 2427 1968 2498; baseline -0.005 -12"><span class='ocrx_word' id='word_1_210' title='bbox 369 2433 500 2492; x_wconf 80' lang='lat' dir='ltr'><strong>Quid</strong></span> <span class='ocrx_word' id='word_1_211' title='bbox 532 2443 608 2484; x_wconf 69' lang='lat' dir='ltr'><strong>eat</strong></span> <span class='ocrx_word' id='word_1_212' title='bbox 641 2431 773 2498; x_wconf 80' lang='lat' dir='ltr'><strong>quod</strong></span> <span class='ocrx_word' id='word_1_213' title='bbox 813 2428 935 2480; x_wconf 55' lang='lat' dir='ltr'><strong>divit</strong></span> <span class='ocrx_word' id='word_1_214' title='bbox 975 2427 1144 2478; x_wconf 74' lang='lat' dir='ltr'><strong>Esau.-</strong></span> <span class='ocrx_word' id='word_1_215' title='bbox 1205 2463 1240 2492; x_wconf 90' lang='lat'><strong>‚,</strong></span> <span class='ocrx_word' id='word_1_216' title='bbox 1255 2427 1387 2478; x_wconf 71' lang='lat' dir='ltr'><strong>Iuste</strong></span> <span class='ocrx_word' id='word_1_217' title='bbox 1428 2437 1646 2478; x_wconf 78' lang='lat' dir='ltr'><strong>vocatum</strong></span> <span class='ocrx_word' id='word_1_218' title='bbox 1691 2438 1761 2479; x_wconf 71' lang='lat' dir='ltr'><strong>est</strong></span> <span class='ocrx_word' id='word_1_219' title='bbox 1802 2445 1968 2478; x_wconf 74' lang='lat' dir='ltr'><strong>nomen</strong></span> 
     </span>
     <span class='ocr_line' id='line_1_30' title="bbox 498 2494 1968 2560; baseline -0.005 -9"><span class='ocrx_word' id='word_1_220' title='bbox 498 2502 597 2551; x_wconf 74' lang='lat' dir='ltr'><strong>eiua</strong></span> <span class='ocrx_word' id='word_1_221' title='bbox 638 2499 817 2559; x_wconf 78' lang='lat' dir='ltr'><strong>Iacob5</strong></span> <span class='ocrx_word' id='word_1_222' title='bbox 877 2495 1206 2560; x_wconf 72' lang='lat' dir='ltr'><strong>mpplantavit</strong></span> <span class='ocrx_word' id='word_1_223' title='bbox 1248 2496 1367 2544; x_wconf 83' lang='lat' dir='ltr'><strong>em’m</strong></span> <span class='ocrx_word' id='word_1_224' title='bbox 1412 2507 1487 2543; x_wconf 83' lang='lat' dir='ltr'><strong>me</strong></span> <span class='ocrx_word' id='word_1_225' title='bbox 1528 2494 1624 2544; x_wconf 77' lang='lat' dir='ltr'><strong>iam</strong></span> <span class='ocrx_word' id='word_1_226' title='bbox 1668 2495 1827 2546; x_wconf 78' lang='lat' dir='ltr'><strong>altera</strong></span> <span class='ocrx_word' id='word_1_227' title='bbox 1868 2497 1968 2545; x_wconf 81' lang='lat' dir='ltr'><strong>vice</strong></span> 
     </span>
     <span class='ocr_line' id='line_1_31' title="bbox 499 2562 1970 2632; baseline -0.004 -14"><span class='ocrx_word' id='word_1_228' title='bbox 499 2571 688 2632; x_wconf 80' lang='lat' dir='ltr'><strong>(marg.</strong></span> <span class='ocrx_word' id='word_1_229' title='bbox 737 2582 859 2616; x_wconf 73' lang='lat' dir='ltr'><strong>nunc</strong></span> <span class='ocrx_word' id='word_1_230' title='bbox 905 2564 1022 2627; x_wconf 73' lang='lat' dir='ltr'><strong>bia).</strong></span> <span class='ocrx_word' id='word_1_231' title='bbox 1102 2562 1175 2612; x_wconf 77' lang='lat' dir='ltr'><strong>Et</strong></span> <span class='ocrx_word' id='word_1_232' title='bbox 1200 2562 1443 2626; x_wconf 59' lang='lat' dir='ltr'><strong>pronam</strong></span> <span class='ocrx_word' id='word_1_233' title='bbox 1479 2563 1701 2628; x_wconf 60' lang='lat' dir='ltr'><strong>abaciam,</strong></span> <span class='ocrx_word' id='word_1_234' title='bbox 1757 2573 1805 2613; x_wconf 75' lang='lat' dir='ltr'><strong>ct</strong></span> <span class='ocrx_word' id='word_1_235' title='bbox 1842 2580 1970 2614; x_wconf 72' lang='lat' dir='ltr'><strong>nunc</strong></span> 
     </span>
     <span class='ocr_line' id='line_1_32' title="bbox 499 2631 1341 2698; baseline -0.007 -15"><span class='ocrx_word' id='word_1_236' title='bbox 499 2635 684 2698; x_wconf 79' lang='lat' dir='ltr'><strong>accepit</strong></span> <span class='ocrx_word' id='word_1_237' title='bbox 721 2631 1079 2682; x_wconf 76' lang='lat' dir='ltr'><strong>benedictionem</strong></span> <span class='ocrx_word' id='word_1_238' title='bbox 1110 2633 1341 2678; x_wconf 70' lang='lat' dir='ltr'><strong>meam“?</strong></span> 
     </span>
    </p>
   </div>
   <div class='ocr_carea' id='block_1_6' title="bbox 327 2709 1969 2850">
    <p class='ocr_par' dir='ltr' id='par_1_7' title="bbox 327 2709 1969 2850">
     <span class='ocr_line' id='line_1_33' title="bbox 477 2709 1969 2783; baseline -0.001 -15"><span class='ocrx_word' id='word_1_239' title='bbox 477 2716 598 2768; x_wconf 77' lang='lat'><strong>229.</strong></span> <span class='ocrx_word' id='word_1_240' title='bbox 639 2714 878 2783; x_wconf 88' lang='lat' dir='ltr'><strong>Utraque</strong></span> <span class='ocrx_word' id='word_1_241' title='bbox 907 2710 1279 2768; x_wconf 80' lang='lat' dir='ltr'><strong>existimando</strong></span> <span class='ocrx_word' id='word_1_242' title='bbox 1306 2725 1437 2768; x_wconf 82' lang='lat' dir='ltr'><strong>vcra</strong></span> <span class='ocrx_word' id='word_1_243' title='bbox 1465 2709 1649 2764; x_wconf 82' lang='lat' dir='ltr'><strong>dicere</strong></span> <span class='ocrx_word' id='word_1_244' title='bbox 1680 2713 1969 2767; x_wconf 86' lang='lat' dir='ltr'><strong>mentitur.</strong></span> 
     </span>
     <span class='ocr_line' id='line_1_34' title="bbox 327 2815 356 2850; baseline 0 0"><span class='ocrx_word' id='word_1_245' title='bbox 327 2815 356 2850; x_wconf 68' lang='grc' dir='ltr'><em>κ</em></span> 
     </span>
    </p>
   </div>
  </div>
 </body>
</html>
