2125 3084
242 131 249 142 ’
348 159 413 214 54
810 163 1184 211 ΡΗιιοΝιε
1220 164 1492 213 mnam
1774 160 1840 226 [1,
1863 162 1972 228 η]

348 268 527 330 tibus,
572 265 891 340 hydropici,
932 281 1063 338 prae
1091 265 1276 320 esurie
1308 265 1488 319 oculis
1515 264 1750 328 deiecti,
1795 267 1974 322 vultu

344 359 541 414 aspero
577 342 857 412 tristique.
934 341 1033 396 His
1069 357 1202 394 vero
1242 341 1438 410 positis
1475 357 1656 396 nonne
1699 357 1970 397 summae

345 417 655 473 dementiae
676 425 761 470 est
786 416 973 470 dicei-‘e
1002 414 1410 486 providentiam
1439 413 1596 470 dari?
1651 415 1883 471 Etenim
1913 421 1970 472 si

346 493 629 566 legislator
667 492 873 562 aliquis
908 490 1262 564 aggredi-atur
1302 490 1484 562 legem
1519 489 1796 554 scribere,
1846 509 1966 562 qua

344 569 509 624 malis
556 575 719 638 atque
766 567 787 619 i
868 567 988 620 avis
1036 565 1272 620 honores
1313 565 1630 620 tribnnmur
1669 574 1726 620 et
1761 568 1964 638 probis

344 643 623 716 supplicia
638 683 651 706 ‚
680 643 781 712 qui
840 641 1003 696 illum
1021 649 1184 712 putas
1205 640 1276 694 ab
1297 641 1370 694 iis
1384 681 1397 704 ,
1422 641 1522 712 qui
1541 640 1812 705 audiant,
1827 658 1964 713 pas-

342 716 573 773 surum?
644 716 783 772 Mihi
823 715 1158 787 lapidandus
1196 715 1508 780 videbitur,
1570 723 1740 786 atque
1777 733 1962 787 poena

343 793 538 848 acerba
576 790 955 856 muletandus,
999 792 1100 862 qui
1134 791 1569 862 praesumpserit
1608 790 1826 846 iustum
1857 793 1960 848 bo—

343 883 592 940 numque
607 875 884 938 repertum
902 867 962 920 in
980 871 1174 920 natura
1197 881 1380 920 rernm
1399 863 1780 937 proscribere,
1809 869 1960 922 sicut

342 943 597 998 falsarius
637 958 1009 996 nummorum.
1113 939 1298 1004 Adde,
1364 956 1544 995 nonne
1583 940 1746 995 velut
1781 959 1956 1012 quae-

340 1019 471 1074 dam
491 1018 689 1072 civitas
708 1024 853 1072 totus
874 1014 1116 1070 mundus
1137 1023 1314 1070 scatet
1335 1014 1660 1070 huiusmodi
1687 1016 1953 1072 iniuriis?

340 1093 525 1160 Quum
544 1094 615 1156 ii,
644 1092 744 1162 qui
766 1092 823 1146 in
844 1107 1035 1146 omnes
1054 1090 1396 1146 invehuntur
1416 1088 1483 1162 (a.
1505 1091 1566 1144 in
1583 1091 1858 1150 omnihus
1875 1093 1952 1146 rei

340 1168 489 1238 sunt)
502 1167 557 1238 ³¹⁵)
572 1207 585 1230 ,
620 1176 732 1222 tem
752 1166 947 1229 verbo.
978 1167 1146 1238 quam
1165 1165 1399 1220 consilio
1416 1174 1475 1220 et
1492 1164 1680 1230 factiS,
1701 1170 1952 1238 praemia

342 1258 541 1314 magna
568 1240 972 1311 adipiscantur;
1044 1241 1144 1312 qui
1177 1237 1254 1315 [Ἴ
1284 1240 1562 1296 vero-illis
1581 1241 1944 1315 subsunt**),

314 1315 711 1388 ⁸opprobrium·
740 1324 797 1370 et
834 1317 1168 1388 improperia
1207 1315 1418 1387 pudore
1451 1316 1618 1387 plena
1654 1317 1723 1371 ac
1749 1317 1950 1372 damna

340 1399 606 1463 perpetuo
632 1391 931 1462 patiantur.

356 1575 363 1580 ,
452 1519 502 1572 4.
554 1517 815 1588 Iniquum
844 1533 967 1571 esse
997 1516 1264 1581 dixerim,
1312 1523 1504 1588 putare
1536 1515 1706 1572 deum
1735 1519 1951 1590 praesi-

340 1593 467 1648 dem
506 1600 599 1648 aut
628 1600 904 1648 auctorem
933 1609 1053 1646 esse
1083 1591 1470 1648 huiuscemodi
1498 1593 1852 1659 certaminiS,
1895 1595 1948 1650 in

338 1686 449 1741 quo
478 1669 713 1723 victores
741 1668 1030 1740 privantur
1056 1684 1257 1722 corona
1278 1669 1331 1722 et
1352 1667 1486 1722 victi
1507 1678 1842 1725 coronantur
1861 1687 1948 1726 ce-

341 1743 752 1816 lebranturque.
830 1743 1078 1798 Victores
1101 1743 1250 1797 enim
1280 1742 1365 1798 illi
1395 1752 1550 1808 sunt,
1590 1745 1692 1814 qui
1725 1744 1945 1802 virtutis

340 1838 573 1894 agonem
602 1817 835 1876 feliciter
865 1827 1256 1882 exercuerunt,
1305 1827 1527 1890 propter
1555 1820 1852 1875 veritatem
1891 1821 1944 1875 in

340 1895 551 1952 iudicio
570 1895 843 1959 damnati,
882 1895 1100 1951 moenia
1119 1893 1382 1949 vitiorum
1402 1893 1790 1966 malorumque
1812 1896 1944 1953 viri-

342 1971 466 2028 liter
495 1971 805 2038 diruentes;
878 1971 1013 2026 victi
1041 1985 1199 2031 vero,
1241 1985 1380 2040 quos
1411 1975 1503 2023 aut
1535 1968 1852 2042 indignatio
1891 1971 1942 2025 in

340 2045 579 2116 furorem
610 2047 726 2118 egit
752 2054 847 2100 aut
866 2045 1088 2112 tristitia
1109 2041 1332 2116 subegit
1353 2051 1446 2098 aut
1463 2043 1747 2116 cupiditas
1769 2057 1941 2102 remo-

340 2120 767 2192 torumdecepit
791 2129 886 2177 aut
914 2113 1190 2175 lasciviae
1217 2117 1393 2173 libido
1429 2119 1804 2189 perturbavit.
1881 2121 1942 2176 Et
1971 2159 1978 2168 .

340 2197 480 2267 quid
500 2197 590 2251 his
612 2187 937 2250 damnosum
956 2195 1046 2249 vel
1070 2193 1186 2248 illis
1208 2193 1343 2248 utile
1364 2191 1616 2248 accedit?
1672 2196 1789 2251 imo
1810 2193 1938 2272 quid

344 2289 450 2327 non
472 2273 595 2326 istis
614 2270 755 2334 utile
772 2279 830 2326 et
846 2270 963 2325 illis
983 2269 1312 2325 damnosum
1325 2309 1340 2333 ‚
1371 2277 1436 2324 ut
1455 2268 1615 2358 dixi?

450 2383 502 2432 5.
543 2379 735 2433 Nonne
755 2377 1067 2450 Polycrates
1083 2386 1348 2450 tyrannus
1369 2383 1538 2448 super
1555 2395 1753 2434 omnes
1775 2381 1942 2434 maio—

342 2467 431 2506 res
458 2467 520 2506 ac
547 2454 786 2508 minores
819 2451 1055 2506 ferarum
1085 2467 1236 2507 more
1265 2451 1452 2507 furens
1473 2453 1736 2526 nihilque
1756 2455 1942 2509 remit-

442 2590 493 2633 “)
512 2591 611 2629 Vox
634 2591 756 2630 Arm.
786 2594 1043 2640 aequivocae
1089 2595 1262 2632 victores
1291 2597 1368 2634 aut
1389 2595 1487 2632 victi
1513 2598 1621 2639 etc„
1652 2595 1716 2634 ita.
1743 2599 1801 2636 nt.
1817 2595 1946 2634 etiam

346 2639 507 2674 vertere
532 2641 683 2678 licon:
717 2643 912 2682 &timori
936 2654 975 2682 ι.
1002 2644 1230 2688 αοὸιῖονως
1273 2654 1310 2684 ι.
1335 2645 1518 2684 melium,
1549 2647 1612 2683 rei
1627 2649 1742 2684 sunt.
1783 2644 1891 2686 Aac
1902 2647 1944 2685 h.

441 2699 511 2745 ’ἣ
536 2712 573 2739 ⁸·
593 2708 848 2750 persolvunt.
902 2709 1062 2748 Aueh.

2075 957 2080 994 1
