2125 3084
188 159 539 231 [fida-⁴⁷⁹]
586 167 668 212 IN
704 167 1040 217 Exonuu.
1095 170 1350 217 smnio
1386 173 1449 216 11.
1534 173 1552 190 ·
1713 162 1814 222 327

194 269 370 324 Tales
390 282 523 338 ergo
540 265 921 338 reprehendit,
963 284 1184 323 monere
1211 269 1401 324 volens
1417 311 1430 333 ,
1467 279 1530 326 ut
1549 271 1659 326 sibi
1681 289 1814 326 con-

198 343 403 398 cilient
439 339 711 396 bonorum
750 342 1119 395 enarrationes
1159 343 1436 414 legitimas
1475 341 1550 417 [⁴¹¹²]
1581 362 1642 399 ao
1681 363 1814 401 con-

202 424 438 472 stantes.
537 412 815 484 Quotquot
861 424 1043 469 autem
1093 415 1184 470 dei
1234 416 1467 471 verbum
1508 428 1808 484 enarratur,

200 491 433 546 omnino
452 488 661 544 bonum
680 497 765 544 est
788 497 843 544 et
865 489 1163 560 pulchrum
1193 490 1627 562 pretiosumque.
1705 493 1812 560 Qui

202 581 341 620 vero
370 580 480 618 non
512 564 835 627 assentitur,
878 563 1017 617 dicit
1044 565 1126 628 ei,
1169 565 1320 635 quod
1352 581 1461 621 non
1488 574 1707 620 veretur
1729 575 1808 634 te;

204 641 378 694 nimis
418 637 739 692 naturaliter
777 639 990 708 utique.
1094 639 1334 694 Firmato
1372 656 1610 710 namque
1649 657 1815 712 argu-

205 721 393 768 mento
423 713 482 766 in
512 712 723 775 anima,
768 728 941 784 quum
972 713 1172 768 sentiat
1202 730 1321 768 eam
1344 712 1413 768 ad
1431 713 1620 786 peiora
1639 713 1816 769 decli—

206 805 361 851 nare,
384 787 727 842 conviciatur
745 794 799 842 et
819 795 1055 850 accusat,
1083 794 1246 858 atque
1271 789 1497 860 rugiens
1518 789 1687 843 minis
1705 805 1815 860 pu-

206 862 440 918 defacit:
491 861 625 932 quia
642 877 706 914 eo
721 901 733 924 ‚
759 863 858 931 qui
879 861 1029 916 intus
1050 869 1158 925 est,
1183 860 1372 916 iudice
1389 863 1612 934 proprio
1631 863 1812 918 omnis

204 937 483 1007 insipiens
501 935 951 1007 reprehenditur,
994 943 1047 990 et
1074 952 1175 1006 per
1202 953 1393 992 omnes
1420 938 1518 1008 qui
1540 945 1693 992 extra
1714 936 1815 992 de—

203 1019 349 1086 gunt
384 1026 727 1064 consessores
766 1010 827 1064 in
865 1009 1035 1064 variis
1073 1010 1395 1066 civitatibus
1434 1013 1807 1079 convincitur3

204 1101 385 1158 quum
412 1101 520 1139 non
550 1085 745 1148 evitet,
786 1083 887 1138 sed
916 1083 1206 1140 admoneat
1233 1102 1343 1140 non
1377 1086 1558 1140 solum
1595 1086 1809 1150 timide,

203 1175 403 1216 verum
426 1159 589 1213 etiam
610 1175 720 1214 una
742 1175 869 1212 cum
888 1158 1184 1229 prudentia
1205 1166 1260 1214 et
1279 1159 1628 1215 confidentia.
1675 1161 1816 1216 Evi—

206 1233 428 1289 dentior
456 1241 637 1286 autem
665 1232 805 1288 fides
832 1233 1015 1297 adest,
1056 1233 1191 1304 quia
1220 1251 1388 1306 super
1415 1234 1675 1307 angelum
1713 1251 1815 1290 no-

206 1324 341 1364 men
362 1305 615 1364 divinum
636 1316 720 1362 est
738 1315 1021 1375 vocatum3
1087 1307 1258 1379 idque
1277 1310 1647 1380 principalius
1662 1351 1675 1374 ,
1701 1325 1813 1380 quo

208 1381 427 1438 caelum
445 1389 497 1435 et
518 1389 659 1436 terra
685 1383 1094 1453 universusque
1122 1382 1364 1438 mundus
1394 1385 1624 1456 regitur.
1704 1383 1809 1450 Qui

204 1473 341 1512 vero
360 1464 507 1510 tanta
524 1455 731 1527 gaudet
750 1456 952 1511 virtute
967 1497 980 1520 ,
1013 1473 1239 1512 necesse
1257 1465 1366 1522 est,
1399 1467 1463 1514 ut
1486 1460 1559 1515 sit
1588 1459 1812 1533 sapien-

204 1533 286 1588 tia
305 1530 722 1604 potentissimus
744 1529 811 1603 (s.
834 1529 1193 1606 liberrimus).

328 1685 458 1745 Quid
489 1696 559 1736 est
592 1684 755 1750 „Non
787 1686 1049 1739 immolabis
1081 1689 1133 1740 in
1152 1691 1390 1756 fermento
1430 1692 1704 1756 sanquinem

689 1754 1041 1820 victimae“')?
1077 1759 1184 1822 (23,
1227 1761 1331 1820 18.)

332 1857 413 1910 ⁴4.
462 1852 617 1908 Alias
644 1870 862 1926 quoque
889 1858 1150 1912 similiter
1171 1856 1306 1911 huie
1330 1858 1545 1921 statuit,
1588 1856 1808 1921 iubens,

206 1933 270 1986 in
302 1946 478 1994 aram,
522 1945 689 2000 super
718 1944 885 2001 quam
914 1931 1185 1988 sacrificia
1204 1929 1530 1994 offeruntur,
1573 1930 1814 1986 fermen-

206 2015 328 2062 tum
356 2021 466 2059 non
494 2003 777 2069 adhiberi,
820 2006 1184 2061 subindicans
1213 2022 1312 2076 per
1339 2012 1636 2075 utrumque
1661 2022 1814 2078 sym-

206 2080 401 2135 bolum
444 2079 820 2134 necessarium
845 2101 857 2134 :
938 2088 1286 2136 contemnere
1331 2078 1640 2151 voluptates
1657 2120 1669 2143 ‚
1737 2076 1810 2154 [⁴¹⁵]

208 2155 472 2226 quoniam
492 2151 826 2209 fermentum
846 2153 1169 2210 dulcificum
1190 2154 1303 2210 cibi
1330 2160 1439 2218 est,
1483 2170 1592 2207 non
1620 2153 1808 2220 cibus3

211 2229 446 2284 alterum
466 2230 633 2284 etiam
648 2268 661 2293 ,
704 2229 857 2299 quod
876 2247 984 2284 non
1004 2238 1216 2302 oportet
1234 2228 1378 2284 fastu
1398 2225 1578 2282 efferri
1598 2236 1814 2299 praeter

210 2303 278 2376 (S.
300 2303 543 2376 propter)
564 2319 915 2358 communem
934 2305 1272 2375 opinionem.
1340 2301 1632 2374 Siquidem
1655 2301 1814 2356 foeda

211 2386 266 2432 et
290 2378 481 2433 odiosa
510 2385 593 2432 est
620 2385 882 2448 utraque,
925 2379 1182 2452 voluptas
1203 2377 1524 2451 cupiditatis
1546 2384 1600 2431 et
1617 2393 1814 2448 super-

209 2453 303 2516 bia
326 2449 519 2525 (velut)
548 2447 740 2523 opinio
770 2452 1063 2519 stultitiae,
1109 2455 1276 2509 unius
1304 2451 1668 2522 eiusdemque
1695 2467 1815 2504 ma-

208 2528 309 2582 tris
325 2567 337 2590 ‚
382 2525 693 2590 illusioniS,
743 2534 953 2598 partuS.
1052 2527 1292 2602 Sanguis
1333 2533 1517 2583 autem
1553 2525 1815 2583 victimae

313 2701 358 2748 ¹⁸)
387 2697 456 2740 Cf.
482 2709 613 2750 supra
636 2699 735 2741 Vol.
762 2699 837 2741 VI.
862 2710 905 2749 p.
934 2701 1022 2741 2¹12.
