2125 3084
240 186 323 251 [IL
350 184 471 249 337]
609 191 687 235 IN
730 190 1082 235 GENESIN.
1130 191 1382 235 SERMO
1419 192 1508 239 IV.
1749 187 1834 239 454

240 308 339 362 per
368 307 430 345 se
462 289 642 343 solum
669 289 791 342 sine
814 289 927 343 ullo
957 289 1065 343 alio
1091 296 1366 353 movetur,
1409 290 1476 343 ab
1497 291 1845 346 intellectua-

244 366 393 420 libus
414 380 515 435 per
534 380 593 417 se
614 362 804 417 adiuta
818 404 830 428 ,
873 380 1040 433 quam
1068 371 1403 417 caeterorum
1425 381 1643 435 quoque
1665 374 1844 421 motus

242 456 408 494 causa
438 437 526 507 fit,
577 439 827 510 vigorem
857 436 1130 491 exhibens
1161 447 1440 507 tamquam
1469 438 1586 493 dux
1611 440 1839 495 cohorti.

242 514 454 569 Sensus
474 521 677 577 autem,
708 521 769 566 ut
788 512 928 577 dixi,
953 512 1024 567 ab
1044 512 1298 567 rationali
1320 520 1608 566 moventur
1627 513 1696 568 ad
1717 532 1844 568 sen-

240 588 495 644 tiendum
522 594 911 658 praestentque
940 588 1154 658 corpori
1187 595 1240 641 et
1271 586 1524 657 partibus
1549 589 1844 657 operativis

242 664 397 719 velut
428 661 663 718 vocibus
686 659 817 717 ferri
840 660 910 717 ad
931 662 1208 717 naturales
1229 659 1320 733 (al.
1343 659 1412 716 ad
1431 661 1743 735 rationales)
1763 661 1846 717 ef-

240 738 439 794 fectus.

242 1010 322 1076 [⁸]
399 1008 560 1067 Quare
595 1008 799 1071 Laban,
848 1019 1104 1073 postquam
1141 1008 1328 1059 viderat
1361 1010 1410 1059 in
1451 1027 1614 1060 sorore
1656 1011 1846 1059 inaurea

380 1086 426 1126 et
454 1076 690 1138 armillas,
728 1076 850 1126 dixit
881 1076 1170 1126 adolescenti
1176 1096 1192 1125 .·
1233 1112 1268 1139 „
1292 1076 1432 1139 Veni,
1466 1077 1712 1143 inyredere
1738 1077 1842 1139 huc,

383 1143 619 1193 benedicte
638 1144 840 1193 domini!
883 1143 1053 1207 utquid
1074 1153 1176 1193 stas
1189 1144 1398 1208 sonk‘ff
1433 1149 1540 1209 (24,
1566 1151 1630 1195 30
1643 1146 1710 1205 s.)

367 1294 481 1345 ⁴⁴8.
511 1290 753 1347 Primum
772 1291 917 1346 illud
937 1292 1057 1346 vult
1079 1291 1356 1347 declarare
1371 1334 1385 1358 ‚
1416 1292 1566 1367 quod
1587 1294 1844 1366 quicum-

239 1382 355 1439 que
376 1366 683 1421 secundum
701 1383 925 1421 sensum
945 1366 1184 1438 praefert
1209 1379 1592 1441 argumentum
1619 1369 1842 1440 aliquod

240 1442 580 1513 exemplare,
602 1458 820 1513 semper
844 1441 986 1496 dono
1014 1444 1383 1514 corrumpitur
1402 1461 1500 1516 pro
1519 1446 1845 1499 necessitate

241 1536 273 1572 a
292 1532 577 1588 quoquam
596 1516 880 1580 sensibili,
921 1518 1189 1588 nequiens
1209 1518 1498 1591 quidpiam
1517 1522 1622 1575 rite
1644 1528 1698 1574 et
1716 1536 1846 1573 san-

242 1600 331 1647 cte
357 1590 609 1646 iudicare
634 1593 756 1647 sine
786 1591 954 1660 dono;
1006 1593 1228 1663 quando
1252 1610 1384 1648 vero
1409 1594 1598 1649 videat
1626 1610 1842 1657 aurum,

240 1674 407 1723 vocat
423 1666 495 1721 ad
516 1682 577 1721 se
590 1707 602 1729 ‚
628 1675 682 1721 et
702 1684 904 1722 vocans
924 1665 992 1738 (s.
1014 1667 1260 1741 vocatus)
1269 1684 1462 1723 servus
1483 1670 1537 1722 ei
1557 1668 1618 1722 fit
1634 1667 1850 1722 officio-

242 1758 364 1797 sus·
444 1740 669 1796 Adhaec
694 1742 863 1796 nimis
892 1742 1239 1806 naturaliter,
1283 1742 1485 1796 videns
1513 1741 1660 1796 illud
1686 1758 1848 1795 orna-

243 1824 498 1871 mentum
520 1817 757 1880 aurium,
770 1817 1037 1871 unitatem
1048 1819 1298 1886 inquam,
1312 1823 1365 1869 et
1381 1822 1633 1869 ornatum
1653 1831 1849 1868 manu-

244 1908 346 1947 um
364 1908 727 1963 operumque,
752 1890 1017 1947 decadem
1032 1932 1045 1954 ‚
1072 1889 1186 1945 fere
1207 1905 1474 1943 excussus
1497 1905 1528 1941 a
1548 1895 1733 1942 sancta
1753 1888 1849 1943 illa

248 1967 593 2037 apparitione
624 1964 837 2039 (forma)
866 1966 1170 2027 dominica,
1223 1965 1428 2035 gratias
1461 1961 1626 2017 refert
1653 1979 1850 2034 magna

246 2058 383 2096 voce
398 2082 410 2105 ,
455 2040 675 2095 dicens:
720 2042 1025 2095 Benedictus
1050 2044 1306 2093 dominus,
1383 2037 1630 2104 Quocum
1640 2036 1694 2109 *)
1721 2037 1852 2109 pul-

246 2116 383 2170 chra
410 2115 709 2186 disciplina
740 2115 1086 2186 pulchraque
1119 2130 1285 2185 opera
1323 2112 1708 2185 perficiuntur,
1761 2120 1852 2167 ut·

248 2206 490 2261 cumque
510 2189 686 2253 decet,
710 2191 985 2260 primitias
1004 2188 1296 2252 offerend0‚
1321 2189 1466 2244 sicut
1484 2197 1537 2244 et
1555 2188 1848 2243 verborum

247 2265 524 2336 primitias
540 2306 553 2328 ‚
614 2264 849 2319 verbum
896 2264 1204 2319 secundum
1241 2265 1536 2330 unitatem3
1599 2270 1852 2316 sanctum

248 2340 401 2394 enim
417 2348 481 2394 ut
498 2341 556 2394 in
578 2340 827 2395 numeris
846 2356 1019 2394 unum
1034 2378 1047 2401 ‚
1086 2340 1170 2393 sic
1193 2340 1358 2393 etiam
1379 2339 1437 2391 in
1458 2336 1704 2391 doctrina
1726 2351 1854 2389 ver-

248 2414 385 2469 bum
426 2422 535 2478 est,
596 2414 657 2467 in
696 2414 959 2485 operibus
998 2422 1180 2467 autem
1221 2410 1528 2469 secundum
1565 2406 1848 2470 decadem,

248 2490 382 2560 quia
397 2530 409 2554 ‚
435 2489 583 2545 sicut
603 2486 735 2544 finis
754 2497 839 2547 est
855 2490 917 2544 in
936 2490 1182 2544 numeris
1203 2487 1368 2543 decas
1380 2526 1393 2551 ‚
1417 2484 1550 2541 etin
1571 2481 1854 2539 discendis

248 2566 513 2636 operatio.

352 2737 397 2785 ⁵)
442 2749 478 2779 s.
506 2739 635 2786 Apud
660 2746 801 2786 quem,
828 2744 957 2777 nemu
982 2736 1198 2783 ambiguo.
1251 2732 1410 2773 Auch.
