2125 3084
353 159 450 211 334
635 159 833 206 PHIL.
857 159 1005 204 IUD.
1033 157 1364 214 QUAEsT.
1391 159 1493 202 ΕΤ
1522 161 1676 205 SOL.
1734 158 1825 222 [11.
1850 161 1971 226 486]

353 259 581 332 quidem
622 258 846 330 fugiunt
881 256 1091 311 bestiae
1130 264 1410 326 tamquam
1446 260 1741 328 proprium
1782 262 1967 316 domi-

353 351 488 390 num
508 333 813 388 hominem:
867 347 1036 401 quare
1057 347 1232 402 quum
1251 330 1459 401 populo
1478 332 1725 402 repletae
1744 336 1861 389 sint
1882 339 1965 390 ci-

353 410 550 463 vitates
565 448 577 471 ‚
611 407 839 461 minime
859 405 1188 472 adveniunt3
1250 404 1401 474 quod
1420 405 1469 458 si
1492 421 1627 459 vero
1646 407 1962 464 diminutae

352 485 490 546 sint,
529 498 638 535 una
657 496 780 534 cum
801 478 1203 532 habitatoribus
1224 478 1608 533 ambulabunt.
1688 479 1776 534 Ad
1799 499 1961 536 men-

351 566 462 612 tem
497 565 705 610 autem:
769 552 831 607 Si
861 551 1108 607 nondum
1136 569 1489 624 progressum
1519 552 1733 608 habens
1766 555 1827 608 in
1855 557 1959 610 do-

352 632 522 685 ctrina
563 643 783 700 operam
822 643 1019 690 naves,
1060 635 1123 680 ut
1162 628 1376 682 cunctis
1412 629 1654 698 peccatis
1687 628 1955 685 abscissis

351 704 519 759 simul
547 704 605 757 in
627 703 808 757 anima
829 700 1257 756 intellectionem
1276 700 1608 772 disciplinae
1628 719 1701 757 ex
1722 702 1957 760 adverso

352 780 598 834 habitare
627 777 822 839 facias,
867 773 1016 829 haud
1044 774 1344 845 prudenter
1382 776 1591 847 egeris3
1656 793 1766 832 non
1806 780 1954 833 enim

351 852 647 908 sustinebit
686 849 1015 904 ablationem
1052 865 1164 903 uno
1200 857 1472 904 momento
1501 849 1730 915 factam,
1774 869 1953 922 neque

351 930 676 981 immensam
715 922 1075 978 influxionem
1112 921 1389 977 doctrinae
1424 925 1693 994 portabit,
1736 926 1837 980 sed
1862 943 1953 980 se-

351 1001 595 1056 cundum
615 1007 904 1069 utramque
918 1038 930 1060 ‚
952 992 1167 1071 tum'[*]
1192 997 1589 1052 abscissionem
1605 1040 1617 1062 ,
1652 1007 1770 1053 tum
1792 999 1952 1054 addi-

349 1078 581 1138 tionem,
626 1071 860 1128 afflictus
889 1071 1185 1140 doloreque
1214 1069 1437 1125 affectus
1467 1074 1687 1127 animus
1718 1075 1947 1129 resiliet.

351 1151 457 1216 Qui
499 1165 628 1202 vero
655 1146 952 1216 tranquille
983 1161 1046 1199 ac
1074 1144 1349 1199 moderate
1379 1146 1533 1200 eiicit
1558 1147 1832 1216 paulatim
1862 1152 1950 1203 in-

351 1222 714 1278 eruditionem
730 1261 742 1283 ‚
787 1219 972 1274 addita
1000 1218 1298 1290 disciplina
1318 1219 1579 1275 honestae
1600 1221 1860 1276 utilitatis
1881 1239 1951 1276 ex

351 1296 600 1352 confesso
639 1309 804 1348 causa
841 1293 1089 1348 exsistet.
1185 1292 1453 1359 Quoniam
1492 1311 1595 1348 nec
1631 1295 1885 1351 medicus
1897 1297 1949 1368 ³¹⁶)

351 1369 721 1443 peritissimus
742 1375 959 1439 aegroto
981 1384 1090 1422 una
1109 1366 1199 1422 die
1221 1383 1437 1422 omnem
1456 1366 1627 1422 simul
1654 1371 1949 1425 sanitatem

350 1444 592 1500 tribuere
626 1439 836 1504 studet,
879 1443 1013 1495 satis
1041 1442 1323 1506 conscius,
1364 1441 1515 1512 quod
1551 1441 1950 1500 detrimentum

349 1518 532 1590 potius
563 1515 718 1580 facit,
759 1532 924 1587 quam
951 1515 1272 1582 utilitatem3
1334 1514 1433 1569 sed
1453 1519 1787 1572 mensuratis
1808 1528 1950 1573 tem·-

348 1591 578 1664 poribus
608 1589 892 1645 distribuit
920 1589 1183 1654 salutem,
1225 1598 1388 1660 atque
1415 1589 1523 1644 alia
1544 1590 1603 1644 in
1625 1589 1760 1646 hora
1781 1593 1948 1648 aliam

349 1665 591 1721 inferens
620 1666 953 1720 medicinam
983 1665 1117 1718 mite
1153 1665 1440 1718 sanitatem
1480 1673 1758 1734 operatur.
1840 1666 1947 1734 Qui

352 1758 478 1796 vero
507 1742 880 1811 importunus,
928 1755 1187 1810 arrogans
1216 1746 1270 1793 et
1296 1746 1590 1792 contumax
1620 1749 1706 1793 est
1736 1739 1806 1795 ad
1836 1758 1943 1795 una

348 1817 472 1869 vice
503 1814 899 1869 abscidendum
936 1830 998 1867 ac
1025 1811 1192 1867 simul
1224 1812 1738 1884 superaddendum,
1782 1824 1946 1887 auget

350 1892 530 1960 potius
553 1889 803 1944 morbum
819 1929 831 1952 ‚
855 1903 1023 1959 quam
1042 1885 1322 1941 diminuit.

447 2077 540 2127 C'ur
573 2113 608 2140 „
622 2078 950 2142 offendiculum
963 2081 997 2107 “
1031 2078 1244 2142 appellat
1278 2076 1531 2128 alienorum
1543 2073 1620 2137 ⁸⁸⁸²)
1658 2076 1850 2127 deorum

855 2145 1150 2194 servitutem?
1188 2146 1294 2210 (23,
1316 2145 1425 2208 33.)

459 2262 543 2314 26.
597 2258 752 2313 Sicut
778 2259 876 2328 qui
905 2256 1347 2314 scandalizantur
1376 2259 1525 2311 sanis
1554 2256 1826 2327 pedibus,
1880 2273 1942 2311 eo

348 2336 470 2404 ipso
514 2331 662 2402 quod
703 2348 808 2385 non
839 2340 1068 2401 possunt
1094 2332 1314 2404 longius
1342 2330 1663 2402 procedere,
1709 2330 1819 2385 fine
1849 2331 1943 2384 iti-

349 2408 498 2461 neris
542 2406 939 2467 destituuntur‚
999 2406 1110 2458 iam
1145 2408 1301 2475 prius
1339 2405 1692 2459 desistentes:
1764 2405 1848 2458 sic
1891 2411 1943 2456 et

349 2482 566 2534 animus
596 2478 666 2534 ad
693 2480 949 2549 pietatem
979 2478 1284 2534 conductus
1312 2478 1489 2534 facere
1514 2495 1635 2532 eam
1657 2477 1808 2531 viam
1836 2478 1936 2530 im-

448 2617 492 2661 *)
519 2617 584 2656 Cf.
612 2627 741 2664 supra
765 2617 860 2656 v01.
887 2617 962 2658 VI.
988 2628 1032 2666 p.
1058 2619 1148 2657 232.

448 2681 516 2727 ·*)
559 2680 626 2720 Ad
653 2683 828 2722 verbum
855 2684 1211 2723 heterodoxorum.
1263 2683 1425 2722 Auch.
