<?xml version="1.0" encoding="UTF-8"?>
<!DOCTYPE html PUBLIC "-//W3C//DTD XHTML 1.0 Transitional//EN"
    "http://www.w3.org/TR/xhtml1/DTD/xhtml1-transitional.dtd">
<html xmlns="http://www.w3.org/1999/xhtml" xml:lang="en" lang="en">
 <head>
  <title>
</title>
<meta http-equiv="Content-Type" content="text/html;charset=utf-8" />
  <meta name='ocr-system' content='tesseract 3.04.00' />
  <meta name='ocr-capabilities' content='ocr_page ocr_carea ocr_par ocr_line ocrx_word'/>
</head>
<body>
  <div class='ocr_page' id='page_1' title='image "./philonisiudaeio00alejgoog_0424.png"; bbox 0 0 2125 3084; ppageno 0'>
   <div class='ocr_carea' id='block_1_1' title="bbox 214 186 1812 267">
    <p class='ocr_par' dir='ltr' id='par_1_1' title="bbox 214 186 1812 267">
     <span class='ocr_line' id='line_1_1' title="bbox 214 186 1812 267; baseline 0.001 -27"><span class='ocrx_word' id='word_1_1' title='bbox 214 189 303 255; x_wconf 90' lang='lat'><em>[11,</em></span> <span class='ocrx_word' id='word_1_2' title='bbox 327 186 445 252; x_wconf 58' lang='lat' dir='ltr'><strong>ssa]</strong></span> <span class='ocrx_word' id='word_1_3' title='bbox 594 191 847 237; x_wconf 71' lang='lat' dir='ltr'><strong>summ</strong></span> <span class='ocrx_word' id='word_1_4' title='bbox 883 191 983 236; x_wconf 85' lang='lat' dir='ltr'><strong>DE</strong></span> <span class='ocrx_word' id='word_1_5' title='bbox 1022 191 1438 267; x_wconf 70' lang='lat' dir='ltr'><strong>sAMPspun.</strong></span> <span class='ocrx_word' id='word_1_6' title='bbox 1713 188 1812 242; x_wconf 72' lang='grc'><strong>409</strong></span> 
     </span>
    </p>
   </div>
   <div class='ocr_carea' id='block_1_2' title="bbox 176 284 1817 668">
    <p class='ocr_par' dir='ltr' id='par_1_2' title="bbox 176 284 1817 668">
     <span class='ocr_line' id='line_1_2' title="bbox 212 284 1812 361; baseline 0.001 -11"><span class='ocrx_word' id='word_1_7' title='bbox 212 291 413 357; x_wconf 84' lang='lat' dir='ltr'><strong>catuli,</strong></span> <span class='ocrx_word' id='word_1_8' title='bbox 446 291 681 347; x_wconf 89' lang='lat' dir='ltr'><strong>interius</strong></span> <span class='ocrx_word' id='word_1_9' title='bbox 702 284 890 347; x_wconf 69' lang='lat' dir='ltr'><strong>favum</strong></span> <span class='ocrx_word' id='word_1_10' title='bbox 910 308 1193 361; x_wconf 87' lang='lat' dir='ltr'><strong>paravere.</strong></span> <span class='ocrx_word' id='word_1_11' title='bbox 1269 291 1370 347; x_wconf 88' lang='lat' dir='ltr'><strong>Ille</strong></span> <span class='ocrx_word' id='word_1_12' title='bbox 1393 300 1571 351; x_wconf 87' lang='lat' dir='ltr'><strong>autem</strong></span> <span class='ocrx_word' id='word_1_13' title='bbox 1588 335 1600 359; x_wconf 96' lang='lat'><strong>‚</strong></span> <span class='ocrx_word' id='word_1_14' title='bbox 1630 296 1812 351; x_wconf 80' lang='lat' dir='ltr'><strong>varias</strong></span> 
     </span>
     <span class='ocr_line' id='line_1_3' title="bbox 214 366 1812 437; baseline 0.001 -13"><span class='ocrx_word' id='word_1_15' title='bbox 214 385 447 424; x_wconf 87' lang='lat' dir='ltr'><strong>cernens</strong></span> <span class='ocrx_word' id='word_1_16' title='bbox 469 368 743 423; x_wconf 81' lang='lat' dir='ltr'><strong>claritates</strong></span> <span class='ocrx_word' id='word_1_17' title='bbox 763 368 823 422; x_wconf 90' lang='lat' dir='ltr'><strong>in</strong></span> <span class='ocrx_word' id='word_1_18' title='bbox 846 382 1011 437; x_wconf 83' lang='lat' dir='ltr'><strong>apum</strong></span> <span class='ocrx_word' id='word_1_19' title='bbox 1032 366 1421 432; x_wconf 70' lang='lat' dir='ltr'><strong>elaboratione,</strong></span> <span class='ocrx_word' id='word_1_20' title='bbox 1446 367 1588 423; x_wconf 88' lang='lat' dir='ltr'><strong>favis</strong></span> <span class='ocrx_word' id='word_1_21' title='bbox 1610 369 1812 425; x_wconf 77' lang='lat' dir='ltr'><strong>clarius</strong></span> 
     </span>
     <span class='ocr_line' id='line_1_4' title="bbox 211 441 1816 516; baseline 0.002 -18"><span class='ocrx_word' id='word_1_22' title='bbox 211 443 498 516; x_wconf 78' lang='lat' dir='ltr'><strong>problema</strong></span> <span class='ocrx_word' id='word_1_23' title='bbox 536 441 741 497; x_wconf 86' lang='lat' dir='ltr'><strong>effecit:</strong></span> <span class='ocrx_word' id='word_1_24' title='bbox 785 441 1045 513; x_wconf 88' lang='lat' dir='ltr'><strong>quoniam</strong></span> <span class='ocrx_word' id='word_1_25' title='bbox 1083 441 1152 495; x_wconf 91' lang='lat' dir='ltr'><strong>ab</strong></span> <span class='ocrx_word' id='word_1_26' title='bbox 1189 458 1280 505; x_wconf 83' lang='lat' dir='ltr'><strong>eo,</strong></span> <span class='ocrx_word' id='word_1_27' title='bbox 1323 442 1421 513; x_wconf 91' lang='lat' dir='ltr'><strong>qui</strong></span> <span class='ocrx_word' id='word_1_28' title='bbox 1451 442 1590 507; x_wconf 82' lang='lat' dir='ltr'><strong>edit,</strong></span> <span class='ocrx_word' id='word_1_29' title='bbox 1633 461 1816 501; x_wconf 85' lang='lat' dir='ltr'><strong>escam</strong></span> 
     </span>
     <span class='ocr_line' id='line_1_5' title="bbox 176 516 1817 589; baseline 0 -16"><span class='ocrx_word' id='word_1_30' title='bbox 176 546 185 553; x_wconf 95' lang='lat'>·</span> <span class='ocrx_word' id='word_1_31' title='bbox 214 519 458 573; x_wconf 90' lang='lat' dir='ltr'><strong>educens</strong></span> <span class='ocrx_word' id='word_1_32' title='bbox 481 525 537 573; x_wconf 89' lang='lat' dir='ltr'><strong>et</strong></span> <span class='ocrx_word' id='word_1_33' title='bbox 554 517 625 573; x_wconf 88' lang='lat' dir='ltr'><strong>ab</strong></span> <span class='ocrx_word' id='word_1_34' title='bbox 645 516 867 572; x_wconf 90' lang='lat' dir='ltr'><strong>robusto</strong></span> <span class='ocrx_word' id='word_1_35' title='bbox 887 516 995 572; x_wconf 91' lang='lat' dir='ltr'><strong>mel</strong></span> <span class='ocrx_word' id='word_1_36' title='bbox 1015 516 1328 587; x_wconf 89' lang='lat' dir='ltr'><strong>suscipiens</strong></span> <span class='ocrx_word' id='word_1_37' title='bbox 1344 557 1357 580; x_wconf 91' lang='lat'>‚</span> <span class='ocrx_word' id='word_1_38' title='bbox 1382 516 1538 582; x_wconf 86' lang='lat' dir='ltr'><strong>fecit,</strong></span> <span class='ocrx_word' id='word_1_39' title='bbox 1562 517 1711 589; x_wconf 89' lang='lat' dir='ltr'><strong>quod</strong></span> <span class='ocrx_word' id='word_1_40' title='bbox 1727 521 1817 574; x_wconf 87' lang='lat' dir='ltr'><strong>vi-·</strong></span> 
     </span>
     <span class='ocr_line' id='line_1_6' title="bbox 214 591 1816 668; baseline -0.001 -18"><span class='ocrx_word' id='word_1_41' title='bbox 214 593 475 658; x_wconf 87' lang='lat' dir='ltr'><strong>debatur,</strong></span> <span class='ocrx_word' id='word_1_42' title='bbox 520 591 803 668; x_wconf 83' lang='lat' dir='ltr'><strong>problema</strong></span> <span class='ocrx_word' id='word_1_43' title='bbox 830 599 885 647; x_wconf 90' lang='lat' dir='ltr'><strong>et</strong></span> <span class='ocrx_word' id='word_1_44' title='bbox 922 592 1176 647; x_wconf 72' lang='lat' dir='ltr'><strong>convivis</strong></span> <span class='ocrx_word' id='word_1_45' title='bbox 1205 592 1524 664; x_wconf 84' lang='lat' dir='ltr'><strong>nuptiarum</strong></span> <span class='ocrx_word' id='word_1_46' title='bbox 1559 594 1816 664; x_wconf 86' lang='lat' dir='ltr'><strong>proponit</strong></span> 
     </span>
    </p>
   </div>
   <div class='ocr_carea' id='block_1_3' title="bbox 212 668 521 725">
    <p class='ocr_par' dir='ltr' id='par_1_3' title="bbox 212 668 521 725">
     <span class='ocr_line' id='line_1_7' title="bbox 212 668 521 725; baseline -0.006 0"><span class='ocrx_word' id='word_1_47' title='bbox 212 670 321 725; x_wconf 88' lang='lat' dir='ltr'><strong>hoc</strong></span> <span class='ocrx_word' id='word_1_48' title='bbox 338 668 521 724; x_wconf 90' lang='lat' dir='ltr'><strong>modo.</strong></span> 
     </span>
    </p>
   </div>
   <div class='ocr_carea' id='block_1_4' title="bbox 198 842 1818 2801">
    <p class='ocr_par' dir='ltr' id='par_1_4' title="bbox 198 842 1818 2801">
     <span class='ocr_line' id='line_1_8' title="bbox 328 842 1809 915; baseline 0.001 -16"><span class='ocrx_word' id='word_1_49' title='bbox 328 846 413 899; x_wconf 82' lang='lat'><strong>30.</strong></span> <span class='ocrx_word' id='word_1_50' title='bbox 470 842 527 913; x_wconf 46' lang='lat' dir='ltr'><strong>,O</strong></span> <span class='ocrx_word' id='word_1_51' title='bbox 567 842 700 907; x_wconf 85' lang='lat' dir='ltr'><strong>viri,</strong></span> <span class='ocrx_word' id='word_1_52' title='bbox 758 842 857 914; x_wconf 90' lang='lat' dir='ltr'><strong>qui</strong></span> <span class='ocrx_word' id='word_1_53' title='bbox 896 850 1214 914; x_wconf 85' lang='lat' dir='ltr'><strong>praesentes</strong></span> <span class='ocrx_word' id='word_1_54' title='bbox 1249 843 1473 915; x_wconf 86' lang='lat' dir='ltr'><strong>nuptias</strong></span> <span class='ocrx_word' id='word_1_55' title='bbox 1512 843 1809 908; x_wconf 72' lang='lat' dir='ltr'><strong>bonoratiS,</strong></span> 
     </span>
     <span class='ocr_line' id='line_1_9' title="bbox 209 916 1812 993; baseline 0.001 -20"><span class='ocrx_word' id='word_1_56' title='bbox 209 917 675 992; x_wconf 76' lang='lat' dir='ltr'><strong>quandoquidem‘</strong></span> <span class='ocrx_word' id='word_1_57' title='bbox 694 918 951 973; x_wconf 86' lang='lat' dir='ltr'><strong>convenit</strong></span> <span class='ocrx_word' id='word_1_58' title='bbox 988 918 1222 989; x_wconf 85' lang='lat' dir='ltr'><strong>tempori</strong></span> <span class='ocrx_word' id='word_1_59' title='bbox 1260 935 1368 973; x_wconf 93' lang='lat' dir='ltr'><strong>non</strong></span> <span class='ocrx_word' id='word_1_60' title='bbox 1399 919 1579 974; x_wconf 91' lang='lat' dir='ltr'><strong>solum</strong></span> <span class='ocrx_word' id='word_1_61' title='bbox 1605 916 1812 993; x_wconf 73' lang='lat' dir='ltr'><strong>‘corpus</strong></span> 
     </span>
     <span class='ocr_line' id='line_1_10' title="bbox 211 992 1810 1061; baseline 0 -11"><span class='ocrx_word' id='word_1_62' title='bbox 211 994 389 1057; x_wconf 82' lang='lat' dir='ltr'><strong>cibis,</strong></span> <span class='ocrx_word' id='word_1_63' title='bbox 430 1009 624 1049; x_wconf 87' lang='lat' dir='ltr'><strong>verum</strong></span> <span class='ocrx_word' id='word_1_64' title='bbox 655 994 821 1049; x_wconf 90' lang='lat' dir='ltr'><strong>etiam</strong></span> <span class='ocrx_word' id='word_1_65' title='bbox 850 992 1098 1047; x_wconf 90' lang='lat' dir='ltr'><strong>animum</strong></span> <span class='ocrx_word' id='word_1_66' title='bbox 1127 993 1476 1049; x_wconf 82' lang='lat' dir='ltr'><strong>sermonibus</strong></span> <span class='ocrx_word' id='word_1_67' title='bbox 1498 993 1810 1061; x_wconf 85' lang='lat' dir='ltr'><strong>laetificare,</strong></span> 
     </span>
     <span class='ocr_line' id='line_1_11' title="bbox 212 1066 1814 1143; baseline -0.001 -18"><span class='ocrx_word' id='word_1_68' title='bbox 212 1086 321 1143; x_wconf 83' lang='lat' dir='ltr'><strong>ego</strong></span> <span class='ocrx_word' id='word_1_69' title='bbox 340 1066 499 1123; x_wconf 84' lang='lat' dir='ltr'><strong>vobis</strong></span> <span class='ocrx_word' id='word_1_70' title='bbox 518 1068 617 1139; x_wconf 89' lang='lat' dir='ltr'><strong>qui</strong></span> <span class='ocrx_word' id='word_1_71' title='bbox 638 1068 842 1123; x_wconf 87' lang='lat' dir='ltr'><strong>adestis</strong></span> <span class='ocrx_word' id='word_1_72' title='bbox 857 1108 870 1132; x_wconf 90' lang='lat'>,</span> <span class='ocrx_word' id='word_1_73' title='bbox 906 1067 1146 1122; x_wconf 90' lang='lat' dir='ltr'><strong>laetitiae</strong></span> <span class='ocrx_word' id='word_1_74' title='bbox 1174 1068 1337 1123; x_wconf 88' lang='lat' dir='ltr'><strong>istius</strong></span> <span class='ocrx_word' id='word_1_75' title='bbox 1354 1070 1694 1142; x_wconf 90' lang='lat' dir='ltr'><strong>principium</strong></span> <span class='ocrx_word' id='word_1_76' title='bbox 1711 1086 1814 1141; x_wconf 92' lang='lat' dir='ltr'><strong>po-</strong></span> 
     </span>
     <span class='ocr_line' id='line_1_12' title="bbox 209 1140 1814 1218; baseline -0.001 -17"><span class='ocrx_word' id='word_1_77' title='bbox 209 1160 345 1201; x_wconf 87' lang='lat' dir='ltr'><strong>nam</strong></span> <span class='ocrx_word' id='word_1_78' title='bbox 370 1142 680 1218; x_wconf 86' lang='lat' dir='ltr'><strong>problema,</strong></span> <span class='ocrx_word' id='word_1_79' title='bbox 739 1159 846 1198; x_wconf 89' lang='lat' dir='ltr'><strong>non</strong></span> <span class='ocrx_word' id='word_1_80' title='bbox 875 1140 1218 1208; x_wconf 87' lang='lat' dir='ltr'><strong>fabulosum,</strong></span> <span class='ocrx_word' id='word_1_81' title='bbox 1271 1142 1371 1198; x_wconf 90' lang='lat' dir='ltr'><strong>sed</strong></span> <span class='ocrx_word' id='word_1_82' title='bbox 1409 1145 1676 1200; x_wconf 84' lang='lat' dir='ltr'><strong>veraciter</strong></span> <span class='ocrx_word' id='word_1_83' title='bbox 1715 1145 1814 1201; x_wconf 86' lang='lat' dir='ltr'><strong>ad-</strong></span> 
     </span>
     <span class='ocr_line' id='line_1_13' title="bbox 212 1217 1816 1293; baseline 0.001 -17"><span class='ocrx_word' id='word_1_84' title='bbox 212 1225 483 1293; x_wconf 88' lang='lat' dir='ltr'><strong>aptatum.</strong></span> <span class='ocrx_word' id='word_1_85' title='bbox 560 1217 717 1285; x_wconf 89' lang='lat' dir='ltr'><strong>Quod</strong></span> <span class='ocrx_word' id='word_1_86' title='bbox 736 1225 917 1273; x_wconf 89' lang='lat' dir='ltr'><strong>autem</strong></span> <span class='ocrx_word' id='word_1_87' title='bbox 936 1235 1133 1274; x_wconf 83' lang='lat' dir='ltr'><strong>verum</strong></span> <span class='ocrx_word' id='word_1_88' title='bbox 1152 1226 1236 1273; x_wconf 88' lang='lat' dir='ltr'><strong>est</strong></span> <span class='ocrx_word' id='word_1_89' title='bbox 1256 1217 1490 1285; x_wconf 91' lang='lat' dir='ltr'><strong>dictum,</strong></span> <span class='ocrx_word' id='word_1_90' title='bbox 1515 1221 1720 1283; x_wconf 84' lang='lat' dir='ltr'><strong>mulcta</strong></span> <span class='ocrx_word' id='word_1_91' title='bbox 1741 1222 1816 1277; x_wconf 91' lang='lat' dir='ltr'><strong>sit</strong></span> 
     </span>
     <span class='ocr_line' id='line_1_14' title="bbox 206 1292 1814 1368; baseline 0.001 -18"><span class='ocrx_word' id='word_1_92' title='bbox 206 1292 543 1368; x_wconf 86' lang='lat' dir='ltr'><strong>proponenti</strong></span> <span class='ocrx_word' id='word_1_93' title='bbox 566 1293 878 1366; x_wconf 85' lang='lat' dir='ltr'><strong>problema,</strong></span> <span class='ocrx_word' id='word_1_94' title='bbox 922 1295 971 1347; x_wconf 91' lang='lat' dir='ltr'><strong>si</strong></span> <span class='ocrx_word' id='word_1_95' title='bbox 1002 1294 1363 1366; x_wconf 86' lang='lat' dir='ltr'><strong>sapientiores</strong></span> <span class='ocrx_word' id='word_1_96' title='bbox 1393 1304 1688 1367; x_wconf 85' lang='lat' dir='ltr'><strong>appareant</strong></span> <span class='ocrx_word' id='word_1_97' title='bbox 1713 1314 1814 1351; x_wconf 88' lang='lat' dir='ltr'><strong>au-</strong></span> 
     </span>
     <span class='ocr_line' id='line_1_15' title="bbox 212 1366 1813 1437; baseline 0.001 -11"><span class='ocrx_word' id='word_1_98' title='bbox 212 1371 421 1426; x_wconf 86' lang='lat' dir='ltr'><strong>ditores</strong></span> <span class='ocrx_word' id='word_1_99' title='bbox 450 1366 510 1423; x_wconf 88' lang='lat' dir='ltr'><strong>in</strong></span> <span class='ocrx_word' id='word_1_100' title='bbox 526 1368 821 1437; x_wconf 84' lang='lat' dir='ltr'><strong>solvendo3</strong></span> <span class='ocrx_word' id='word_1_101' title='bbox 867 1376 921 1423; x_wconf 87' lang='lat' dir='ltr'><strong>et</strong></span> <span class='ocrx_word' id='word_1_102' title='bbox 940 1368 1156 1423; x_wconf 86' lang='lat' dir='ltr'><strong>lucrum</strong></span> <span class='ocrx_word' id='word_1_103' title='bbox 1175 1371 1226 1424; x_wconf 91' lang='lat' dir='ltr'><strong>ei</strong></span> <span class='ocrx_word' id='word_1_104' title='bbox 1249 1369 1440 1425; x_wconf 89' lang='lat' dir='ltr'><strong>itidem</strong></span> <span class='ocrx_word' id='word_1_105' title='bbox 1457 1414 1469 1437; x_wconf 92' lang='lat'>‚</span> <span class='ocrx_word' id='word_1_106' title='bbox 1513 1373 1561 1426; x_wconf 89' lang='lat' dir='ltr'><strong>si</strong></span> <span class='ocrx_word' id='word_1_107' title='bbox 1591 1373 1724 1427; x_wconf 87' lang='lat' dir='ltr'><strong>istos</strong></span> <span class='ocrx_word' id='word_1_108' title='bbox 1753 1373 1813 1426; x_wconf 91' lang='lat' dir='ltr'><strong>in</strong></span> 
     </span>
     <span class='ocr_line' id='line_1_16' title="bbox 209 1442 1813 1519; baseline 0 -18"><span class='ocrx_word' id='word_1_109' title='bbox 209 1444 462 1501; x_wconf 88' lang='lat' dir='ltr'><strong>consiliis</strong></span> <span class='ocrx_word' id='word_1_110' title='bbox 480 1460 583 1517; x_wconf 89' lang='lat' dir='ltr'><strong>per</strong></span> <span class='ocrx_word' id='word_1_111' title='bbox 601 1460 769 1499; x_wconf 88' lang='lat' dir='ltr'><strong>unam</strong></span> <span class='ocrx_word' id='word_1_112' title='bbox 778 1442 1146 1499; x_wconf 86' lang='lat' dir='ltr'><strong>obiectionem</strong></span> <span class='ocrx_word' id='word_1_113' title='bbox 1155 1448 1524 1517; x_wconf 85' lang='lat' dir='ltr'><strong>superaverit:</strong></span> <span class='ocrx_word' id='word_1_114' title='bbox 1550 1448 1813 1519; x_wconf 89' lang='lat' dir='ltr'><strong>quoniam</strong></span> 
     </span>
     <span class='ocr_line' id='line_1_17' title="bbox 209 1516 1814 1593; baseline 0 -16"><span class='ocrx_word' id='word_1_115' title='bbox 209 1530 295 1578; x_wconf 90' lang='lat' dir='ltr'><strong>est</strong></span> <span class='ocrx_word' id='word_1_116' title='bbox 314 1529 369 1576; x_wconf 90' lang='lat' dir='ltr'><strong>et</strong></span> <span class='ocrx_word' id='word_1_117' title='bbox 386 1537 487 1593; x_wconf 88' lang='lat' dir='ltr'><strong>per</strong></span> <span class='ocrx_word' id='word_1_118' title='bbox 505 1536 566 1574; x_wconf 86' lang='lat' dir='ltr'><strong>se</strong></span> <span class='ocrx_word' id='word_1_119' title='bbox 584 1535 832 1574; x_wconf 88' lang='lat' dir='ltr'><strong>seorsum</strong></span> <span class='ocrx_word' id='word_1_120' title='bbox 853 1518 1114 1575; x_wconf 89' lang='lat' dir='ltr'><strong>decorum</strong></span> <span class='ocrx_word' id='word_1_121' title='bbox 1133 1521 1436 1593; x_wconf 89' lang='lat' dir='ltr'><strong>problema,</strong></span> <span class='ocrx_word' id='word_1_122' title='bbox 1461 1516 1664 1578; x_wconf 82' lang='lat' dir='ltr'><strong>clarius</strong></span> <span class='ocrx_word' id='word_1_123' title='bbox 1685 1522 1814 1580; x_wconf 88' lang='lat' dir='ltr'><strong>red-</strong></span> 
     </span>
     <span class='ocr_line' id='line_1_18' title="bbox 206 1594 1812 1672; baseline 0 -18"><span class='ocrx_word' id='word_1_124' title='bbox 206 1598 359 1653; x_wconf 86' lang='lat' dir='ltr'><strong>ditur</strong></span> <span class='ocrx_word' id='word_1_125' title='bbox 377 1613 449 1651; x_wconf 80' lang='lat' dir='ltr'><strong>ex</strong></span> <span class='ocrx_word' id='word_1_126' title='bbox 466 1594 577 1650; x_wconf 89' lang='lat' dir='ltr'><strong>fine</strong></span> <span class='ocrx_word' id='word_1_127' title='bbox 594 1594 892 1667; x_wconf 81' lang='lat' dir='ltr'><strong>pactionis3</strong></span> <span class='ocrx_word' id='word_1_128' title='bbox 930 1596 1135 1650; x_wconf 86' lang='lat' dir='ltr'><strong>etenim</strong></span> <span class='ocrx_word' id='word_1_129' title='bbox 1157 1597 1502 1653; x_wconf 88' lang='lat' dir='ltr'><strong>auditoribus</strong></span> <span class='ocrx_word' id='word_1_130' title='bbox 1525 1598 1664 1654; x_wconf 88' lang='lat' dir='ltr'><strong>lucri</strong></span> <span class='ocrx_word' id='word_1_131' title='bbox 1684 1616 1812 1672; x_wconf 81' lang='lat' dir='ltr'><strong>gra-</strong></span> 
     </span>
     <span class='ocr_line' id='line_1_19' title="bbox 206 1670 1812 1745; baseline -0.001 -15"><span class='ocrx_word' id='word_1_132' title='bbox 206 1675 286 1730; x_wconf 88' lang='lat' dir='ltr'><strong>tia</strong></span> <span class='ocrx_word' id='word_1_133' title='bbox 314 1672 567 1745; x_wconf 85' lang='lat' dir='ltr'><strong>superari</strong></span> <span class='ocrx_word' id='word_1_134' title='bbox 602 1670 929 1727; x_wconf 69' lang='lat' dir='ltr'><strong>nolentibus,</strong></span> <span class='ocrx_word' id='word_1_135' title='bbox 960 1679 1014 1725; x_wconf 91' lang='lat' dir='ltr'><strong>et</strong></span> <span class='ocrx_word' id='word_1_136' title='bbox 1050 1672 1282 1727; x_wconf 84' lang='lat' dir='ltr'><strong>verbum</strong></span> <span class='ocrx_word' id='word_1_137' title='bbox 1323 1672 1647 1745; x_wconf 84' lang='lat' dir='ltr'><strong>diligentius</strong></span> <span class='ocrx_word' id='word_1_138' title='bbox 1683 1690 1812 1745; x_wconf 92' lang='lat' dir='ltr'><strong>per-</strong></span> 
     </span>
     <span class='ocr_line' id='line_1_20' title="bbox 198 1746 1812 1818; baseline 0 -15"><span class='ocrx_word' id='word_1_139' title='bbox 198 1746 587 1803; x_wconf 67' lang='lat' dir='ltr'><strong>scrutantibus</strong></span> <span class='ocrx_word' id='word_1_140' title='bbox 602 1786 615 1809; x_wconf 90' lang='lat'>,</span> <span class='ocrx_word' id='word_1_141' title='bbox 635 1746 991 1818; x_wconf 88' lang='lat' dir='ltr'><strong>proponentis</strong></span> <span class='ocrx_word' id='word_1_142' title='bbox 1013 1746 1203 1802; x_wconf 87' lang='lat' dir='ltr'><strong>damni</strong></span> <span class='ocrx_word' id='word_1_143' title='bbox 1221 1748 1472 1803; x_wconf 89' lang='lat' dir='ltr'><strong>timorem</strong></span> <span class='ocrx_word' id='word_1_144' title='bbox 1486 1789 1498 1811; x_wconf 87' lang='lat'>‚</span> <span class='ocrx_word' id='word_1_145' title='bbox 1529 1746 1812 1818; x_wconf 80' lang='lat' dir='ltr'><strong>duplicem</strong></span> 
     </span>
     <span class='ocr_line' id='line_1_21' title="bbox 204 1820 1812 1895; baseline -0.001 -16"><span class='ocrx_word' id='word_1_146' title='bbox 204 1823 551 1893; x_wconf 82' lang='lat' dir='ltr'><strong>voluptatem</strong></span> <span class='ocrx_word' id='word_1_147' title='bbox 578 1828 704 1891; x_wconf 91' lang='lat' dir='ltr'><strong>post</strong></span> <span class='ocrx_word' id='word_1_148' title='bbox 738 1822 1026 1877; x_wconf 85' lang='lat' dir='ltr'><strong>victoriam</strong></span> <span class='ocrx_word' id='word_1_149' title='bbox 1063 1822 1418 1894; x_wconf 86' lang='lat' dir='ltr'><strong>comperiant.</strong></span> <span class='ocrx_word' id='word_1_150' title='bbox 1505 1820 1652 1887; x_wconf 88' lang='lat' dir='ltr'><strong>Quid</strong></span> <span class='ocrx_word' id='word_1_151' title='bbox 1681 1839 1812 1895; x_wconf 80' lang='lat' dir='ltr'><strong>ergo</strong></span> 
     </span>
     <span class='ocr_line' id='line_1_22' title="bbox 207 1895 1812 1971; baseline -0.002 -16"><span class='ocrx_word' id='word_1_152' title='bbox 207 1898 317 1955; x_wconf 87' lang='lat' dir='ltr'><strong>erit</strong></span> <span class='ocrx_word' id='word_1_153' title='bbox 336 1897 553 1951; x_wconf 86' lang='lat' dir='ltr'><strong>lucrum</strong></span> <span class='ocrx_word' id='word_1_154' title='bbox 573 1896 769 1952; x_wconf 83' lang='lat' dir='ltr'><strong>victori</strong></span> <span class='ocrx_word' id='word_1_155' title='bbox 789 1905 841 1953; x_wconf 90' lang='lat' dir='ltr'><strong>et</strong></span> <span class='ocrx_word' id='word_1_156' title='bbox 860 1897 1000 1971; x_wconf 90' lang='lat' dir='ltr'><strong>quid</strong></span> <span class='ocrx_word' id='word_1_157' title='bbox 1017 1896 1281 1952; x_wconf 88' lang='lat' dir='ltr'><strong>damnum</strong></span> <span class='ocrx_word' id='word_1_158' title='bbox 1293 1897 1456 1958; x_wconf 84' lang='lat' dir='ltr'><strong>vict0,</strong></span> <span class='ocrx_word' id='word_1_159' title='bbox 1474 1895 1684 1951; x_wconf 88' lang='lat' dir='ltr'><strong>audite:</strong></span> <span class='ocrx_word' id='word_1_160' title='bbox 1710 1899 1812 1952; x_wconf 91' lang='lat' dir='ltr'><strong>tri-</strong></span> 
     </span>
     <span class='ocr_line' id='line_1_23' title="bbox 207 1968 1810 2048; baseline -0.001 -20"><span class='ocrx_word' id='word_1_161' title='bbox 207 1974 369 2048; x_wconf 81' lang='lat' dir='ltr'><strong>ginta</strong></span> <span class='ocrx_word' id='word_1_162' title='bbox 382 1989 481 2029; x_wconf 84' lang='lat' dir='ltr'><strong>vos</strong></span> <span class='ocrx_word' id='word_1_163' title='bbox 501 1972 661 2037; x_wconf 87' lang='lat' dir='ltr'><strong>estis,</strong></span> <span class='ocrx_word' id='word_1_164' title='bbox 688 1968 761 2048; x_wconf 70' lang='lat'><strong><em>[³¹⁵]</em></strong></span> <span class='ocrx_word' id='word_1_165' title='bbox 786 1974 886 2045; x_wconf 89' lang='lat' dir='ltr'><strong>qui</strong></span> <span class='ocrx_word' id='word_1_166' title='bbox 906 1973 1192 2045; x_wconf 84' lang='lat' dir='ltr'><strong>inquiritis</strong></span> <span class='ocrx_word' id='word_1_167' title='bbox 1211 1970 1518 2043; x_wconf 83' lang='lat' dir='ltr'><strong>problema3</strong></span> <span class='ocrx_word' id='word_1_168' title='bbox 1545 1987 1690 2026; x_wconf 88' lang='lat' dir='ltr'><strong>unus</strong></span> <span class='ocrx_word' id='word_1_169' title='bbox 1701 1986 1810 2026; x_wconf 88' lang='lat' dir='ltr'><strong>·au-</strong></span> 
     </span>
     <span class='ocr_line' id='line_1_24' title="bbox 206 2044 1810 2123; baseline -0.002 -18"><span class='ocrx_word' id='word_1_170' title='bbox 206 2060 326 2105; x_wconf 86' lang='lat' dir='ltr'><strong>tem</strong></span> <span class='ocrx_word' id='word_1_171' title='bbox 364 2066 465 2123; x_wconf 84' lang='lat' dir='ltr'><strong>ego</strong></span> <span class='ocrx_word' id='word_1_172' title='bbox 480 2091 493 2114; x_wconf 90' lang='lat'>‚</span> <span class='ocrx_word' id='word_1_173' title='bbox 546 2044 645 2120; x_wconf 85' lang='lat' dir='ltr'><strong>qui</strong></span> <span class='ocrx_word' id='word_1_174' title='bbox 682 2066 949 2122; x_wconf 90' lang='lat' dir='ltr'><strong>propono.</strong></span> <span class='ocrx_word' id='word_1_175' title='bbox 1030 2048 1093 2103; x_wconf 93' lang='lat' dir='ltr'><strong>Si</strong></span> <span class='ocrx_word' id='word_1_176' title='bbox 1130 2048 1315 2119; x_wconf 88' lang='lat' dir='ltr'><strong>itaque</strong></span> <span class='ocrx_word' id='word_1_177' title='bbox 1354 2046 1566 2117; x_wconf 79' lang='lat' dir='ltr'><strong>valeam</strong></span> <span class='ocrx_word' id='word_1_178' title='bbox 1607 2048 1810 2103; x_wconf 88' lang='lat' dir='ltr'><strong>virtute</strong></span> 
     </span>
     <span class='ocr_line' id='line_1_25' title="bbox 206 2122 1818 2193; baseline -0.002 -12"><span class='ocrx_word' id='word_1_179' title='bbox 206 2132 397 2181; x_wconf 85' lang='lat' dir='ltr'><strong>contra</strong></span> <span class='ocrx_word' id='word_1_180' title='bbox 434 2124 849 2181; x_wconf 88' lang='lat' dir='ltr'><strong>multitudinem</strong></span> <span class='ocrx_word' id='word_1_181' title='bbox 883 2132 1125 2181; x_wconf 84' lang='lat' dir='ltr'><strong>vestram</strong></span> <span class='ocrx_word' id='word_1_182' title='bbox 1140 2164 1152 2188; x_wconf 96' lang='lat'><strong>‚</strong></span> <span class='ocrx_word' id='word_1_183' title='bbox 1213 2122 1600 2193; x_wconf 89' lang='lat' dir='ltr'><strong>unusquisque</strong></span> <span class='ocrx_word' id='word_1_184' title='bbox 1637 2124 1818 2177; x_wconf 86' lang='lat' dir='ltr'><strong>vestri·</strong></span> 
     </span>
     <span class='ocr_line' id='line_1_26' title="bbox 205 2196 1810 2270; baseline -0.004 -13"><span class='ocrx_word' id='word_1_185' title='bbox 205 2202 285 2257; x_wconf 81' lang='lat' dir='ltr'><strong>sit</strong></span> <span class='ocrx_word' id='word_1_186' title='bbox 301 2199 516 2256; x_wconf 90' lang='lat' dir='ltr'><strong>debitor</strong></span> <span class='ocrx_word' id='word_1_187' title='bbox 536 2201 756 2257; x_wconf 86' lang='lat' dir='ltr'><strong>tunicae</strong></span> <span class='ocrx_word' id='word_1_188' title='bbox 778 2200 849 2255; x_wconf 80' lang='lat' dir='ltr'><strong>ad</strong></span> <span class='ocrx_word' id='word_1_189' title='bbox 874 2200 1138 2255; x_wconf 83' lang='lat' dir='ltr'><strong>mulctam</strong></span> <span class='ocrx_word' id='word_1_190' title='bbox 1163 2196 1524 2270; x_wconf 85' lang='lat' dir='ltr'><strong>praestandae</strong></span> <span class='ocrx_word' id='word_1_191' title='bbox 1552 2197 1693 2252; x_wconf 87' lang='lat' dir='ltr'><strong>mihi</strong></span> <span class='ocrx_word' id='word_1_192' title='bbox 1720 2198 1810 2252; x_wconf 86' lang='lat' dir='ltr'><strong>vi-</strong></span> 
     </span>
     <span class='ocr_line' id='line_1_27' title="bbox 205 2272 1808 2345; baseline -0.003 -13"><span class='ocrx_word' id='word_1_193' title='bbox 205 2276 373 2345; x_wconf 89' lang='lat' dir='ltr'><strong>ctori;</strong></span> <span class='ocrx_word' id='word_1_194' title='bbox 418 2278 507 2331; x_wconf 90' lang='lat' dir='ltr'><strong>sin</strong></span> <span class='ocrx_word' id='word_1_195' title='bbox 536 2284 719 2331; x_wconf 91' lang='lat' dir='ltr'><strong>autem</strong></span> <span class='ocrx_word' id='word_1_196' title='bbox 746 2293 845 2332; x_wconf 87' lang='lat' dir='ltr'><strong>vos</strong></span> <span class='ocrx_word' id='word_1_197' title='bbox 883 2274 1275 2331; x_wconf 85' lang='lat' dir='ltr'><strong>obscuritatem</strong></span> <span class='ocrx_word' id='word_1_198' title='bbox 1301 2272 1626 2329; x_wconf 88' lang='lat' dir='ltr'><strong>obiectionis</strong></span> <span class='ocrx_word' id='word_1_199' title='bbox 1653 2289 1808 2327; x_wconf 87' lang='lat' dir='ltr'><strong>meae</strong></span> 
     </span>
     <span class='ocr_line' id='line_1_28' title="bbox 206 2346 1808 2425; baseline -0.003 -17"><span class='ocrx_word' id='word_1_200' title='bbox 206 2351 439 2408; x_wconf 87' lang='lat' dir='ltr'><strong>solvatis</strong></span> <span class='ocrx_word' id='word_1_201' title='bbox 453 2392 466 2417; x_wconf 93' lang='lat'>,</span> <span class='ocrx_word' id='word_1_202' title='bbox 497 2352 739 2425; x_wconf 75' lang='lat' dir='ltr'><strong>singulis</strong></span> <span class='ocrx_word' id='word_1_203' title='bbox 760 2352 961 2411; x_wconf 84' lang='lat' dir='ltr'><strong>vestris</strong></span> <span class='ocrx_word' id='word_1_204' title='bbox 980 2350 1304 2422; x_wconf 90' lang='lat' dir='ltr'><strong>corporibus</strong></span> <span class='ocrx_word' id='word_1_205' title='bbox 1325 2365 1424 2421; x_wconf 84' lang='lat' dir='ltr'><strong>ego</strong></span> <span class='ocrx_word' id='word_1_206' title='bbox 1445 2346 1661 2403; x_wconf 91' lang='lat' dir='ltr'><strong>debitor</strong></span> <span class='ocrx_word' id='word_1_207' title='bbox 1681 2347 1808 2403; x_wconf 82' lang='lat' dir='ltr'><strong>liam</strong></span> 
     </span>
     <span class='ocr_line' id='line_1_29' title="bbox 203 2422 1806 2501; baseline -0.002 -19"><span class='ocrx_word' id='word_1_208' title='bbox 203 2426 448 2493; x_wconf 73' lang='lat' dir='ltr'><strong>mulctae</strong></span> <span class='ocrx_word' id='word_1_209' title='bbox 472 2443 638 2499; x_wconf 88' lang='lat' dir='ltr'><strong>quam</strong></span> <span class='ocrx_word' id='word_1_210' title='bbox 663 2427 949 2499; x_wconf 89' lang='lat' dir='ltr'><strong>proposui.</strong></span> <span class='ocrx_word' id='word_1_211' title='bbox 1028 2425 1172 2497; x_wconf 82' lang='lat' dir='ltr'><strong>(Iure</strong></span> <span class='ocrx_word' id='word_1_212' title='bbox 1190 2423 1462 2497; x_wconf 86' lang='lat' dir='ltr'><strong>quidem.)</strong></span> <span class='ocrx_word' id='word_1_213' title='bbox 1519 2422 1806 2501; x_wconf 31' lang='lat' dir='ltr'><strong>&#39;Quoniam</strong></span> 
     </span>
     <span class='ocr_line' id='line_1_30' title="bbox 202 2498 1806 2574; baseline -0.001 -17"><span class='ocrx_word' id='word_1_214' title='bbox 202 2502 597 2574; x_wconf 87' lang='lat' dir='ltr'><strong>unusquisque</strong></span> <span class='ocrx_word' id='word_1_215' title='bbox 617 2501 687 2557; x_wconf 89' lang='lat' dir='ltr'><strong>de</strong></span> <span class='ocrx_word' id='word_1_216' title='bbox 707 2502 869 2556; x_wconf 87' lang='lat' dir='ltr'><strong>vobis</strong></span> <span class='ocrx_word' id='word_1_217' title='bbox 890 2501 1176 2557; x_wconf 87' lang='lat' dir='ltr'><strong>convictus</strong></span> <span class='ocrx_word' id='word_1_218' title='bbox 1202 2501 1424 2555; x_wconf 83' lang='lat' dir='ltr'><strong>unicam</strong></span> <span class='ocrx_word' id='word_1_219' title='bbox 1454 2498 1713 2553; x_wconf 88' lang='lat' dir='ltr'><strong>mulctam</strong></span> <span class='ocrx_word' id='word_1_220' title='bbox 1735 2516 1806 2555; x_wconf 84' lang='lat' dir='ltr'><strong>ex</strong></span> 
     </span>
     <span class='ocr_line' id='line_1_31' title="bbox 202 2573 1806 2651; baseline -0.001 -20"><span class='ocrx_word' id='word_1_221' title='bbox 202 2584 369 2651; x_wconf 87' lang='lat' dir='ltr'><strong>pacto</strong></span> <span class='ocrx_word' id='word_1_222' title='bbox 396 2576 627 2631; x_wconf 88' lang='lat' dir='ltr'><strong>reddere</strong></span> <span class='ocrx_word' id='word_1_223' title='bbox 666 2575 857 2640; x_wconf 87' lang='lat' dir='ltr'><strong>debet,</strong></span> <span class='ocrx_word' id='word_1_224' title='bbox 906 2592 1082 2635; x_wconf 87' lang='lat' dir='ltr'><strong>unum</strong></span> <span class='ocrx_word' id='word_1_225' title='bbox 1117 2592 1316 2648; x_wconf 87' lang='lat' dir='ltr'><strong>corpus</strong></span> <span class='ocrx_word' id='word_1_226' title='bbox 1347 2573 1658 2643; x_wconf 86' lang='lat' dir='ltr'><strong>vestiend0;</strong></span> <span class='ocrx_word' id='word_1_227' title='bbox 1704 2590 1806 2647; x_wconf 81' lang='lat' dir='ltr'><strong>ego</strong></span> 
     </span>
     <span class='ocr_line' id='line_1_32' title="bbox 203 2648 1806 2722; baseline -0.003 -14"><span class='ocrx_word' id='word_1_228' title='bbox 203 2669 342 2709; x_wconf 81' lang='lat' dir='ltr'><strong>vero</strong></span> <span class='ocrx_word' id='word_1_229' title='bbox 369 2650 601 2716; x_wconf 61' lang='lat' dir='ltr'><strong>multos»,</strong></span> <span class='ocrx_word' id='word_1_230' title='bbox 641 2659 705 2707; x_wconf 91' lang='lat' dir='ltr'><strong>ut</strong></span> <span class='ocrx_word' id='word_1_231' title='bbox 733 2649 882 2705; x_wconf 88' lang='lat' dir='ltr'><strong>cadit</strong></span> <span class='ocrx_word' id='word_1_232' title='bbox 908 2650 1148 2722; x_wconf 82' lang='lat' dir='ltr'><strong>singulis</strong></span> <span class='ocrx_word' id='word_1_233' title='bbox 1176 2648 1496 2721; x_wconf 89' lang='lat' dir='ltr'><strong>corporibus</strong></span> <span class='ocrx_word' id='word_1_234' title='bbox 1524 2650 1696 2722; x_wconf 86' lang='lat' dir='ltr'><strong>partis</strong></span> <span class='ocrx_word' id='word_1_235' title='bbox 1717 2650 1806 2705; x_wconf 84' lang='lat' dir='ltr'><strong>vi-</strong></span> 
     </span>
     <span class='ocr_line' id='line_1_33' title="bbox 205 2723 1806 2801; baseline -0.002 -18"><span class='ocrx_word' id='word_1_236' title='bbox 205 2727 399 2783; x_wconf 84' lang='lat' dir='ltr'><strong>ctricis</strong></span> <span class='ocrx_word' id='word_1_237' title='bbox 412 2726 855 2801; x_wconf 74' lang='lat' dir='ltr'><strong>,condemnabor</strong></span> <span class='ocrx_word' id='word_1_238' title='bbox 875 2742 1157 2784; x_wconf 77' lang='lat' dir='ltr'><strong>exornare.</strong></span> <span class='ocrx_word' id='word_1_239' title='bbox 1195 2724 1472 2783; x_wconf 79' lang='lat' dir='ltr'><strong>Attendite</strong></span> <span class='ocrx_word' id='word_1_240' title='bbox 1491 2742 1622 2801; x_wconf 83' lang='lat' dir='ltr'><strong>ergo</strong></span> <span class='ocrx_word' id='word_1_241' title='bbox 1635 2767 1648 2791; x_wconf 92' lang='lat'>,</span> <span class='ocrx_word' id='word_1_242' title='bbox 1664 2723 1806 2797; x_wconf 88' lang='lat' dir='ltr'><strong>quid</strong></span> 
     </span>
    </p>
   </div>
  </div>
 </body>
</html>
