2125 3084
174 160 501 238 [namma]
543 172 625 217 IN
668 172 1027 218 GENEsm.
1071 172 1326 218 sunno
1366 175 1456 222 Ν.
1717 169 1784 222 95

173 283 319 339 tunt,
352 272 635 328 dicentes:
700 270 745 325 Ο
774 279 862 335 m,
905 274 1003 343 qui
1035 274 1321 345 ingressus
1351 292 1409 331 es
1431 276 1500 331 ad
1521 292 1648 341 n03‚
1682 294 1781 331 cur

174 368 275 405 non
299 366 457 403 amas
480 346 548 420 (s.
573 345 776 417 nescis)
799 349 1112 402 conversari
1133 348 1427 403 nobiscum
1452 347 1524 425 [⁴¹⁶]
1549 360 1610 407 ut
1625 353 1780 407 inco-

175 426 239 479 lis
257 424 509 496 propriis
526 464 538 486 ‚
570 439 699 477 cum
718 421 925 492 quibus
946 440 1087 494 opus
1107 424 1355 479 habuisti
1387 425 1698 481 cohabitare
1725 436 1780 481 et

174 499 442 555 aemulari
471 514 653 551 mores
682 497 926 568 regionis
953 497 1210 553 nostrae?
1255 507 1440 553 nostra
1462 500 1610 554 enim
1626 503 1779 573 regio

174 585 249 630 est
270 573 482 637 libido,
517 581 572 628 et
588 571 683 626 lex
705 571 1063 643 legitimaque
1094 574 1351 629 voluntas
1382 575 1780 645 concupiscen-

172 653 263 705 tia.
344 650 649 719 Postquam
686 648 874 725 &aque
912 648 1272 718 permisimus
1313 648 1417 702 tibi
1448 658 1509 704 ut
1537 650 1780 703 advenae

170 724 344 780 libere
364 723 461 778 hic
482 722 683 795 degere
700 762 712 784 ,
742 723 1125 793 praesumisne
1149 724 1314 777 etiam
1336 725 1594 779 resistere
1614 732 1675 779 ut
1693 742 1780 778 re-

167 798 373 855 bellis?
412 799 481 854 Et
501 814 677 870 quum
697 805 967 867 oporteret
988 805 1039 851 te
1063 799 1414 869 acquiescere
1430 840 1442 863 ‚
1476 799 1695 853 iudicas
1718 816 1780 854 ac

166 874 452 929 diiudicas
491 889 609 937 τρε,
654 871 873 935 dicem,
918 872 1070 943 quod
1106 872 1242 927 haec
1271 875 1451 945 turpia
1483 882 1638 938 sunt,
1682 875 1776 929 illa

166 949 420 1013 meliora,
444 948 581 1002 haec
600 946 829 1001 honesta
848 946 1192 1018 nobiliaque,
1216 948 1312 1001 illa
1333 950 1472 1003 mala
1497 956 1548 1004 et
1569 950 1777 1021 impro-

165 1023 353 1079 banda
369 1065 382 1088 ,
418 1028 760 1077 commutans
782 1022 995 1093 aliquos
1018 1023 1077 1076 in
1101 1024 1388 1087 virtutem,
1424 1024 1657 1078 aliorum
1679 1042 1778 1078 au-

166 1108 281 1153 tem
318 1098 563 1153 malitiae
591 1113 907 1151 mensuram
936 1114 1249 1169 apponenS,
1297 1098 1397 1152 ubi
1430 1099 1776 1171 singulorum

167 1175 388 1228 entium
417 1172 775 1245 cupiditatem
804 1170 1099 1244 adimpleri
1131 1172 1260 1227 licet
1297 1181 1350 1227 et
1388 1174 1574 1228 omnia
1615 1174 1776 1228 istius

166 1258 348 1303 terrae
377 1249 595 1321 negotia
626 1246 696 1302 ad
724 1248 879 1301 illam
906 1246 1138 1302 referri?
1191 1249 1336 1303 Haec
1368 1248 1776 1303 Sodomitarum

168 1324 261 1380 lex
282 1330 367 1378 est
388 1324 613 1394 antiqua
627 1363 641 1387 ‚
682 1338 851 1394 quam
870 1324 1123 1377 nonnulli
1144 1340 1442 1395 puerorum
1462 1325 1776 1380 auxiliatri-

168 1416 290 1454 cem
308 1397 424 1453 sihi
442 1405 784 1469 nuncupant,
809 1406 870 1452 ut
886 1400 1045 1469 pueri
1068 1400 1166 1469 qui
1188 1400 1246 1457 in
1266 1401 1622 1473 grammatica
1643 1414 1773 1472 prae

170 1474 359 1531 labore
378 1490 491 1531 non
509 1473 822 1545 potuissent
840 1472 1055 1545 aliquid
1077 1473 1311 1529 discere.
1475 1494 1482 1505 ·

175 1628 306 1685 Quid
338 1638 411 1678 est
445 1628 816 1691 „Ea-tendentes
844 1629 937 1679 viri
972 1644 1136 1678 manus
1173 1638 1474 1678 attraxerunt
1499 1626 1597 1678 Lot
1625 1628 1694 1676 acl
1725 1645 1775 1677 se

302 1696 434 1760 ipsos
476 1696 525 1745 in
572 1696 753 1746 domum
793 1706 837 1745 et
883 1696 1047 1745 ostium
1092 1696 1254 1745 domus
1299 1696 1590 1755 clauserunt,
1650 1696 1776 1743 viros

303 1763 725 1894 ἴίιὲεηὶἕιὲἰῖναητ
744 1762 815 1813 ad
830 1764 1015 1824 ostium,
1049 1769 1384 1826 percusserunt
1405 1762 1637 1811 caecitate
1649 1761 1698 1819 ²⁸)
1712 1764 1780 1808 ⁴⁴?

402 1866 414 1891 ,
556 1866 571 1881 .

285 1933 370 1986 40.
453 1932 581 1985 Tria
625 1931 899 1987 fecerunt:
968 1926 1304 2001 hospitalem
1348 1928 1658 1991 salvarant,
1729 1937 1781 1983 et

168 2006 373 2061 ostium
404 2006 750 2071 clauserunt,
792 2014 847 2063 et
870 2023 963 2061 eos
984 2007 1085 2076 qui
1113 2004 1526 2059 insurrexerant
1553 2004 1780 2076 vimque

170 2079 469 2145 faciebant,
490 2080 874 2136 obcaecarunt.
914 2080 1164 2135 Primum
1184 2078 1292 2133 fuit
1316 2078 1590 2134 iudicium
1611 2097 1779 2152 super

170 2156 475 2211 insolentes
503 2155 861 2220 libidinoso3‚
910 2163 975 2210 ut
1000 2170 1111 2209 non
1141 2162 1324 2209 essent
1357 2152 1429 2229 [³¹⁶]
1465 2156 1780 2227 superiores

172 2247 270 2301 per
306 2230 660 2295 violentiam,
723 2230 823 2285 sed
868 2246 940 2283 ex
977 2229 1216 2283 adverso·
1251 2230 1644 2302 subigerentur
1682 2247 1781 2301 per

170 2306 285 2359 vim
318 2304 600 2360 fortiorem
630 2314 684 2360 et
714 2304 952 2360 convicti
982 2311 1306 2376 cogerentur
1332 2304 1610 2358 dimittere
1630 2320 1776 2363 eum,

170 2395 339 2450 quem
359 2380 566 2435 iniuria
588 2378 923 2436 afficiebant.
1004 2374 1324 2433 Secundum
1349 2394 1504 2439 vero,
1537 2378 1783 2429 coe'rcere

171 2454 342 2510 verbo
372 2454 443 2510 ab
474 2456 735 2529 ingressu
764 2454 987 2517 domus,
1041 2460 1096 2508 et
1129 2470 1294 2523 opere
1326 2470 1356 2507 a
1396 2449 1786 2519 consequenda

172 2529 477 2601 cupiditate
523 2530 750 2600 fineque
788 2530 909 2583 eius
946 2536 1262 2582 remanente
1303 2526 1378 2595 (s.
1420 2522 1784 2594 exspectato).

271 2669 317 2716 ¹¹)
370 2670 643 2709 Vocabulum
688 2670 810 2709 Arm.
852 2670 923 2707 hlc
970 2668 1222 2717 usurpatum
1264 2664 1318 2702 ad
1361 2662 1546 2711 syllabas
1590 2662 1792 2709 exprimit

177 2718 391 2761 Graecum
427 2714 580 2759 vocem
618 2716 805 2771 ἂορασία.
857 2718 1019 2758 Auch.
