2125 3084
184 195 271 260 [m
296 193 418 259 21³]
540 200 625 244 IN
666 201 1014 247 GENESIN.
1058 204 1316 251 SERMO
1351 206 1436 251 111.
1737 204 1794 256 Η

186 309 349 367 nent;
410 299 733 355 extenditur
760 302 909 355 enim
940 302 1164 375 longius
1191 311 1247 358 et
1275 314 1562 361 revocatur
1597 309 1800 365 iterum

187 378 243 429 in
269 376 445 430 breve
460 416 473 439 ‚
509 392 648 447 prae
664 374 893 431 lenitate
906 376 977 431 ad
996 377 1226 433 modum
1247 395 1403 435 cerae
1423 380 1718 454 figuratum
1739 386 1800 441 in

184 451 393 506 multas
423 466 517 505 res
544 458 599 505 et
628 449 873 522 figurans
902 450 1139 507 verbum
1177 454 1487 509 seeundum
1523 458 1800 530 multipli-

185 542 308 579 cem
326 525 600 597 speeiem.
689 526 971 582 Praeterea
988 544 1158 582 causa
1185 536 1298 591 est,
1343 528 1510 585 frater
1532 533 1686 587 enim
1714 543 1798 589 est

183 601 419 655 unitatis
433 641 447 663 ‚
501 616 572 654 ex
606 615 716 669 qua
754 600 1032 671 incipiunt
1071 603 1132 656 in
1169 618 1406 674 eamque
1434 606 1796 663 terminantur

184 675 395 732 omnia.
476 675 711 729 Tantum
740 674 926 745 itaque
955 675 1210 731 decorem
1225 717 1238 741 ‚
1283 686 1337 733 et
1363 686 1514 735 tanta
1551 684 1796 737 necessi-

184 758 295 803 tate
318 749 635 821 expositam
654 749 891 806 litteram
906 766 1088 821 quum
1107 751 1312 809 viderit
1331 754 1462 823 quis
1476 794 1489 816 ‚
1523 756 1798 824 quomodo

183 822 503 887 incusabit,
540 824 705 894 quasi
738 840 847 879 non
870 824 1112 883 viderit?
1158 828 1298 881 Nam
1315 828 1366 883 si
1389 827 1560 893 vidit,
1603 839 1796 887 contu-

182 898 486 956 meliosum
520 915 584 952 se
621 897 809 969 prodit
840 907 895 953 et
926 899 1059 955 boni
1085 916 1320 957 oaorem.
1408 901 1568 969 Quod
1601 905 1654 959 si
1682 921 1792 961 non

182 973 397 1030 viderit
420 981 535 1031 tam
564 972 729 1029 facile
761 975 1072 1046 negotium,
1113 976 1386 1047 quomodo
1414 977 1566 1048 quod
1591 981 1788 1045 nescit,

182 1047 427 1103 irridere
464 1055 517 1101 et
548 1047 836 1119 despicere
863 1051 1192 1119 praesumit,
1235 1052 1398 1123 quasi
1423 1051 1598 1107 sciat?
1654 1054 1791 1109 Cae-

182 1130 375 1177 terum
402 1120 538 1177 haee
560 1122 769 1187 obiter,
813 1131 876 1178 ut
902 1124 1053 1189 dixi,
1096 1123 1243 1181 diota
1259 1127 1402 1193 sint3
1469 1127 1570 1181 sed
1597 1144 1792 1183 neces·-

184 1198 403 1255 sarium
434 1198 909 1269 praecipuumque
940 1196 1017 1273 [*]
1048 1215 1192 1271 opus
1227 1200 1610 1271 quaerendum
1641 1210 1744 1257 est.

294 1301 597 1373 Appendix
625 1301 840 1357 litterae
866 1301 941 1367 A,
980 1319 1080 1375 per
1107 1320 1283 1359 unum
1309 1304 1643 1361 elementum
1659 1349 1671 1371 ,
1705 1315 1792 1363 to-

181 1384 302 1431 tum
322 1384 670 1432 commutans
689 1376 1008 1433 reformavit
1027 1380 1199 1433 animi
1219 1380 1407 1445 situm,
1437 1398 1538 1452 pro
1557 1380 1790 1438 sublimi

184 1452 419 1506 scientia
466 1468 529 1505 ao
566 1452 879 1507 eruditione
920 1468 1104 1509 rerum
1145 1470 1508 1527 supernarum
1543 1456 1644 1529 (se.
1687 1475 1790 1530 pro

186 1526 539 1601 astronomia)
578 1528 866 1599 acquirere
902 1528 954 1582 ei
992 1528 1201 1585 faciens
1235 1530 1666 1587 intellectionem
1699 1550 1792 1587 sa-

182 1602 449 1673 pientiae.
531 1601 827 1673 Siquidem
854 1604 1086 1657 scientia
1113 1621 1299 1659 rerum
1318 1622 1684 1679 supernarum
1707 1607 1792 1661 fa-

184 1677 361 1731 cultas
390 1678 696 1747 acquiritur
716 1678 777 1731 in
795 1694 961 1732 unam
983 1688 1194 1749 partem
1214 1680 1438 1745 mundi,
1483 1682 1543 1735 in
1573 1682 1790 1737 eaelum

184 1751 449 1806 videlieet
483 1760 540 1805 >et
565 1752 624 1805 in
656 1751 950 1823 periodum
976 1753 1316 1825 choreasque
1343 1755 1656 1819 stellarum,
1701 1774 1792 1809 sa-

184 1828 393 1897 pientia
420 1843 555 1893 vero
584 1826 654 1880 ad
684 1828 1001 1882 universam
1028 1844 1215 1882 rerum
1239 1836 1519 1891 naturam,
1549 1830 1792 1883 sensibi-

187 1901 295 1955 lem
324 1909 379 1955 et
406 1900 845 1973 intelligibilem.
922 1904 1065 1957 Nam
1083 1900 1392 1955 intellectio
1413 1910 1496 1955 est
1520 1902 1790 1972 sapientia

189 1976 503 2031 divinarum
538 1976 1017 2048 humanarumque
1050 1992 1267 2039 rerum,
1315 1983 1370 2030 et
1397 1976 1670 2031 rationum
1699 1994 1794 2032 ea·-

189 2067 330 2105 rum.
408 2051 469 2105 In
508 2050 723 2106 divinis
762 2052 949 2122 itaque
986 2059 1072 2107 est
1097 2050 1339 2121 aliquid,
1383 2051 1534 2123 quod
1562 2052 1791 2109 visibile

191 2133 297 2188 est,
340 2134 394 2179 et
414 2125 571 2180 aliud
591 2124 746 2197 quod
766 2126 1056 2181 invisibile
1070 2167 1083 2190 ‚
1115 2135 1172 2182 et
1188 2125 1314 2181 idea
1335 2126 1784 2184 demonstrativa.

188 2200 253 2255 Et
272 2202 331 2254 in
352 2199 615 2257 humanis
632 2200 909 2272 quaedam
927 2209 1058 2256 eunt
1075 2202 1378 2273 eorporalia
1397 2211 1451 2258 et
1471 2203 1578 2258 alia
1605 2205 1790 2259 inoor-

189 2274 423 2345 poi-alia,
472 2292 715 2349 quorum
742 2275 1172 2331 intellectionem
1198 2278 1486 2350 percipere
1523 2294 1788 2351 magnum

192 2358 243 2403 et
260 2367 453 2406 verum
470 2350 757 2407 facultatis
776 2366 841 2405 ae
860 2349 1212 2407 fortitudinis·
1229 2370 1371 2424 opus
1401 2361 1505 2407 eat.
1584 2354 1788 2408 Verum

193 2440 295 2478 nou
329 2424 515 2481 solum
540 2424 741 2481 videre
768 2425 1154 2481 universorum
1168 2427 1518 2503 ‘substantiae
1543 2433 1600 2478 et
1627 2434 1790 2480 natu-

192 2515 293 2563 ras,
320 2500 417 2554 sed
436 2502 621 2557 etiam
628 2500 979 2572 singulorum
996 2502 1236 2556 rationes
1253 2499 1594 2568 investigare
1612 2499 1793 2552 virtu-

192 2581 301 2627 tem
334 2574 547 2632 indicat
581 2575 828 2629 humana
860 2574 1271 2647 perfectiorem.
1357 2573 1597 2655 Necesse
1643 2571 1794 2625 enim

193 2656 271 2703 est
300 2650 553 2704 animum
568 2657 661 2705 tot
685 2656 741 2703 et
758 2657 1037 2705 tantarum
1050 2664 1240 2703 rerum
1257 2652 1642 2716 pereeptivum
1659 2660 1797 2697 oeu-

194 2720 307 2777 lnm
348 2740 480 2780 esso
496 2724 741 2779 omnino
756 2763 769 2787 ,
839 2730 895 2778 et
928 2725 1061 2777 sine.
1075 2758 1080 2765 -
1094 2736 1285 2775 somno
1321 2716 1587 2789 perficere
1625 2718 1799 2801 vitam
