2125 3084
357 188 455 240 438
846 191 1076 238 Fumo
1119 187 1462 235 ronanus
1733 187 1824 254 sn,
1848 192 1962 258 sor]

353 302 535 347 tamen
555 292 733 346 minas
752 291 946 346 solvet.
994 283 1154 356 'Quae
1171 305 1304 362 ergo
1320 289 1496 344 maior
1511 307 1648 345 cura
1669 293 1838 351 nobis
1857 307 1960 362 est,

352 385 385 422 o
414 369 551 432 viri,
596 365 745 439 (nisi)
772 375 835 420 ut
872 365 1188 420 inveniatur
1221 363 1527 437 veritas*)‘?
1587 365 1748 421 Ante.
1774 372 1962 426 omnia
2080 369 2081 378 ³

354 460 479 498 cum
502 442 643 496 hanc
664 459 693 496 a
714 441 817 496 deo
836 441 1066 512 gratiam
1089 441 1495 510 susceperimus
1509 481 1522 502 ,
1557 439 1840 499 humanae
1861 463 1964 500 na·
2080 407 2081 480 l

354 527 507 572 turae
536 533 635 571 nos
662 516 961 588 participes
990 515 1141 578 fieri,
1183 514 1367 570 statim
1385 522 1688 586 ‚postquam
1713 520 1839 572 nati
1861 538 1958 574 su-

357 609 507 656 mus,
534 592 727 646 bestiis
746 589 1070 653 invidiam&
1097 597 1150 644 et
1169 590 1460 644 rationales
1479 589 1712 654 conditi,
1731 593 1794 646 in
1818 593 1956 648 bru-

354 679 532 722 torum
554 675 803 721 naturam
824 666 1031 719 reversi
1052 681 1274 719 sumus:
1325 665 1470 720 sicut
1487 665 1634 719 enim
1655 665 1746 719 illi
1765 683 1950 722 escam

354 743 525 797 solam
556 750 780 804 norunt,
821 741 1088 796 nutritore
1107 740 1207 794 vix
1225 741 1442 812 cognito
1457 779 1486 804 ‚.
1511 741 1586 794 ita
1606 757 1705 794 nos
1724 757 1952 813 quoque

354 819 411 871 in
443 817 714 872 fructibus
742 817 1030 888 regionum
1065 814 1434 878 exsultantes,
1477 813 1688 870 fructus
1724 815 1949 872 dantem

352 910 460 948 non
481 893 758 948 novimus,
814 890 912 944 Ille
932 907 1061 944 vero
1082 889 1298 945 liberali
1322 906 1489 944 manu
1507 907 1615 945 non
1637 890 1696 945 id
1711 899 1942 956 tantum,

352 967 501 1038 quod
524 968 592 1024 ad
610 968 798 1022 cibum
818 975 1051 1038 spectat,
1087 981 1280 1019 verum
1301 965 1465 1020 etiam
1487 966 1637 1037 quod
1659 966 1726 1022 ad
1753 967 1949 1022 laetifi-

352 1044 623 1100 cationem
642 1041 939 1098 iucundam
958 1040 1114 1103 facit,
1149 1039 1455 1095 concedens
1470 1082 1482 1103 ,
1510 1049 1622 1100 ‚no‘n
1645 1042 1828 1116 exegit
1848 1043 1950 1098 ali-

353 1118 494 1189 quid
534 1136 565 1174 a
604 1117 791 1181 nobis,
836 1115 1123 1186 hucusque
1163 1115 1323 1170 nobis
1361 1115 1690 1188 indulgens;
1775 1111 1951 1190 neque

351 1193 501 1264 quod
523 1209 623 1248 nos
642 1193 861 1256 bestiiS‚
902 1193 1021 1262 ipse
1050 1188 1110 1244 id
1138 1189 1328 1254 nobiS,
1371 1207 1712 1263 quamquam
1741 1193 1949 1249 bestiae

352 1269 529 1322 simus
548 1268 779 1338 reperti,
807 1265 981 1322 facere
1004 1265 1198 1320 voluit.
1278 1265 1389 1320 Nos
1411 1265 1562 1320 enim
1583 1283 1738 1322 escas
1761 1267 1950 1324 dantes

353 1341 712 1405 animalibu8‚
740 1339 813 1415 [*]
840 1351 1090 1396 mutuum
1111 1357 1210 1412 pro
1232 1339 1320 1396 his
1349 1342 1641 1397 servitium
1671 1344 1953 1416 exigimus

352 1416 421 1470 ab
451 1417 550 1479 iis,
593 1415 741 1486 quod
766 1417 817 1470 si
847 1418 1111 1470 nutritum
1152 1415 1370 1470 nullum
1409 1417 1676 1472 nutrienti
1714 1428 1955 1490 praestet

352 1491 810 1554 emolumentum,
844 1507 969 1546 esca
988 1489 1242 1546 animalis
1263 1489 1524 1546 damnum
1549 1492 1708 1548 altori
1736 1512 1954 1569 suppu-

352 1575 529 1638 tatur-2
592 1567 692 1622 Ille
714 1583 843 1622 vero
864 1583 971 1622 non
998 1566 1182 1622 solum
1209 1564 1368 1621 nobis
1399 1566 1513 1622 cibi
1541 1569 1808 1640 gratiam,
1853 1569 1956 1626 sed

351 1643 497 1698 vitae
518 1659 737 1714 quoque
766 1642 997 1715 largitus
1024 1650 1132 1696 est:
1195 1638 1456 1699 hactenus
1485 1641 1661 1714 igitur
1687 1644 1777 1700 illi
1807 1630 1954 1700 civi-

351 1727 516 1792 tatem
556 1727 796 1774 nostram
836 1717 1100 1772 nutrienti
1139 1716 1354 1772 nullum
1384 1733 1482 1773 nos
1513 1719 1950 1778 emolumentum

351 1793 663 1849 retulimus.
742 1793 889 1860 Quid
910 1793 1057 1847 enim
1079 1792 1294 1847 lucrum
1315 1789 1432 1848 est?
1475 1792 1722 1849 dicitote.
1813 1803 1820 1810 ‘

464 1923 550 1978 32.
591 1917 726 1986 Quis
747 1935 1011 1990 umquam
1030 1927 1184 1990 pater
1206 1934 1275 1972 ex
1295 1917 1675 1990 superioribus
1693 1921 1948 1990 patribus

351 1994 494 2050 filios
522 2011 651 2050 suos
680 1993 978 2049 admonens
1008 1992 1306 2048 instruxit?
1367 1995 1494 2064 quis
1524 2003 1760 2065 nuptuS‚
1806 2012 1948 2068 quae

350 2079 520 2142 nupta
550 2077 792 2140 tempore
821 2069 1138 2140 nuptiarum
1173 2068 1566 2140 gratitudinem
1585 2068 1950 2126 demonstra-

350 2144 467 2201 vit‘?
512 2146 641 2215 quis
662 2145 890 2198 creatori
912 2143 1116 2215 gratias
1136 2159 1235 2214 pro
1255 2141 1674 2214 pulchritudine
1692 2154 1947 2200 natorum

349 2237 644 2292 puerorum
672 2217 968 2275 retribuit?
1020 2226 1075 2274 et
1091 2233 1260 2290 super
1274 2235 1448 2290 quam
1465 2235 1713 2277 mensam
1735 2219 1952 2293 glorifi-

349 2305 501 2350 catus
522 2303 605 2350 est
621 2291 799 2350 deus?

459 2407 543 2458 33.
594 2404 797 2490 ,Neque
834 2410 1015 2457 tamen
1040 2400 1188 2473 illud
1215 2403 1380 2456 etiam
1409 2400 1522 2458 dici
1549 2409 1754 2474 potest,
1795 2404 1959 2474 quod

349 2496 455 2532 non
478 2480 550 2532 sit
569 2479 809 2552 cognitio
836 2475 955 2543 dei,
998 2493 1177 2548 neque
1198 2477 1548 2548 incorruptus
1568 2477 1748 2533 videri
1767 2480 1964 2550 possit

350 2552 695 2623 corruptibili
716 2553 895 2609 oculo·
927 2551 1059 2642 UQui
1083 2551 1233 2606 enim'
1252 2551 1558 2611 invisibilis
1569 2559 1659 2650 ’est
1672 2593 1686 2616 ,
1709 2553 1963 2626 gloriam

1803 2644 1834 2658 ἱ

348 2688 493 2774 ΜΗ.)
503 2700 695 2778 Ing?
722 2689 1102 2771 ‚wff‘ff‘fffffsm“
1132 2693 1222 2737 via)
1248 2694 1367 2770 ’tobis
1395 2696 1452 2766 od
1475 2695 1762 2733 inveniendam
1785 2698 1968 2736 νον-ἑω-
