2125 3084
384 206 489 260 406
580 184 587 193 '
837 210 1205 257 rmnoms
1243 210 1526 257 mnam
1760 206 1976 275 [mm]
2072 216 2073 223 ¹

492 315 579 369 25.
628 310 690 367 Si
720 328 850 384 ergo
868 313 1118 366 omnium
1138 312 1438 383 spirituum
1457 310 1602 365 dona
1621 314 1980 384 suscepisset,

382 388 550 443 etiam
569 386 953 459 impeccabilis
972 386 1136 442 bomo
1154 385 1518 442 utwideretur
1541 394 1846 457 oporteret;
1895 391 1984 443 sin

383 471 567 518 autem
588 480 658 517 ex
676 461 825 517 some
844 464 1154 535 magnoque
1173 462 1313 516 mari
1333 469 1543 533 gutta-m
1561 464 1774 534 gratiae
1794 480 1988 523 susce·
2072 510 2073 529 ff

383 539 493 610 pit,
538 537 813 609 quomodo
840 554 949 591 una
980 545 1202 609 accepta
1231 552 1302 593 cx
1329 536 1578 607 partibus
1607 544 1784 591 totum
1801 540 1988 609 possi-
2072 566 2073 571 κ

385 615 514 668 dere
534 610 961 684 comperiretur?
1016 611 1264 683 Quippe,
1298 620 1362 665 ut
1377 612 1628 683 exemplo
1645 612 1987 683 persuadea-

386 706 537 752 mus,
588 688 835 759 suscepit
870 687 1412 759 iustitiae'spiritum
1449 695 1754 757 protopater
1799 696 1987 743 noster

386 763 659 819 Abraham
691 771 744 817 et
773 764 1098 817 monstravit
1127 778 1255 817 eum
1283 761 1526 817 bonitate
1553 762 1778 833 plenum
1793 784 1813 825 ‚·
1849 764 1986 833 quia

387 838 625 894 credidit
663 839 722 892 in
758 838 1071 893 viventem.
1159 836 1419 909 Suscepit
1457 836 1758 893 honestatis
1794 835 1987 909 (spiri-
2072 850 2073 899 ᾗ

386 914 524 987 tum)
562 912 758 984 loseph
774 954 786 976 ‚
844 921 899 967 et
936 912 1166 967 afferens
1206 912 1465 967 exhibuit
1501 929 1630 967 eum
1669 912 1986 968 concedenti
2072 940 2073 983 1

385 990 614 1061 plenum
640 989 700 1043 in
730 1004 954 1059 corpore
981 1003 1109 1051 suc,
1152 996 1407 1058 superata
1435 987 1642 1043 carnali
1665 987 1983 1061 cupiditate.

388 1064 762 1136 Susceperunt
779 1063 887 1117 zeli
908 1064 1166 1135 spiritum
1187 1062 1409 1117 Simeon
1440 1072 1496 1117 et
1519 1064 1658 1117 Levi
1672 1105 1686 1128 ,
1730 1072 1784 1118 et
1810 1064 1991 1117 mani-

388 1138 655 1195 festarunt
672 1156 800 1193 eum
819 1138 1161 1194 Secimorum
1183 1146 1373 1193 morte.
1453 1138 1715 1209 Suscepit
1742 1140 1872 1193 iusti
1898 1139 1992 1192 iu-

386 1215 523 1270 dicii
554 1213 853 1287 (spiritum)
880 1214 1013 1269 luda
1027 1255 1041 1278 ,
1085 1221 1138 1267 et
1166 1213 1510 1285 praedicavit
1529 1230 1662 1269 eum
1678 1209 1886 1269 iudicio
1905 1212 1992 1268 fa-

388 1298 474 1344 cto
502 1290 669 1343 nurui
696 1306 849 1343 suae.
936 1288 1184 1344 Habebat
1215 1297 1270 1344 et
1299 1288 1570 1360 Sampson
1598 1290 1826 1345 virtutis
1854 1288 1995 1363 (spi-

387 1362 603 1435 ritum),
646 1372 701 1418 et
729 1381 800 1419 ex
827 1365 1091 1436 operibus
1133 1363 1515 1419 demonstrans
1551 1366 1830 1436 praestitit
1863 1381 1994 1436 per-

388 1438 709 1493 fectissime.
798 1438 860 1493 Si
889 1456 1019 1513 ergo
1048 1439 1284 1495 fortibus
1313 1439 1493 1495 defuit
1521 1440 1784 1511 spiritus,
1830 1456 1996 1497 accu-

390 1511 596 1567 sandus
617 1514 737 1576 erit,
762 1516 1025 1584 quoniam
1046 1516 1168 1593 eius
1191 1522 1306 1570 erat
1316 1516 1579 1570 virtutem
1596 1514 1991 1581 demonstrare,
2072 1560 2073 1567 ,

390 1590 753 1643 instrumento
777 1605 914 1644 usus
944 1589 1276 1662 Sampsone;
1339 1591 1428 1644 sin
1459 1597 1643 1645 autem
1672 1592 1906 1663 spiritus
1932 1592 1998 1645 in
2072 1632 2073 1637 κ

388 1664 609 1735 propria
636 1664 813 1737 gratia
834 1664 1029 1720 fortius
1049 1666 1295 1737 perstitit,
1313 1673 1367 1720 et
1387 1662 1526 1720 aliae
1547 1665 1790 1721 insidiae
1805 1708 1818 1731 ‚
1850 1682 1999 1737 quae

389 1747 719 1804 evenerunt,
763 1739 1124 1813 Sampsonem
1154 1740 1435 1804 vicerunt,
1483 1740 1622 1811 quid
1652 1742 1998 1815 imponimus

390 1815 627 1870 alienam
656 1817 1060 1872 accusationem
1089 1832 1258 1889 super
1285 1815 1582 1888 spiritum?

496 1923 584 1978 26.
634 1922 713 1976 Ita
742 1930 851 1986 est,
894 1922 996 1989 ait;
1060 1929 1116 1977 at
1145 1939 1384 1993 aequum
1411 1930 1526 1979 erat
1547 1928 1815 1996 peccante
1837 1921 1999 1977 Sam-

389 2012 559 2067 psone
581 1995 877 2051 abscedere
898 1996 1158 2069 spiritum
1173 2038 1185 2061 ,
1211 1998 1280 2052 n'e
1305 1994 1378 2073 [³¹⁶]
1400 2014 1556 2052 reum
1578 1996 1888 2053 adiuvaret.
1925 1996 1998 2051 Et

390 2069 487 2124 ubi
508 2069 735 2126 divinae
754 2072 1138 2143 promissionis
1166 2089 1306 2145 opus
1335 2072 1718 2129 inveniretur?
1771 2082 1830 2153 et
1856 2088 2001 2145 quo-

390 2143 550 2200 modo
588 2162 697 2201 non
737 2146 1005 2202 violentos
1042 2144 1226 2203 hostes
1263 2165 1362 2202 vos
1405 2150 1722 2205 monstratis
1767 2148 2002 2204 divinae

389 2219 730 2291 scripturae?
788 2220 1078 2293 Siquidem
1104 2223 1528 2293 promissionem
1547 2224 1773 2281 virtutis
1795 2240 2007 2296 paren-

389 2300 471 2348 tes
491 2297 651 2365 pueri
671 2304 1060 2367 susceperunt,
1101 2298 1255 2353 misit
1282 2297 1420 2353 deus
1435 2341 1450 2364 ,
1491 2287 1746 2355 minister
1769 2298 1878 2355 fuit
1899 2316 2012 2353 an—

388 2368 576 2439 gelus:
646 2371 695 2423 is
735 2379 917 2424 autem
958 2371 1267 2445 (Sampson)
1307 2382 1600 2445 antequam
1637 2383 2013 2430 monstrasset
2072 2402 2073 2405 ¹

390 2442 605 2511 aliquid
626 2442 697 2498 de
718 2445 939 2499 virtutis
958 2447 1250 2517 operibuS,
1293 2450 1353 2503 in
1381 2449 1602 2520 puellae
1633 2448 1862 2519 deditus
1890 2450 2016 2506 fuit

388 2515 767 2599 cupiditatem.
814 2518 971 2585 Quod
990 2522 1039 2574 si
1061 2522 1292 2592 spiritus
1313 2524 1468 2579 iuxta
1487 2525 1814 2597 cupidinem
1836 2524 2020 2581 Sam-

387 2602 591 2673 psoms.
604 2608 883 2661 quoquam
922 2594 1266 2660 abscederet,
1311 2600 1530 2671 virtutis
1567 2601 2018 2672 promissionem

389 2656 538 2738 baud
566 2666 991 2721 mvenissemus.
1071 2668 1352 2734 Quomodo
1384 2681 1565 2729 autem
1593 2691 1703 2731 non
1733 2685 1793 2731 et
1813 2686 2019 2733 contra

390 2744 569 2795 ipsam
623 2736 969 2794 divinitatem
1017 2741 1236 2815 linguas
1285 2757 1544 2804 acuentes
1593 2750 1664 2807 de
1709 2750 2019 2826 Scriptura
