2125 3084
388 203 420 253 2
882 206 1122 251 rinno
1161 204 1500 251 mnAsz
1777 204 1868 271 sn,
1889 209 2008 275 ιιι]

387 304 638 360 tudinem
666 307 861 369 moris,
902 315 1118 377 apertos
1142 305 1330 361 oculos
1349 307 1571 377 erigunt
1591 306 1663 361 ad
1685 308 2008 368 videndum

388 382 673 453 superiora
700 381 1025 436 excellentia
1057 390 1111 435 et
1131 376 1382 436 divinam
1402 382 1695 451 inquirunt
1715 392 2002 441 naturam.

388 455 774 511 Verumtamen
795 454 949 511 adest
969 464 1022 511 et
1040 456 1185 511 illud
1206 459 1396 518 oculis,
1417 454 1564 526 quod
1586 454 1727 527 forte
1749 460 1885 528 quis
1908 462 2006 515 di-

388 532 531 585 xerit
558 528 897 602 superfluum
926 547 1075 594 esse,
1119 548 1184 585 eo
1211 529 1360 601 quod
1390 546 1495 585 non
1523 514 1652 583 aliis
1678 530 1882 587 videre
1911 546 2005 591 est

388 606 789 660 instrumentis.
895 606 1282 660 Necessarium
1329 620 1460 659 sane
1477 646 1489 669 ‚
1546 614 1608 659 ut
1645 606 1994 674 ostenderet,

386 679 535 751 quod
563 681 743 735 omnis
774 681 871 751 qui
903 680 1056 735 videt
1087 680 1286 734 mentis
1315 680 1520 743 oculis,
1557 695 1660 734 nee
1687 696 1799 733 uno
1820 698 1893 736 ex
1914 684 1996 739 iis

387 756 573 811 clauso
594 772 773 827 neque
794 763 935 810 tecto
951 796 963 819 ‚
983 754 1152 827 plane
1171 754 1315 809 vidit
1335 755 1655 827 quisquam;
1700 771 1805 811 non
1831 757 1995 812 enim

388 832 469 885 sic
490 829 795 885 manifestis
815 829 976 901 (visis
997 828 1253 885 sensibili
1273 829 1474 901 oculo),
1497 829 1694 885 veihis
1715 830 1994 899 aequiva—

388 906 505 959 lens
535 914 617 959 est
646 904 1015 976 speculativa,
1057 914 1119 960 ut
1143 905 1272 977 quis
1302 903 1612 977 speculator
1639 904 1753 957 iieri
1773 905 1985 974 possit:

386 980 511 1037 ideo
528 982 709 1035 omnis
728 978 1024 1052 prophetae
1042 996 1330 1034 commune
1353 995 1551 1034 nomen
1577 980 1776 1034 Videris.

500 1076 549 1127 3.
589 1070 817 1129 Posthac
838 1080 1021 1129 autem
1042 1070 1272 1127 dicitur:
1315 1070 1381 1125 Et
1399 1088 1514 1127 eece
1532 1080 1637 1127 tres
1655 1076 1763 1127 viri
1777 1074 1990 1133 ‚stabant

386 1165 547 1213 supra
577 1165 690 1201 eum
720 1154 871 1215 (Gen.
892 1155 975 1213 18,
996 1152 1073 1211 2).
1149 1145 1274 1203 Noli
1305 1160 1435 1217 ergo
1461 1145 1783 1201 existimare
1816 1146 1990 1201 semi-

386 1222 625 1275 hominis
655 1222 955 1277 sectionem
980 1237 1129 1277 nunc
1154 1221 1303 1275 viros
1333 1218 1448 1275 dici
1476 1220 1790 1275 secundum
1813 1238 1990 1293 oppo-
2074 1250 2075 1263 ι

384 1296 639 1349 sitionem
670 1294 738 1349 ad
768 1296 1055 1373 mulieres:
1108 1294 1560 1368 quandoquidem
1580 1293 1688 1350 fuit
1707 1312 1816 1349 non
1835 1296 1991 1350 viro-
2073 1340 2075 1367 ἰ

386 1386 535 1431 rum,
580 1368 678 1423 sed
707 1364 991 1441 tamquam
1019 1372 1262 1425 virorum
1302 1370 1648 1441 apparentia,
1692 1369 1988 1425 divinitate
2074 1396 2075 1429 2

387 1443 701 1531 nullatenus
723 1452 927 1532 mutata
948 1447 1007 1503 in
1028 1445 1194 1501 aliam
1216 1444 1468 1500 formam·
1456 1486 1469 1511 ‚
1534 1461 1644 1499 non
1675 1446 1827 1501 enim
1854 1463 1989 1501 con-

388 1518 537 1572 venit
577 1518 629 1573 ei
670 1520 1025 1575 mutationem
1062 1520 1327 1593 recipere.
1414 1520 1593 1575 Motus
1631 1529 1816 1575 autem
1863 1521 1987 1577 ani-

387 1610 538 1656 mus,
582 1609 679 1665 per
708 1600 1032 1651 consuetam
1043 1593 1303 1659 formam,
1345 1592 1416 1651 ad
1433 1594 1759 1665 sempiterni
1780 1595 1988 1651 invisi-

386 1668 629 1740 bilisque
649 1670 1057 1741 perceptionem
1079 1635 1475 1729 destinabatur
1545 1668 1842 1740 Siquidem
1863 1672 1987 1727 vult
2074 1712 2075 1715 η

384 1742 540 1799 Entis
562 1744 924 1801 masculinam
946 1754 1223 1811 naturam,
1266 1761 1376 1815 qua
1401 1744 1636 1801 seminat
1655 1746 1984 1801 universum
2073 1760 2075 1793 ³

386 1828 439 1873 et
466 1828 691 1893 generat
724 1830 944 1908 propter
981 1820 1412 1877 misericordiam
1458 1818 1744 1876 mortalem
1785 1818 1985 1875 viven-

385 1905 522 1959 tem,
585 1896 665 1950 eis
704 1895 804 1968 qui
844 1897 1050 1951 ratione
1090 1904 1218 1951 sunt
1261 1893 1524 1968 praediti,
1583 1892 1982 1951 demonstrare
2074 1934 2075 1941 2

385 1968 654 2036 Quoniam
693 1969 982 2025 informem
1022 1970 1316 2026 essentiam
1349 1966 1424 2045 [Ἴ
1454 1967 1638 2033 multi
1647 1966 1894 2043 (pagani)
1921 1979 1985 2025 ut
2074 1974 2075 2023 ξ

386 2044 735 2101 divinitatem'
756 2045 961 2117 tingere
981 2048 1218 2117 aequum
1238 2044 1539 2108 duxerunt,
1563 2044 1875 2101 nescientes
1894 2042 1989 2099 di·-
2074 2044 2075 2055 ¹

385 2120 733 2175 stinctionem
754 2122 965 2192 agentis
984 2129 1037 2175 et
1052 2120 1340 2192 patientis,
1379 2117 1856 2189 necessariamque
1883 2117 1989 2173 do-
2074 2128 2075 2153 ἒ

386 2196 616 2249 ctrinam
644 2193 962 2258 attendere,-
992 2193 1131 2267 quid
1161 2202 1243 2249 est
1271 2211 1386 2249 mas
1416 2194 1473 2248 in
1501 2193 1654 2249 omni
1684 2211 1743 2248 re
1769 2194 1988 2265 etquid

387 2268 589 2323 femina
627 2270 857 2343 contigit
896 2286 1037 2325 esse.
1115 2268 1255 2335 Quia
1294 2267 1526 2337 femina,
1567 2285 1713 2339 quae
1751 2269 1985 2339 patitur,

386 2344 612 2399 materia
643 2351 753 2411 est3
776 2311 1096 2419 t’masculus
1117 2362 1248 2399 vero
1267 2346 1388 2415 ipse
1407 2342 1598 2415 opifex
1617 2343 1844 2409 mundi,
1880 2346 1992 2414 qui

386 2436 485 2473 suo
506 2386 789 2491 discipufo
804 2410 967 2490 atque
988 2419 1223 2475 auditori
1246 2420 1390 2474 iusto
1421 2426 1670 2491 apparet,
1715 2418 1836 2473 suis
1864 2419 1996 2473 vir-

385 2494 597 2551 tutibus
625 2493 937 2565 praeditus:
1000 2494 1234 2581 militiae
1263 2494 1502 2549 ducibus
1541 2502 1596 2549 et
1634 2492 1996 2565 archangelis

387 2568 517 2693 {nnc
522 2567 701 2695 1:nde
742 2586 932 2623 omnes
960 2570 1269 2642 principem
1298 2578 1568 2625 reetorem
1587 2568 1647 2623 in
1676 2568 1862 2622 medio
1885 2584 1998 2624 co-

408 2642 521 2695 enti
564 2658 629 2694 us

500 2728 548 2777 4
597 2725 702 2791 Qui
732 2730 917 2801 itaque
944 2732 1001 2787 in
1032 2732 1214 2787 medio
1245 2738 1354 2795 est,
1393 2731 1503 2787 Ena
1531 2730 1868 2803 appellatur.-
1939 2744 1996 2789 et
