2125 3084
353 183 449 237 326
611 186 804 231 PHIL.
841 185 989 232 IUD.
1029 184 1352 242 QUAEST.
1389 185 1492 230 ET
1531 187 1690 231 SOL.
1739 181 1971 249 [11,4.·7.]

352 311 577 356 terram:
641 315 836 354 cavere
876 297 1116 362 scilicet,
1159 297 1452 362 obaudire,
1495 315 1604 352 non
1643 299 1965 365 inobedire,

353 392 461 429 non
472 374 697 437 evitare,
724 381 777 428 et
787 389 986 427 nomen
1004 388 1170 426 suum
1191 389 1358 444 super
1379 389 1502 426 eum
1524 389 1749 443 ponere.
1778 374 1844 428 Id
1859 392 1968 428 au-

353 459 464 504 tem
484 457 607 502 ante
627 449 811 502 omnia
830 446 1239 501 observandum
1261 447 1383 500 erit.
1463 445 1812 518 Quicumque
1831 449 1967 503 sine

352 522 565 578 cautela
584 523 733 578 viam
754 521 989 584 faciunt,
1028 519 1285 576 aberrant
1301 520 1372 574 ab
1392 521 1517 592 ipsa
1535 529 1682 576 recta
1701 523 1966 593 propria-

352 614 462 669 que
490 597 685 651 semita
700 637 713 660 ‚
757 612 921 667 saepe
946 596 1170 667 saepius
1191 611 1291 666 per
1309 596 1582 666 impervia
1600 637 1612 660 ‚
1641 593 1714 670 [*]
1741 593 1882 650 dura
1905 605 1964 652 et

352 672 593 727 anfracta
614 670 919 724 deviantes,
998 671 1139 724 Huic
1159 669 1388 741 aequale
1407 678 1492 724 est
1509 672 1716 740 pariter
1731 710 1743 734 ,
1773 687 1964 741 quan-

351 747 423 802 do
464 755 517 802 et
556 746 737 800 anima
776 745 1017 817 patiatur
1048 743 1266 816 aliquid
1291 744 1540 798 iuvenile
1556 785 1568 808 ,
1623 744 1727 797 etsi
1755 745 1953 814 pium:

352 837 526 892 quum
547 822 697 874 enim
716 835 915 891 expers
934 819 1007 872 sit
1026 817 1374 889 disciplinae,
1397 817 1567 872 fertur
1583 818 1836 872 torrentis
1857 818 1957 871 in-

351 905 463 950 star
482 897 603 950 sine
626 893 1021 965 impedimento
1036 933 1049 956 ‚
1075 908 1138 946 eo
1157 909 1269 964 quo
1288 892 1388 946 vix
1407 892 1652 964 expedit.
1693 889 1956 946 Secunda

351 987 439 1024 res
460 978 576 1024 erat
604 969 859 1023 introitus
886 968 946 1022 in
977 975 1204 1021 terram:
1250 983 1312 1020 ea
1331 975 1416 1021 est
1435 967 1718 1040 ingressus
1741 967 1798 1020 in
1819 964 1958 1037 phi-

352 1044 685 1115 losophiam,
728 1059 870 1114 quae
900 1049 983 1096 est
1012 1050 1290 1112 tamquam
1319 1049 1461 1095 terra
1489 1039 1634 1096 bona
1662 1057 1724 1094 ac
1751 1039 1956 1096 fertilis

352 1117 421 1172 ad
440 1117 855 1188 productionem
878 1115 1056 1170 fructu
1065 1133 1176 1180 um,
1198 1131 1336 1186 quos
1356 1114 1539 1170 ferunt
1555 1115 1782 1170 divinae
1791 1115 1956 1186 plan—

352 1202 437 1246 tae
452 1233 464 1254 ‚
496 1193 748 1247 virtutes,
809 1190 915 1256 Qui
936 1207 1066 1262 ergo
1087 1190 1208 1245 vult
1227 1189 1316 1243 his
1338 1188 1448 1244 frui
1468 1189 1762 1254 fructibus,
1788 1188 1956 1244 debet

353 1267 624 1321 monitum
647 1265 932 1318 admittere
953 1265 1224 1319 cautionis
1247 1262 1550 1318 faciendae.
1631 1263 1824 1320 Cautio
1853 1279 1955 1318 au-

352 1348 465 1393 tem
504 1349 586 1393 est
624 1337 996 1408 praesidentia
1034 1339 1340 1392 consiliarii
1368 1339 1568 1392 mentis
1599 1346 1653 1392 et
1679 1339 1954 1410 prompti-

350 1412 484 1468 tudo
514 1413 584 1466 ad
622 1411 1098 1466 auscultationem.
1175 1412 1444 1479 Quoniam
1483 1411 1953 1483 quemadmodum

352 1493 557 1538 amator
572 1527 584 1547 ,
614 1486 873 1555 sepositis
893 1487 1108 1542 cunctis
1129 1486 1254 1541 aliis
1275 1487 1441 1541 rebus
1456 1527 1469 1550 ,
1500 1486 1724 1542 festinat
1745 1486 1814 1540 ad
1834 1504 1952 1541 rem

352 1559 715 1613 desideratam
731 1600 744 1623 ‚
768 1560 851 1614 sic
870 1561 1035 1616 etiam
1054 1563 1305 1616 esuriens
1324 1563 1630 1632 sitiensque
1651 1560 1721 1615 ad
1741 1561 1953 1616 intelli—

350 1634 591 1706 gentiam
615 1633 943 1708 disciplinae
965 1644 1129 1708 atque
1150 1635 1219 1690 ad
1240 1635 1568 1697 ‚discendum
1588 1651 1731 1707 quae
1751 1637 1944 1700 nescit,

350 1709 581 1765 caeteris
608 1711 831 1764 omissis
860 1711 1036 1775 curiS‚
1077 1718 1334 1782 properat
1362 1709 1432 1765 ad
1470 1711 1944 1773 auscultationem,

350 1793 403 1838 et
422 1794 577 1840 nocte
599 1802 661 1839 ac
681 1783 772 1839 die
791 1786 931 1840 ostia
952 1785 1192 1840 custodit
1211 1785 1477 1840 domuum
1496 1786 1830 1856 sapientum.
1851 1784 1949 1840 At-

348 1859 572 1914 tendere
597 1862 784 1932 itaque
812 1861 870 1915 in
900 1861 989 1915 his
1019 1868 1128 1928 est;
1191 1858 1384 1914 audire
1405 1877 1534 1915 vero
1555 1861 1614 1915 in
1633 1859 1827 1914 ordine
1848 1859 1948 1914 ha-

348 1934 511 1988 betur
540 1943 592 1989 et
620 1935 787 1990 simul
818 1935 886 1989 ad
914 1935 1140 1991 modum
1169 1943 1396 1989 naturae
1421 1934 1653 1989 dictum.
1731 1935 1946 1989 Etenim

348 2009 448 2078 qui
471 2009 625 2063 audit
644 2012 983 2065 extremitate
1006 2009 1224 2064 aurium
1239 2049 1252 2074 ‚
1293 2017 1474 2080 potest
1493 2008 1723 2080 quidem
1741 2009 1947 2063 subob-

349 2098 509 2137 scure
532 2083 709 2138 facere
728 2087 1140 2157 perceptionem
1161 2083 1460 2138 dictorum:
1523 2085 1624 2155 qui
1653 2101 1783 2139 vero
1804 2091 1946 2138 certo

350 2157 532 2222 audit,
557 2157 904 2214 manifestius
926 2161 1068 2214 intra
1090 2175 1218 2214 eum
1235 2159 1626 2232 ingrediuntur
1645 2175 1940 2236 sermoneS,

351 2231 572 2286 auditus
594 2234 714 2286 vias
734 2247 923 2288 omnes
943 2233 1339 2304 perlustrantes
1354 2274 1367 2298 ‚
1410 2235 1488 2288 ita
1516 2241 1578 2288 ut
1605 2233 1945 2289 intellectum

348 2305 535 2374 ipsum
558 2305 754 2376 formet
774 2324 928 2361 cerae
949 2309 1124 2363 instar
1142 2307 1414 2379 profunda
1443 2309 1834 2378 impressione,
1879 2324 1947 2362 ne

351 2377 512 2433 facile
552 2378 863 2450 insipidum
899 2381 1156 2436 videatur
1194 2390 1248 2436 et
1282 2382 1426 2437 foras
1472 2383 1704 2438 resiliat.
1792 2381 1947 2448 Quod

348 2454 598 2521 proxime
638 2456 889 2524 sequitur
924 2471 1032 2509 non
1071 2455 1272 2511 debere
1309 2457 1598 2511 inobedire
1631 2456 1700 2529 (S.
1731 2457 1948 2512 dissen-

346 2525 490 2595 tire).
568 2527 832 2581 Nonnulli
868 2528 1017 2582 enim
1054 2528 1351 2585 admittunt
1387 2531 1617 2602 quidem
1645 2532 1798 2586 intus
1822 2547 1950 2587 ver-

347 2597 543 2680 borum
581 2603 956 2670 apparentiam
971 2643 983 2666 ‚
1026 2620 1129 2656 nec
1166 2612 1347 2658 tamen
1388 2622 1579 2659 revera
1617 2608 1980 2678 recipientes-

348 2669 708 2736 dissentiunt‚
757 2677 940 2731 rixosa
968 2686 1021 2732 et
1049 2676 1465 2734 contradictoria
1495 2687 1710 2735 utentes
1739 2681 1946 2736 indole.
