2125 3084
148 190 237 254 [IL
271 184 388 251 561]
530 190 789 235 SERMO
824 190 925 236 DE
963 192 1382 237 SAMPSONE.
1655 190 1752 241 403

150 294 337 348 locum
366 290 549 364 attigit
574 306 906 362 supernum,
950 291 1164 345 cunctis
1198 292 1288 347 his
1327 291 1513 349 adiuta
1553 296 1754 351 mulier

152 368 298 440 parit
326 367 379 421 ei
402 366 565 439 (viro)
593 365 980 437 Sampsonem‚
1022 365 1258 421 salutem
1277 368 1542 422 nimirum
1562 369 1754 427 afflicti

153 442 347 515 populi
365 451 422 498 et
442 442 763 497 memoriam
782 440 1158 497 decantandae
1178 441 1517 497 fortitudinis
1543 461 1641 514 per
1659 463 1755 501 ae-

153 521 309 572 vum.
388 516 485 572 Sic
510 516 663 571 enim
692 516 1007 588 praeclarus
1038 518 1319 587 apparuit,
1361 519 1610 589 aequalis
1631 536 1758 575 cae·-

156 593 287 647 teris
315 591 657 665 (hominibus
684 591 775 646 vel
802 590 1134 664 generosis),
1185 592 1363 664 magis
1399 594 1658 665 egregius
1691 612 1755 649 ea

154 675 307 739 parte
322 707 336 731 ‚
374 684 485 739 qua
502 664 813 721 secundum
834 666 971 721 alios
988 666 1316 721 cernebatur
1329 707 1344 731 ‚
1383 685 1452 723 eo
1467 668 1618 739 quod
1637 671 1756 740 spi-

154 744 294 797 ritus
323 758 423 813 pro
450 742 635 796 anima
660 742 717 795 ei
744 740 1042 801 serviebat.
1123 740 1334 813 Corpus
1369 751 1550 798 autem
1577 745 1754 817 magis

150 834 321 889 quam
343 816 573 872 adamas
606 817 988 888 incorruptum
1020 826 1138 871 erat
1175 834 1240 871 ae
1274 816 1557 887 illaesum;
1609 819 1757 875 sieut

150 902 207 948 et
226 892 299 947 de
314 894 423 947 isto
442 890 741 947 referentes
760 900 1055 955 testantur,
1097 892 1254 947 nullo
1281 892 1466 949 labore
1497 892 1756 967 frangen-

150 967 291 1023 dum
305 983 433 1023 esse
452 976 505 1023 et
519 968 703 1023 omnis
720 968 853 1023 ferri
873 968 1045 1021 ictum
1067 968 1166 1021 vix
1185 968 1416 1023 sentire:
1448 967 1524 1023 ita
1543 977 1630 1033 ut,
1655 970 1754 1041 qui

149 1043 319 1099 illum
346 1050 679 1113 percuteret,
722 1044 844 1115 ipse
870 1042 1041 1097 ictum
1070 1050 1347 1113 pateretur
1365 1050 1418 1099 et
1435 1043 1756 1099 caedentem

152 1117 445 1173 recideret.
548 1118 693 1173 Haeo
736 1128 793 1173 et
844 1117 1114 1189 Sampson
1161 1118 1363 1189 spiritu
1407 1119 1754 1175 custodiente

150 1211 288 1266 prae
322 1209 387 1247 se
423 1192 659 1259 ferebat,
708 1211 743 1249 a
781 1194 935 1248 nullo
972 1210 1266 1263 umquam,
1321 1194 1482 1265 quasi
1520 1194 1750 1259 dixeris,

151 1268 370 1324 bellum
390 1268 719 1324 sustinuisse
734 1310 747 1333 ,
778 1286 961 1340 neque
976 1269 1362 1339 imperatoriae
1383 1270 1646 1326 victoriae
1665 1288 1756 1325 se-

149 1342 585 1417 eundasgloriae
600 1346 807 1416 cuique
826 1344 1125 1412 concessit3
1152 1346 1365 1401 eunctis
1387 1347 1536 1401 enim
1553 1364 1756 1421 aggre—

152 1418 443 1475 dientibus
492 1418 561 1474 ad
600 1437 729 1475 eum
766 1418 1190 1491 percutiendum
1229 1416 1578 1477 illaede'ndus
1617 1431 1752 1478 erat.

154 1496 269 1551 {mo
290 1512 470 1567 neque
490 1494 559 1549 ab
580 1494 695 1551 ullo
716 1494 823 1550 telo
844 1494 1284 1551 adversariorum
1295 1495 1558 1559 damnum
1576 1500 1754 1571 patie-

152 1572 341 1627 batur:
373 1570 475 1641 qui
496 1571 649 1625 enim
670 1587 867 1625 nocere
886 1570 940 1625 ei
957 1570 1244 1637 volebant,
1267 1580 1588 1645 retorquens
1613 1583 1754 1629 stra-

151 1658 369 1719 tegema
388 1646 449 1701 in
470 1663 662 1701 eorum
684 1645 1080 1701 detrimentum
1103 1648 1445 1721 insurgebat.

948 1736 969 1759 0

266 1776 355 1829 20.
405 1772 704 1838 Quoniam,
744 1780 806 1826 ut
832 1770 1066 1835 dicitur,
1107 1770 1244 1826 solet
1272 1788 1534 1845 magnum
1569 1774 1754 1828 virum

148 1845 591 1921 sequi'invidia‚
655 1853 708 1901 et
734 1846 879 1903 sicut
908 1856 989 1902 est
1016 1847 1132 1901 vita
1157 1845 1424 1923 perfecta,
1467 1861 1607 1916 opus
1626 1846 1756 1918 perss

151 1926 365 1981 fectum
392 1922 454 1976 in
484 1938 547 1977 eo
577 1920 801 1993 publice
818 1922 1202 1977 demonstrari.
1279 1920 1486 1975 Verum
1505 1920 1755 1976 infirmae

148 2000 221 2073 (s.
257 1996 495 2071 infirma)
522 1996 879 2053 humanitatis
912 1995 987 2073 [⁹¹⁶]
1020 2004 1214 2051 natura
1243 2012 1351 2049 non
1378 1995 1602 2050 videtur
1637 2014 1756 2051 ma—

146 2072 509 2151 gnitudinem
544 2072 637 2128 dei
674 2072 804 2129 doni
846 2074 1110 2145 recipere.
1197 2069 1375 2136 Quare
1414 2071 1579 2127 etiam
1624 2082 1756 2127 tunc

148 2152 427 2221 Sampson
448 2150 706 2223 spiritum
724 2149 1029 2221 recipiens,
1075 2145 1312 2202 habebat
1341 2145 1569 2217 quidem
1599 2146 1756 2202 forti-

152 2226 377 2280 ficatum
398 2234 451 2281 et
472 2225 542 2279 ad
561 2226 809 2297 vigorem
830 2240 1027 2295 corpus
1043 2265 1055 2287 ,
1099 2222 1197 2278 sed
1227 2220 1430 2275 debilis
1461 2223 1755 2277 convince-

154 2301 317 2357 batur
336 2301 518 2356 anima
538 2309 592 2356 et
610 2300 971 2355 effeminatior
987 2296 1303 2353 carnalibus
1329 2296 1751 2369 cupiditatibus

254 2430 353 2483 Ἥ.
410 2420 707 2498 Siquidem
734 2428 958 2498 vigenis
988 2426 1192 2480 virtute
1221 2440 1348 2487 sua,
1391 2440 1562 2495 quum
1594 2424 1754 2479 ambo

155 2502 210 2557 in
230 2519 347 2557 uno
374 2510 619 2573 tempore
646 2501 867 2557 adultae
897 2501 1088 2555 aetatis
1116 2506 1300 2555 essent
1313 2540 1326 2563 ,
1367 2507 1484 2553 tum
1508 2499 1754 2571 corporis

156 2594 325 2632 sunus
344 2577 499 2631 νεῦσι-
526 2584 582 2631 et
600 2578 773 2631 animi
790 2574 1098 2647 cupiditas»,
1113 2571 1437 2638 secundum
1455 2573 1515 2628 id
1535 2583 1754 2647 tempus

156 2661 289 2723 puto
324 2650 674 2707 desiderasse
710 2653 957 2707 animum
995 2650 1248 2705 mulieris
1277 2648 1508 2715 coitum,
1556 2668 1756 2707 secun·-

153 2720 291 2785 dnm'
308 2727 463 2801 quod
482 2744 685 2801 eorpus
704 2736 821 2783 erat
836 2724 1084 2781 satietate
1103 2724 1410 2850 explcetu²m‚
1436 2734 1498 2783 ut
1512 2726 1754 2799 perfecta

1267 2815 1295 2848 G
