2125 3084
198 202 285 267 [l'L
312 198 433 264 244]
576 204 657 248 IN
697 202 1051 249 GENESIN.
1101 204 1354 250 SERMO
1393 206 1482 253 IV.
1747 200 1811 251 67

230 302 235 309 '
310 306 572 377 Aequum
594 310 677 358 est
692 345 704 368 ,
748 311 811 357 ut
830 310 883 379 et
903 304 1194 375 sequentia
1213 322 1321 360 non
1341 308 1657 361 omittamus
1683 324 1814 378 pro-

198 382 371 447 ferre3
398 396 508 433 non
532 379 681 433 enim
702 380 874 451 gratis
895 378 1108 434 dictum
1130 388 1231 444 est,
1256 381 1404 451 quod
1423 385 1630 439 stabant
1647 398 1813 450 supra

198 474 334 511 eum.
370 454 667 525 Siquidem
680 470 1049 524 superomnes
1073 462 1651 528 creaturasgeneratas
1673 456 1812 511 deus

200 539 309 596 est,
352 537 407 584 et
439 529 667 583 divinae
686 529 922 583 virtutes
952 528 1338 600 disponenteS,
1378 540 1730 601 procurantes
1760 540 1814 587 et

197 614 479 679 regentes
536 602 721 669 Quum
742 604 930 674 itaque
956 605 1268 659 universim
1289 612 1486 660 cuncta
1509 607 1815 661 necessaria

146 722 155 727 -
196 682 313 735 iam
343 679 495 734 dicta
524 679 665 742 sint,
711 677 779 731 de
807 678 930 749 ipsa
955 695 1087 733 vero
1107 696 1292 733 rerum
1311 678 1544 753 causa*)
1565 698 1674 735 non
1694 680 1816 734 obi-

196 766 283 811 ter
312 756 591 809 visionem
618 752 815 807 videre
843 752 1031 818 liceat,
1077 753 1185 809 sub
1215 771 1324 809 uno
1351 755 1560 809 intuitu
1595 756 1816 811 intelle-

198 838 327 886 ctus
376 829 662 901 duplicem
712 828 1079 899 apprehendit
1119 830 1538 902 apparitionem.
1639 830 1814 885 Unam

198 916 487 976 tamquam
519 900 611 957 dei
638 904 913 957 venientis
942 902 1159 958 duabus
1187 905 1488 960 virtutibus
1509 907 1815 979 superiori-

200 981 313 1035 bus
330 1021 343 1044 ,
383 996 415 1033 a
434 978 638 1049 quibus
660 978 861 1031 colitur
876 1020 888 1041 ‚
929 996 959 1031 a
980 980 1282 1035 creativa
1301 988 1361 1035 ut
1380 979 1570 1052 opifex
1591 982 1807 1045 mundi,

202 1064 261 1110 et
283 1054 357 1109 ab
376 1054 558 1125 regia
579 1060 639 1107 ut
658 1052 967 1108 dominator
988 1053 1184 1107 mundi
1205 1056 1316 1108 iam
1338 1054 1489 1109 facti.
1569 1054 1811 1111 Alteram

204 1146 343 1185 vero
382 1129 522 1183 sicut
560 1128 803 1183 virorum
851 1129 1267 1201 peregrinorum
1284 1169 1296 1192 ,
1357 1146 1467 1183 non
1511 1137 1812 1201 utcumque

204 1205 641 1267 occurrentium,
694 1202 795 1257 sed
825 1202 1220 1275 perfectiorum
1248 1204 1306 1257 in
1335 1202 1578 1258 humana
1618 1214 1812 1260 natura

203 1279 515 1336 secundum
547 1278 791 1350 corporis
822 1278 975 1333 dotes
1005 1284 1059 1333 et
1084 1277 1373 1351 dignitatis
1394 1278 1647 1335 honores,
1727 1282 1813 1335 Ex

204 1365 439 1427 utraque
469 1355 572 1408 hac
599 1354 943 1425 apparitione
965 1354 1241 1425 impulsus
1257 1396 1270 1418 ,
1315 1372 1462 1410 nunc
1487 1352 1560 1431 [⁴¹⁶]
1586 1356 1654 1411 ab
1678 1374 1805 1422 una,

205 1448 353 1486 nunc
375 1431 445 1484 ab
465 1429 633 1485 altera
656 1428 976 1483 trahebatur
997 1429 1065 1483 ad
1087 1429 1378 1495 visionem,
1408 1439 1462 1485 et
1482 1432 1580 1485 vix
1599 1440 1813 1504 poterat

206 1522 477 1570 asserere,
530 1520 674 1577 quae
714 1520 786 1558 ex
821 1504 937 1558 illis
976 1505 1172 1559 certior
1208 1504 1481 1561 credenda
1517 1506 1609 1561 sit.
1703 1508 1813 1562 Ita-

203 1598 311 1652 que
332 1588 560 1653 propter
579 1579 889 1634 cautionem
911 1586 964 1634 et
984 1580 1430 1636 incertitudinem
1453 1580 1683 1637 dubiam
1712 1600 1812 1637 nec

205 1656 463 1728 despexit
482 1670 665 1726 neque
680 1696 693 1719 ,
731 1663 795 1710 ut
812 1656 1092 1727 segniores
1110 1656 1340 1727 quidam
1356 1699 1368 1722 ,
1407 1656 1679 1712 oblivioni
1701 1666 1814 1712 tra-

206 1730 369 1796 didit,
395 1730 496 1785 sed
516 1738 808 1800 utramque
829 1732 1280 1803 imaginationem
1303 1740 1591 1803 acceptans
1612 1734 1808 1796 tenuit,

204 1807 407 1861 melius
428 1814 580 1861 ratus
602 1803 840 1859 dubium
862 1807 1049 1879 ipsum
1071 1806 1303 1861 reddere
1325 1806 1596 1859 familiare
1612 1847 1624 1868 ,
1655 1823 1816 1859 vera-

208 1883 342 1937 citer
361 1883 548 1953 potius
569 1896 740 1951 quam
762 1881 1101 1936 mendaciter
1115 1922 1127 1945 ,
1161 1880 1226 1934 ad
1249 1880 1656 1951 possessionem
1677 1879 1816 1933 dua-

207 1973 332 2011 rum
352 1958 626 2011 virtutum
647 1956 917 2010 maiorum
933 1998 945 2021 ,
988 1956 1332 2011 reverentiae
1355 1960 1406 2009 et
1427 1954 1811 2009 humanitatis:

207 2032 549 2087 reverentiae
598 2030 757 2085 iuxta
796 2048 965 2085 unam
1005 2030 1190 2086 ideam
1234 2030 1518 2085 oculorum
1558 2029 1811 2096 fixorum,

207 2114 480 2179 quatenus
502 2105 673 2161 deum
688 2105 860 2169 vidit,
892 2114 945 2161 et
971 2106 1331 2163 humanitatis
1353 2105 1659 2162 secundum
1679 2108 1817 2163 alte-

206 2200 323 2237 ram
353 2181 567 2246 ideam‚
621 2197 763 2252 quae
803 2180 872 2235 ad
908 2184 1230 2255 peregrinos
1261 2180 1486 2254 respicit
1522 2183 1815 2255 aequitatis

207 2257 657 2313 communicatio.
746 2254 905 2321 Quod
936 2266 1118 2311 autem
1141 2258 1210 2312 ad
1229 2265 1520 2329 utramque
1541 2259 1818 2330 imagina—

206 2332 411 2389 tionem
430 2341 619 2387 motus
641 2329 809 2385 fuerit
825 2372 837 2395 ,
869 2340 1017 2404 patet
1037 2328 1202 2387 etiam
1222 2350 1294 2387 ex
1311 2332 1622 2403 Scriptura:
1655 2333 1819 2401 quic-

208 2407 342 2478 quid
374 2408 528 2461 enim
559 2406 769 2460 dicitur
798 2404 866 2459 de
896 2424 1005 2462 uno
1034 2408 1125 2463 vel
1157 2406 1226 2461 ad
1253 2422 1430 2461 unum
1456 2405 1547 2459 vel
1579 2404 1648 2458 ab
1686 2420 1814 2466 uno,

208 2482 525 2537 testimonio
556 2488 640 2535 est
672 2482 1031 2551 apparitionis
1058 2490 1342 2552 tamquam
1373 2479 1492 2543 dei3
1544 2476 1820 2547 quicquid

208 2566 389 2611 autem
421 2557 493 2610 de
517 2554 783 2627 pluribus
810 2556 901 2611 vel
929 2554 999 2611 ad
1024 2557 1216 2628 plures
1231 2595 1244 2619 ,
1290 2554 1360 2607 ad
1385 2552 1640 2605 homines
1661 2552 1824 2621 quasi

205 2632 533 2705 peregrinos
553 2628 813 2685 refertur.

307 2760 351 2808 ⁴)
379 2760 453 2799 Ad
469 2758 676 2799 verbum:
706 2766 849 2807 opere,
879 2756 995 2807 quod
1012 2753 1177 2801 accipio
1196 2760 1274 2799 pro
1293 2750 1448 2798 opifice.
1500 2749 1538 2788 A
1551 2750 1724 2789 uehar.

1322 2800 1416 2849 E2
