2125 3084
182 230 400 299 [11‚388.]
521 234 605 279 IN
648 234 1006 280 GENESINt·
1050 235 1303 280 SERMO
1341 237 1431 284 IV.
1674 232 1773 285 2⁴3

184 348 286 393 tam
323 346 569 411 agentes·
659 334 871 391 Virtute
909 336 1085 389 ornati
1126 350 1255 390 vero
1290 352 1479 393 omnes
1516 337 1775 396 fruuntur

185 411 495 469 laetabundi
525 426 770 481 semper,
815 420 932 463 tum
961 409 1213 465 homines
1242 410 1330 465 vel
1362 413 1639 468 coniuncti
1668 414 1775 469 ali·-

183 506 286 561 quo
311 486 474 542 modo
503 502 632 540 cum
661 485 876 539 mortali
907 502 1133 556 corpore
1162 486 1393 557 spiritus
1408 528 1420 550 ‚
1461 495 1579 541 tum
1606 489 1773 545 soluti

181 564 526 635 separatique
545 559 854 615 secundum
873 560 1060 625 finem‚·
1088 570 1181 615 aut
1200 578 1477 633 nusquam
1496 562 1767 636 colligati3

182 656 278 695 nec
297 656 405 699 non
425 638 722 693 daemones
751 635 1016 709 (sacrati),
1056 652 1197 707 quos
1226 652 1379 692 sacro
1399 638 1581 694 Moses
1605 638 1777 693 verbo

181 718 384 785 angelos
402 714 602 769 solitus
621 710 728 766 fuit
747 711 1028 765 nominare
1042 750 1055 776 ,
1090 719 1146 766 et
1164 712 1382 767 stellae:
1427 728 1603 784 vquum
1625 714 1775 768 enim

180 791 272 846 isti
301 787 368 861 (s.
397 787 557 861 istae)
587 802 810 862 quoque
847 786 1249 841 intellectuales
1286 795 1567 859 tamquam
1606 790 1777 843 mira-

181 866 323 920 biles
341 862 681 934 divinaeque
701 870 928 916 naturae
947 870 1077 916 sunt
1090 902 1103 925 ,
1135 878 1245 916 non
1264 863 1495 918 mixtam
1516 863 1775 919 tristitiae

179 948 456 995 aeternam
471 938 802 1011 acquisitam
822 936 1028 991 habent
1058 937 1343 992 laetitiam.
1420 938 1618 1001 itidem
1647 941 1776 993 uni-

176 1027 406 1070 versum
443 1015 656 1072 eaelum
687 1021 740 1067 et
765 1011 1035 1075 mundus,
1086 1013 1347 1083 quoniam
1377 1014 1579 1069 animal
1610 1022 1695 1069 est
1722 1024 1777 1071 et

176 1089 444 1146 rationale
475 1098 528 1145 et
552 1090 802 1143 animans
828 1088 1034 1144 virtute
1053 1086 1337 1159 praeditus
1358 1097 1413 1143 et
1431 1098 1624 1145 natura
1643 1090 1776 1161 phi-

177 1163 446 1236 losophus
461 1206 474 1229 ,
500 1173 659 1235 atque
680 1162 912 1219 eandem
929 1162 1002 1217 ob
1021 1179 1245 1217 oausam
1264 1164 1485 1220 tristitia
1505 1174 1559 1220 et
1578 1167 1775 1221 timore

177 1256 374 1296 carens
410 1239 718 1311 plenusque
754 1236 970 1312 gaudii.
1045 1239 1219 1293 Immo
1258 1239 1490 1305 dieitur,
1532 1240 1681 1312 quod
1720 1249 1775 1295 et

171 1319 302 1389 ipse
339 1323 496 1387 pater
531 1322 584 1371 et
621 1323 828 1369 creator
864 1315 1250 1369 universorum
1278 1324 1543 1387 perpetuo
1572 1317 1631 1371 in
1659 1317 1774 1371 vita

172 1408 276 1447 sua
307 1390 544 1447 exsultat
573 1398 627 1445 et
655 1390 824 1453 ludit,
867 1389 1117 1463 gaudens
1144 1389 1475 1447 condecente
1513 1392 1771 1447 divinum

173 1470 358 1523 iocum
386 1464 756 1529 iucunditate,
800 1482 901 1519 nec
927 1480 1069 1537 opus
1099 1465 1311 1521 habens
1336 1467 1510 1526 ullius
1532 1484 1635 1522 nee
1654 1466 1772 1527 ullo

169 1794 430 1849 homines
451 1793 643 1847 semoti
674 1791 940 1847 malorum
953 1831 967 1855 ‚
1011 1790 1111 1845 sed
1132 1792 1297 1845 stiam
1318 1790 1533 1845 animae
1552 1789 1773 1847 disiun-

171 1876 299 1923 ctae
319 1867 657 1937 corporibus,
680 1872 776 1922 aut
793 1867 919 1921 sine
933 1864 1079 1919 nodo
1098 1864 1343 1935 eorporis
1362 1862 1588 1927 liberae,
1612 1880 1775 1934 prae-

169 1943 350 2015 cipue
377 1940 666 2008 daemones
680 1983 694 2006 ‚
735 1958 876 2013 quos
895 1940 1195 2011 religiosus
1212 1938 1392 1993 Moses
1407 1940 1617 2004 anqelos
1638 1938 1778 1994 solet

167 2017 488 2075 nominare.
558 2018 828 2089 Ipsaeque
855 2014 1077 2077 stellae,
1118 2014 1178 2069 in
1206 2010 1415 2083 quibus
1444 2012 1777 2084 intelligibi-

168 2095 258 2149 les
279 2100 338 2149 et
358 2092 583 2147 divinae
602 2100 934 2167 generantur
954 2098 1007 2146 et
1025 2088 1312 2145 immixtae
1326 2130 1339 2153 ,
1370 2088 1461 2144 vel
1480 2087 1666 2159 potius
1686 2105 1778 2143 se-

165 2177 376 2225 motas‘
391 2168 744 2224 tristitiarum
781 2165 988 2222 formae
1026 2173 1273 2220 terrenae
1312 2164 1551 2220 laetitiae
1582 2180 1612 2217 a
1640 2180 1777 2235 paee

165 2242 436 2299 similiter
473 2252 530 2299 et
565 2260 732 2299 omne
767 2242 983 2298 coelum
1019 2248 1076 2297 et
1113 2238 1357 2295 mundus
1396 2238 1585 2311 (mary.
1623 2239 1775 2297 omni

165 2319 330 2381 coelo
347 2318 702 2391 memendus)
717 2360 730 2383 ,
770 2318 903 2389 quia
923 2316 1127 2373 animal
1150 2325 1233 2387 est
1253 2312 1653 2373 etorationabile
1666 2354 1679 2377 ‚
1725 2321 1779 2368 et

165 2394 378 2449 animal
400 2396 624 2467 insigne
637 2434 652 2459 ‚
675 2400 730 2449 et
747 2392 1102 2465 philosophia
1120 2392 1369 2463 plenum,
1398 2390 1635 2461 ideoque
1656 2389 1778 2444 sine

163 2468 398 2525 tristitia
412 2470 442 2534 ,’
455 2470 580 2524 'sime'
599 2470 822 2537 timore,
847 2468 1075 2541 plenum
1094 2467 1279 2539 potius
1298 2465 1570 2522 libertate.
1628 2466 1779 2521 Diei-

163 2553 262 2600 tur
281 2545 697 2615 quoqueetiam
715 2554 870 2615 pater
899 2553 955 2598 et
980 2548 1197 2598 'exuratur
1221 2541 1600 2596 universitatis
1631 2556 1780 2597 sem-

161 2634 271 2691 per
311 2618 484 2691 digno
519 2636 626 2685 suo
665 2620 794 2674 lusu
829 2618 1110 2674 delectari.
1187 2615 1495 2675 Delectatur
1532 2617 1681 2671 enim
1720 2615 1779 2670 in

162 2694 474 2765 splendore
495 2694 773 2748 virtutum
791 2701 844 2748 et
861 2700 1237 2753 ereaturarum
1256 2705 1481 2745 suarum
1500 2692 1781 2748 universi-

162 2776 304 2824 tate.
403 2767 688 2823 Invisibili
727 2784 856 2840 ergo
895 2766 1198 2836 exemplari
1236 2780 1307 2819 ex
1342 2765 1781 2836 incorporalibus
