2125 3084
302 151 395 206 ⁴38
742 151 1112 200 Pntnoms
1157 149 1434 198 mnam
1689 143 1762 210 [1,
1787 147 1946 213 aa]

294 273 475 328 usque
496 253 565 310 ad
584 254 996 324 conceptionem
1016 252 1187 307 solam
1208 251 1490 322 patiuntur
1507 250 1890 306 succumbere
1905 293 1938 316 ,

298 331 501 388 deinde
510 345 641 386 vero
662 327 956 400 aufugiunt
975 343 1173 390 marce,
1195 324 1464 396 completa
1485 325 1772 380 nimirum
1793 327 1934 398 lege

298 414 523 462 naturae
538 445 551 469 ‚
600 421 743 476 quae
767 418 867 475 pro
896 401 1244 475 generatione
1272 409 1326 454 et
1353 399 1712 470 corruptione
1741 403 1924 456 maris

298 499 429 538 cum
450 481 655 536 femina
674 477 959 533 adinvenit
982 477 1189 531 coitum
1209 475 1803 546 coniunctionemque.

413 610 498 663 49.
546 605 737 660 Nonne
768 603 954 674 itaque
983 619 1224 674 aequum
1250 610 1360 666 est,
1402 609 1464 656 ut
1493 600 1760 656 homines
1779 619 1918 658 eru-

298 683 527 738 bescant
563 679 825 736 effraenes
862 695 991 734 suas
1030 677 1289 733 lascivias
1325 674 1396 731 ad
1432 677 1916 747 comparationem

299 758 531 814 istorum
552 751 953 810 continentiae?
1002 753 1142 808 Nam
1161 768 1271 822 qua
1291 751 1515 806 demum
1533 751 1668 806 anni
1687 759 1918 824 tempe—

298 841 439 889 state
459 830 709 886 homines
728 826 957 899 quidam
976 827 1230 884 venereis
1249 827 1544 890 abstinent,
1569 843 1727 880 more
1750 826 1912 882 ducti

300 905 759 963 incontinentium
772 943 787 968 ‚
816 902 1035 967 miseri,
1067 919 1176 958 non
1195 902 1434 956 contenti
1453 901 1800 972 coniugibus
1817 919 1906 956 so-

301 981 375 1038 lis
390 1023 402 1046 ‚
445 980 589 1035 foras
616 977 804 1034 oculos
833 983 1115 1034 versantes
1145 977 1576 1047 circumquaque
1606 984 1664 1030 et
1691 977 1758 1030 in
1787 993 1906 1032 me-

300 1057 525 1112 retrices
546 1054 815 1118 furentes,
850 1052 1212 1108 hereditatem
1235 1050 1507 1107 illustrem
1529 1051 1768 1106 minime
1787 1069 1904 1106 ser-

301 1139 519 1193 vantes,
562 1128 664 1184 sed
689 1128 1049 1201 ignominiam
1076 1135 1563 1197 paupertatemque
1591 1143 1694 1198 pro
1723 1127 1904 1198 gloria

302 1212 492 1260 mutuo
512 1201 842 1274 probantes?
898 1201 1017 1268 Quo
1034 1201 1094 1255 fit
1108 1242 1121 1266 ‚
1152 1209 1214 1256 ut
1233 1200 1486 1266 nonnulli
1505 1217 1580 1256 ex
1591 1201 1902 1256 iuvenibus

302 1277 639 1334 florescentis
680 1278 896 1342 aetatis,
951 1283 1260 1347 contempta
1291 1283 1492 1340 morte,
1533 1274 1904 1347 cupiditatem

303 1353 449 1408 vitae
466 1359 823 1423 anteponant,
854 1360 1191 1407 caeterorum
1209 1351 1391 1423 legem
1407 1351 1762 1424 coniugalem
1783 1351 1906 1406 dis-

303 1426 543 1482 solvant:
606 1443 709 1480 nec
734 1426 1080 1496 providentis
1108 1425 1463 1481 moderatoris
1487 1425 1782 1483 hominum
1806 1443 1904 1480 ve-

302 1502 395 1556 riti
424 1499 696 1559 iudicium
725 1517 905 1571 neque
935 1502 1116 1573 legem
1135 1502 1194 1555 in
1213 1499 1488 1558 adulteros
1509 1500 1676 1556 latam
1696 1501 1906 1556 timen-

303 1585 411 1640 teS,
453 1591 631 1646 neque
662 1584 925 1647 paventes
954 1576 1253 1632 immanem
1278 1575 1794 1646 inexorabilemque
1813 1575 1904 1630 fu-

304 1667 481 1707 rorem
527 1651 845 1706 maritorum
892 1659 1122 1712 mortem
1163 1651 1491 1706 minantium
1505 1689 1518 1714 ,
1581 1651 1795 1722 quibus
1835 1649 1906 1706 ad

306 1727 509 1783 maiora
545 1725 751 1780 scelera
788 1726 975 1799 passio
1012 1726 1297 1796 inexperta
1324 1726 1441 1782 vim
1470 1724 1603 1780 facit
1627 1734 1691 1781 ut
1718 1725 1905 1780 homi-

304 1801 515 1857 cidium
546 1801 852 1857 admittant.
927 1802 1146 1856 Etenim
1174 1801 1349 1872 aliqui
1378 1799 1708 1856 excedentes
1735 1801 1904 1856 muli-

304 1879 437 1932 tiam
452 1919 465 1942 ,
501 1876 569 1932 ad
591 1878 767 1950 magis
787 1877 1117 1931 iniuriosum
1139 1876 1342 1930 coitum
1365 1875 1581 1940 furunt,
1623 1879 1687 1950 τῇ
1714 1876 1903 1931 παιδε-

306 1955 521 2024 ραστίᾳ,
542 1969 652 2022 quo
672 1969 779 2006 non
800 1952 978 2006 solum
1000 1948 1206 2015 civilia,
1228 1967 1424 2005 verum
1445 1953 1610 2005 etiam
1630 1950 1904 2006 naturalis

306 2025 446 2098 legis
475 2035 765 2098 praecepta
792 2027 1088 2081 violantur.
1165 2025 1435 2092 Quoniam
1462 2024 1804 2080 destruendo
1826 2027 1906 2080 le-

306 2117 431 2174 gem
460 2100 800 2156 immobilem
830 2101 899 2155 ab
929 2103 1050 2172 ipsa
1077 2101 1304 2155 veritate
1331 2101 1816 2173 reprehenduntur
1837 2101 1904 2155 de

307 2175 447 2231 facto
485 2175 709 2240 illicito,
763 2192 936 2247 quum
974 2178 1252 2231 incassum
1289 2177 1562 2231 seminent
1601 2185 1655 2235 et
1692 2175 1902 2232 foetum

306 2251 577 2321 perimant
594 2252 1059 2322 immaturumque
1081 2250 1348 2306 emittant.

416 2379 503 2429 50.
544 2375 891 2432 caeterorum
910 2384 1094 2432 tamen
1115 2379 1476 2432 animantium
1499 2375 1572 2453 [*]
1597 2377 1899 2433 honestatis

306 2449 657 2504 manifestum
676 2459 1059 2523 argumentum
1081 2469 1152 2506 ex
1170 2453 1432 2524 operibus
1460 2461 1608 2524 patet
1623 2461 1691 2508 -et
1719 2454 1900 2508 zelum

305 2529 489 2603 contra
510 2523 837 2580 libidinosos
851 2566 865 2590 ‚
898 2541 1036 2596 quos
1057 2527 1607 2598 impudentesstatiin
1630 2529 1904 2599 repellere

304 2599 579 2648 nituntur:
640 2599 717 2652 ita
746 2606 834 2664 ut,
875 2601 937 2654 si·
943 2615 1043 2670 pro
1062 2609 1306 2673 tempore
1327 2611 1600 2674 nequeant
1615 2611 1906 2674 compotes

302 2678 423 2716 2⁸⁵0
439 2703 451 2724 2
494 2679 861 2736 opportunum
889 2677 1289 2745 praestolentur
1315 2686 1549 2750 tempus.
1627 2676 1690 2731 ld
1714 2685 1911 2732 autem
