2125 3084
198 184 287 250 [[1,
314 181 435 247 331.]
570 186 650 231 ΙΝ
688 186 1043 235 GENESIN.
1081 188 1334 235 SERHO
1369 190 1456 238 IV.
1708 184 1804 236 ΜΒ

200 288 455 357 dicitque
472 286 715 340 monitus
736 286 903 341 verbo
925 286 1023 342 illo
1042 290 1152 341 bibe
1181 297 1262 350 tu,
1301 289 1452 359 quod
1479 297 1593 344 erat
1622 288 1807 343 disce·-

201 380 287 429 τες
344 368 511 432 atque
531 359 677 433 vidit
695 360 933 415 camelos
953 368 1165 433 potatos
1178 402 1190 425 ‚
1225 371 1359 432 puta
1379 364 1694 421 memoriam
1715 365 1806 419 vi-

202 437 418 492 vaciter
464 443 765 491 recreatam
810 466 887 477 —
932 436 1236 507 gratiarum
1282 437 1549 492 actionem
1564 479 1576 502 ,
1639 447 1803 510 atque

204 512 414 585 gratias
444 508 612 564 refert
636 510 901 582 magistro
930 527 1059 565 cum
1085 527 1313 565 munere
1351 510 1801 577 familiarissimo,

204 603 303 657 pro
334 584 542 640 auditis
571 584 881 656 rependens
909 586 1131 639 inaures
1171 584 1242 640 ad
1279 594 1531 641 ornatum
1567 588 1802 650 aurium,

204 677 382 733 quum
412 658 649 731 verbum
676 666 793 715 erat
820 659 1068 716 docentis
1099 668 1154 719 et
1181 660 1331 717 auris
1359 660 1680 732 recipientis
1710 661 1809 715 do-

204 736 443 790 ctrinam
456 752 471 803 ;
522 750 622 805 pro
650 741 835 789 autem
862 750 1026 805 opere
1046 733 1190 789 facto
1209 735 1693 791 monumenti-loco
1711 734 1811 791 da—

202 819 293 865 tae
312 816 445 864 sunt
464 807 713 865 armillae
732 816 793 865 ut
811 817 1128 865 ornamenta
1149 810 1444 865 memoriae
1463 818 1520 867 et
1535 826 1754 883 operae.

210 966 313 1017 em
352 965 544 1014 inaurea
586 963 701 1013 dicit
742 980 801 1012 ex
842 963 1075 1014 drachma
1117 966 1186 1028 (ε.
1225 964 1532 1029 didrachmo)
1544 964 1601 1029 ¹²)
1629 966 1813 1031 ponde-

344 1033 433 1094 ris,
488 1030 701 1085 armillas
752 1039 906 1081 autem
958 1046 1018 1079 ex
1069 1030 1228 1081 ἆεοεπι
1269 1048 1414 1095 awo,
1469 1050 1568 1095 nou
1601 1050 1712 1088 vero
1755 1050 1814 1083 ex

346 1098 551 1162 quinque
585 1096 789 1161 quinque
824 1102 976 1147 auro?
1010 1098 1130 1163 (ib.)

333 1202 445 1253 Ηθ.
487 1197 709 1271 Optime
726 1198 839 1253 duo
856 1198 1043 1254 divisa
1073 1199 1294 1255 reduxit
1325 1202 1382 1255 in
1413 1218 1586 1255 unum
1597 1199 1712 1274 **)‚
1753 1209 1814 1255 ut

208 1290 443 1347 pravam
471 1272 1036 1329 naturamdualitatis
1067 1282 1408 1331 commutans
1439 1276 1660 1347 adaptet
1687 1292 1814 1347 pro-

206 1350 377 1405 bitati
404 1348 659 1418 unitatis3
722 1348 833 1404 duo
862 1365 993 1404 vero
1020 1349 1320 1423 dere-liquit
1351 1352 1475 1406 sine
1513 1350 1810 1405 divisione.

208 1424 485 1492 Quoniam
517 1422 749 1496 (decem)
778 1423 1051 1482 dividitur
1079 1426 1139 1481 in
1167 1425 1418 1498 quinque
1443 1425 1603 1489 bina,
1647 1424 1813 1480 decas

210 1507 397 1555 autem
418 1498 615 1553 melior
630 1500 883 1570 quinque
902 1514 1132 1556 numero
1151 1508 1258 1574 est:
1297 1500 1395 1557 illa
1413 1502 1563 1556 enim
1582 1507 1666 1557 est
1685 1518 1816 1573 per-

211 1574 553 1629 fectissimus
572 1590 839 1635 numerus
852 1614 865 1639 ‚
888 1574 1106 1645 plenior
1125 1584 1180 1635 et
1197 1576 1448 1648 superior
1462 1618 1475 1642 ,
1501 1585 1666 1647 atque
1686 1592 1816 1647 pro-

210 1650 373 1721 prius
415 1648 627 1703 divinis
664 1649 837 1703 etiam
872 1650 1154 1723 myster-iis
1198 1648 1466 1722 (oraculis
1511 1650 1812 1723 decalogi).

210 1723 475 1794 Quinque
502 1740 633 1781 vero
663 1737 927 1779 numerus
953 1740 1217 1783 'mensura
1242 1733 1326 1781 est
1352 1740 1618 1779 sensuum
1633 1764 1645 1787 ‚
1688 1740 1818 1778 sen-

212 1816 312 1853 sus
342 1803 527 1853 autem
556 1798 626 1853 ad
650 1798 993 1854 intellectum
1013 1816 1076 1854 se
1095 1799 1264 1853 babet
1281 1801 1426 1854 siout
1444 1800 1622 1853 viator
1641 1796 1711 1851 ad
1729 1814 1820 1851 re-

213 1888 364 1945 gem.
443 1874 665 1928 Insania
702 1876 833 1947 ergo
870 1872 1071 1929 fuisset
1107 1872 1336 1927 meliora
1367 1873 1427 1925 in
1456 1872 1644 1942 peiora
1670 1886 1822 1925 com-

212 1955 449 2003 mutare.
528 1946 705 2013 Quam
733 1964 860 2003 vero
886 1948 1088 2006 habeat
1105 1954 1356 2001 naturam
1375 1944 1540 2001 decas
1555 1986 1568 2009 ‚
1601 1953 1714 2000 tam
1733 1962 1824 2001 se-

214 2021 465 2077 eundum
485 2022 901 2095 intelligibilem
926 2020 1001 2097 [Ἴ
1023 2021 1388 2078 substantiam
1403 2063 1415 2087 ‚
1453 2037 1622 2094 quam
1641 2022 1822 2075 sensi-

216 2096 417 2161 bilem,
460 2099 573 2153 iam
600 2097 812 2153 dictum
840 2106 924 2153 est
950 2100 1009 2153 in
1040 2096 1212 2163 libro,
1253 2097 1313 2152 in
1342 2113 1452 2169 quo
1483 2096 1552 2152 de
1572 2096 1820 2154 numeris

217 2179 403 2227 aetum
422 2180 531 2228 est..
582 2174 744 2227 Nunc
762 2181 945 2233 tamen
962 2182 1178 2233 tantum
1199 2168 1282 2227 est
1302 2172 1600 2229 dicendum
1614 2214 1628 2237 ,
1669 2171 1822 2244 quod

216 2254 274 2301 et
312 2246 373 2300 in
409 2245 619 2303 mundo
657 2246 849 2305 decem
888 2256 1019 2303 sunt
1054 2248 1240 2305 omnia
1268 2258 1321 2305 et
1347 2250 1408 2304 in
1437 2248 1682 2302 homine.
1759 2248 1821 2300 ln

217 2320 429 2375 mundo
448 2321 679 2391 quidem
698 2323 997 2395 septenarii
1016 2321 1336 2397 (planetae),
1363 2332 1417 2377 et
1433 2330 1662 2377 octavus
1684 2318 1824 2373 fixo-

216 2412 345 2449 rum
384 2395 615 2468 globus,
656 2404 715 2453 et
746 2412 891 2469 quae
928 2397 1035 2452 sub
1076 2398 1208 2453 luna
1235 2405 1366 2452 sunt
1393 2396 1562 2451 unius
1591 2394 1818 2465 speciei,

216 2469 513 2525 mutabilia
540 2487 641 2543 per
669 2488 757 2538 se3
820 2471 912 2527 dei
942 2480 1126 2527 autem
1154 2472 1389 2535 verbum
1427 2471 1603 2524 rector
1639 2474 1722 2521 est
1762 2483 1825 2520 ac

322 2608 367 2657 ·)
393 2610 517 2651 Arm.
543 2612 617 2651 hie
642 2614 689 2651 et
713 2612 826 2653 intra
849 2613 1047 2653 mmm
1073 2612 1219 2652 habet.
1278 2610 1331 2649 ιιι
1355 2610 1488 2649 sacru
1514 2608 1672 2647 utteris
1696 2606 1828 2647 habet

218 2660 443 2700 denudum
469 2671 506 2700 s.
536 2664 761 2709 drachma,
791 2662 864 2702 Gr.
893 2661 1075 2714 δραχμή,
1103 2663 1160 2701 al.
1189 2658 1429 2709 δίδραχμον.
1479 2658 1639 2699 Auen.

322 2725 399 2773 ¹⁵)
424 2737 463 2767 a.
491 2729 739 2769 dualitatem
765 2730 907 2771 divicit
929 2730 976 2771 in
1000 2730 1194 2770 unitates.
1246 2726 1404 2765 Aueh.

293 2776 523 2829 Pnrno
562 2780 679 2831 vu.
1364 2776 1416 2824 K
