2125 3084
315 173 416 227 242
589 177 783 223 PHIL.
818 177 968 223 [UD.
1007 176 1330 234 QUAEST.
1362 176 1461 221 ET
1496 177 1655 223 801..
1694 174 1913 241 [masa]

319 328 450 386 Qufd
491 338 595 377 erat
641 326 800 389 badas,
857 343 992 391 quem
1029 336 1279 391 porrectus
1322 326 1597 377 Abimelech
1640 346 1733 393 per
1772 332 1914 395 fene-

379 406 526 445 stram
561 394 680 445 vidit
713 394 936 443 Isaacum
974 394 1203 443 ludentem
1243 410 1344 443 cum
1378 412 1526 444 uxore
1562 402 1684 447 sua?
1727 398 1844 460 (ib.)

427 518 543 569 488.
594 515 798 571 Littera
825 514 1297 568 conversationem
1322 522 1575 569 mutuam
1604 515 1813 570 indicat
1831 516 1915 571 le-

310 591 494 663 gitimi
523 588 632 645 viri
659 606 790 644 cum
819 604 1009 643 uxore.
1090 586 1175 643 Ad
1210 596 1454 644 mentem
1480 606 1612 644 vero
1640 590 1785 645 illud
1810 592 1915 646 ad-

311 665 612 738 aptandam
633 666 738 719 erit
751 705 764 728 ,
789 663 938 736 quod
955 679 1067 718 non
1084 665 1267 719 omnis
1289 664 1455 719 ludus
1472 665 1911 721 contemnendus

308 750 410 795 est.
477 740 790 811 Aliquando
807 756 1048 811 namque
1069 738 1275 794 nobilis
1294 748 1458 811 atque
1480 738 1777 794 laudabilis
1799 750 1903 805 est,

307 815 761 887 quandoquidem
781 815 1007 887 signum
1027 822 1111 869 est
1138 815 1485 869 innocentiae
1500 821 1555 868 et
1572 814 1907 871 sinceritatis

306 892 434 962 puri
465 891 710 945 convivii
739 889 950 953 cordis,
994 890 1129 961 quia
1156 890 1400 961 simplex
1425 898 1479 945 et
1497 888 1903 946 infraudulenta

307 975 455 1020 aetas
478 965 789 1020 ludentium
809 964 1146 1037 (puerorum)
1168 974 1277 1019 est:
1317 962 1391 1039 [³¹⁶]
1422 964 1573 1021 unde
1594 973 1648 1021 et
1664 976 1803 1037 puer
1823 965 1907 1038 (ac

308 1040 506 1095 ludens
517 1040 570 1114 *)
590 1042 648 1095 in
669 1040 786 1113 Gr.)
807 1043 1052 1111 primum
1074 1057 1272 1095 nomen
1293 1041 1458 1111 cepit,
1489 1058 1560 1095 ex
1578 1057 1689 1111 quo
1708 1059 1909 1097 secun-

307 1116 442 1170 dum
461 1132 627 1171 usum
648 1124 929 1187 receptum
951 1122 1004 1170 et
1023 1112 1391 1189 perfectorum
1410 1114 1729 1171 iucunditas
1756 1126 1907 1189 grata

305 1200 359 1245 et
398 1191 626 1246 honesta
667 1200 888 1245 vocatur
925 1190 1125 1261 paedia
1154 1190 1438 1263 (relaxatio
1468 1189 1667 1257 animi,
1719 1190 1903 1257 ludim,

305 1266 509 1339 iocus),
560 1266 720 1320 cuius
762 1266 1139 1338 imparticipes
1179 1272 1232 1321 et
1271 1264 1586 1321 nullatenus
1624 1276 1909 1339 gustantes

307 1342 659 1412 reperiuntur
679 1340 811 1394 mali
833 1349 886 1394 et
907 1340 1131 1406 lascivi,
1173 1342 1386 1396 tristem
1408 1358 1471 1395 ac
1491 1338 1801 1397 dolorosam
1823 1344 1910 1398 vi-

405 1480 450 1527 *)
493 1480 658 1519 Anudit
692 1481 746 1519 ad
781 1480 966 1521 Graecas
999 1492 1129 1521 voces
1172 1486 1289 1530 παῖς,
1334 1493 1465 1532 puer,
1510 1480 1692 1531 παίζων,
1745 1479 1905 1531 liudem,

303 1532 415 1571 sicut
451 1534 494 1570 et
529 1532 654 1579 paulo
689 1536 787 1581 post
820 1530 979 1571 παιδιά.
1030 1532 1190 1573 Auch-

309 1769 582 1821 C‘uiusmodi
625 1770 750 1821 lusus
783 1770 992 1834 videtur,
1049 1786 1183 1835 quem
1211 1771 1505 1835 prospiciens
1538 1769 1811 1821 Abimeleclz
1849 1770 1913 1819 de

355 1839 581 1903 fenestra
605 1839 722 1889 vidit
747 1838 894 1889 Isaac
921 1838 1153 1889 ludentem
1178 1856 1280 1889 cum
1309 1856 1455 1889 uxore
1480 1855 1571 1889 sua
1586 1836 1841 1889 Rebecca?

420 1960 535 2012 488.
595 1955 680 2013 Ex
707 1957 854 2013 dicto
883 1956 1113 2029 quidem
1143 1959 1319 2013 coitus
1350 1960 1665 2013 insinuatur
1694 1957 1805 2012 viri
1838 1956 1911 2011 ad

302 2036 580 2087 uxorem.'
629 2032 735 2087 Per
771 2034 1195 2107 intelligentiam
1232 2050 1364 2088 vero
1405 2034 1759 2088 aestimamus
1796 2050 1911 2087 non

301 2124 522 2162 omnem
559 2108 743 2161 iocum
771 2106 1225 2179 vituperabilem3
1278 2117 1361 2163 est
1390 2110 1539 2163 enim
1568 2116 1622 2163 et
1650 2124 1909 2163 necessa-

302 2184 421 2236 rius
441 2199 541 2254 pro
563 2181 829 2252 auspiciis
849 2184 1223 2249 innocentiae,
1256 2184 1631 2256 simplicitatis
1654 2192 1911 2255 et.purae

303 2256 686 2331 iucunditatis.
765 2257 878 2311 Nec
907 2260 1055 2311 enim
1087 2266 1251 2313 vexat
1282 2261 1481 2314 astutia
1512 2259 1784 2331 puerilem
1812 2276 1913 2313 ae-

303 2341 489 2386 tatem.
569 2330 726 2386 Unde
747 2332 912 2386 etiam
932 2344 1230 2403 puerorum
1252 2335 1551 2390 nominatio
1572 2342 1625 2388 et
1646 2330 1805 2389 lusus
1828 2336 1913 2389 si-

305 2406 462 2460 milat
489 2407 548 2461 in
569 2406 796 2461 Graeco.
876 2405 1313 2477 superveniente
1332 2418 1515 2465 autem
1534 2408 1911 2481 perfectorum

306 2480 666 2537 delectatione
687 2478 848 2535 facile
875 2482 1275 2553 transiguntur.
1353 2485 1451 2541 Est
1478 2486 1642 2553 etiam
1672 2485 1732 2538 in
1762 2485 1911 2555 ipsis

305 2553 590 2617 iocositaS‚
635 2556 795 2609 cuius
816 2554 1142 2626 elongantur
1162 2556 1411 2612 malivoli
1440 2575 1645 2623 mores,
1687 2559 1909 2615 tristem

306 2627 478 2677 vitam
507 2636 754 2695 petentes
784 2640 838 2683 et
865 2630 1107 2683 anxiam.
1188 2628 1434 2686 Studiosi
1461 2650 1592 2689 ,vero
1620 2643 1917 2704 praeterea

307 2696 648 2755 delectantur
689 2703 746 2756 in
785 2704 944 2757 bonis
972 2702 1235 2773 operibus
1264 2721 1516 2776 semperx
1549 2724 1658 2762 non
1687 2716 1915 2765 tantum
