2125 3084
334 152 433 206 444
824 156 1063 202 Pauo
1099 155 1439 204 amanus
1717 155 1805 220 sn,
1829 157 1956 222 aaa]

337 258 407 314 ad
433 255 815 330 vspectaculum
842 256 1168 313 inevitabile
1195 255 1502 314 videndum
1535 259 1790 320 invenire
1821 270 1956 319 stu-

334 333 518 390 debat.
599 331 770 386 Sedes
788 339 902 386 erat
921 331 973 386 ei
990 332 1098 386 sub
1117 331 1314 386 umbra
1329 373 1341 394 ‚
1369 347 1533 403 quam
1555 349 1628 390 ex
1645 335 1952 392 cucurbita

332 410 473 464 rami
494 406 935 470 circumdabant,
966 406 1353 461 umbraculum
1371 407 1638 478 optimum
1657 408 1828 480 eique
1852 411 1951 465 iu—

334 483 762 540 cundissimum.
814 483 953 536 Dum
972 497 1104 554 ergo
1124 483 1182 536 in
1205 481 1450 536 favillam
1473 481 1752 553 lapsuram
1773 485 1949 540 vide-

332 577 393 615 re
412 560 694 614 civitatem
714 557 1066 628 exspectabat
1080 597 1093 621 ‚
1123 565 1431 612 coronatam
1451 557 1724 611 cernebat.
1794 560 1946 614 Hinc

334 637 434 690 vix
452 633 873 689 commutatione
888 631 1130 703 quadam
1150 633 1296 687 vitae
1319 630 1486 696 facta,
1515 647 1654 703 quae
1683 633 1939 702 laetifera

336 717 481 765 esset
507 708 832 780 prophetae,
872 707 1138 761 Ninivitis
1163 706 1345 770 affuit,
1387 715 1626 763 moestus
1656 715 1838 762 autem
1869 725 1942 764 ac

334 786 509 842 tristis
536 783 907 838 Ninivitarum
936 789 1111 837 status
1139 782 1198 835 in
1224 782 1549 854 prophetam
1583 799 1776 838 versus
1812 791 1930 850 est3

254 851 264 863 '
334 861 595 933 quoniam
612 873 721 912 non
743 857 877 911 adeo
896 872 1025 910 eum
1037 856 1190 910 salus
1211 858 1456 912 civitatis
1479 858 1682 913 laetum
1699 855 1936 912 reddere

335 936 555 1007 quibat,
614 941 882 1006 quantum
920 931 1346 1014 praedicationis
1386 947 1519 988 suae
1545 933 1936 990 ‘inconstantia

314 1027 559 1094 ‘ravem
578 1009 822 1064 dolorem
840 1005 1083 1061 induxit.

446 1139 507 1194 4¹
520 1175 533 1190 .
573 1134 867 1206 Aspiciens
882 1133 1072 1204 itaque
1092 1143 1146 1189 et
1165 1132 1364 1188 videns
1385 1134 1664 1189 Ninivitas
1681 1133 1940 1192 choream

334 1212 537 1268 ducere
554 1218 611 1264 et
630 1208 1015 1282 symphoniam
1036 1208 1374 1264 canticorum
1407 1205 1492 1282 [Ἴ
1509 1209 1752 1264 audiens
1764 1245 1780 1275 ,
1819 1227 1941 1264 ma·-

334 1303 470 1344 num
489 1299 657 1340 mauu
675 1283 861 1356 pulsat
888 1293 943 1340 et
969 1283 1423 1347 lacrimabundus
1451 1283 1620 1340 dicit:
1659 1285 1774 1340 Hoc
1799 1294 1936 1350 erat,

332 1368 555 1432 propter
571 1357 721 1429 quod
738 1375 841 1431 ego
862 1357 1178 1432 fugiebam,
1215 1375 1324 1414 non
1351 1366 1414 1414 ut
1440 1361 1628 1414 omnia
1650 1358 1940 1416 videntem

333 1435 557 1490 oculum
586 1433 876 1497 evitarem,
910 1434 1009 1496 aed
1042 1443 1112 1490 ut
1131 1450 1286 1490 meae
1311 1433 1488 1490 famae
1511 1434 1772 1493 honorem
1792 1436 1940 1490 inte—

334 1525 497 1583 grum
526 1525 745 1564 servare
774 1508 1154 1575 decernerem,
1185 1509 1319 1566 eatis
1351 1525 1614 1574 noscens,
1647 1509 1802 1582 quod
1826 1527 1938 1566 nou

334 1585 403 1642 ad
433 1582 849 1656 deperdendum
874 1585 1157 1644 indicebat·
1183 1586 1514 1642 sententiam
1547 1586 1770 1651 montis,
1833 1603 1936 1642 ne-

334 1679 445 1734 que
466 1659 693 1716 firmiter
712 1659 1023 1718 minabatur
1044 1663 1124 1726 is,
1153 1662 1252 1732 qui
1273 1661 1490 1717 ruinam
1509 1660 1736 1716 reficere
1754 1663 1938 1717 inten-

333 1736 519 1794 debat.
598 1734 863 1792 Sciebam·
884 1737 1029 1810 illis,
1067 1737 1167 1807 qui
1197 1733 1589 1807 precabantur,
1628 1735 1826 1794 adesse
1847 1737 1936 1792 dei

333 1812 865 1876 reconciliationem,
908 1812 1007 1876 vix
1036 1811 1278 1868 laturum
1306 1811 1560 1867 lacrimas
1587 1811 1726 1866 istae
1749 1829 1936 1884 neque

332 1889 723 1960 despectui-um
742 1886 1071 1942 afflictorum
1091 1886 1303 1942 animos
1317 1927 1332 1951 ,
1355 1887 1519 1945 illum
1539 1887 1640 1958 qui
1657 1890 1936 1942 transmu-

332 1971 411 2020 tat
434 1963 703 2018 vultuum
730 1963 1011 2042 tristitiam
1040 1970 1095 2018 et
1121 1962 1392 2018 condonat
1423 1961 1686 2033 precibus
1711 1972 1934 2019 senten-

331 2039 465 2094 tiam
486 2039 697 2094 mortis.

444 2165 529 2222 42.
568 2163 686 2236 Ego
705 2171 886 2221 autem
909 2163 1097 2294 rufam
1116 2163 1266 2235 cepi,
1299 2171 1361 2219 ut
1385 2180 1494 2218 non
1515 2161 1695 2219 solum
1714 2162 1774 2218 in
1794 2170 1932 2218 terra

332 2239 425 2297 dei
446 2239 863 2312 benignitatem,
886 2256 947 2296 se
1008 2239 1174 2295 etiam
1191 2239 1248 2293 in
1271 2238 1410 2294 mari
1429 2238 1692 2292 virtutem
1708 2236 1932 2309 praedi·-

332 2331 481 2371 cem:
530 2312 805 2385 quomodo
840 2329 1039 2384 nempe
1075 2320 1358 2388 tamquam
1393 2329 1561 2368 curru
1595 2310 1848 2368 residens
1874 2312 1931 2367 in

330 2397 523 2446 ventre
549 2388 696 2462 (ceti)
721 2388 974 2460 portabat·
996 2396 1050 2442 et
1068 2387 1341 2460 quomodo
1360 2387 1652 2442 inimicum
1670 2386 1932 2440 interem-

330 2473 654 2538 ptoremqae
682 2471 863 2522 cetum
892 2462 1188 2520 custodem·
1205 2463 1448 2534 corporis
1485 2462 1596 2518 mei
1633 2460 1927 2525 habebam,

332 2548 387 2594 et
410 2536 687 2609 quomodo
712 2545 863 2592 tutus
884 2545 1156 2609 spectator
1181 2536 1324 2593 inter
1341 2537 1588 2608 pericula
1607 2536 1808 2592 sedeas
1825 2551 1936 2608 gu-

332 2613 587 2676 bernator
603 2611 712 2666 ceti
732 2610 932 2670 siurim
948 2653 961 2676 ‚
992 2613 1068 2666 ita
1087 2619 1176 2674 ut,
1205 2627 1327 2668 mea
1347 2614 1616 2666 sententia
1629 2652 1644 2674 ,
1671 2619 1822 2666 certa
1841 2627 1935 2666 sa-

334 2700 405 2740 ne
430 2684 811 2752 constantique
836 2685 1124 2746 oculorum
1151 2685 1642 2758 comprehensione
1679 2685 1933 2743 viderem
