2125 3084
323 166 415 217 146
563 169 756 213 PHIL.
794 167 943 213 IUD.
984 166 1312 224 QUAEST.
1351 166 1450 211 ΕΤ
1489 166 1654 213 SOL.
1693 160 1935 229 [11,332.]

317 283 664 353 dispensator
692 281 1105 345 universorum,
1153 278 1418 349 quoniam
1445 295 1644 335 novem
1675 282 1936 337 musicae

320 358 547 411 chorum
570 356 741 428 lyrice
762 357 819 409 in
842 354 1183 409 harmoniam
1215 353 1458 407 reduxit.
1536 355 1599 407 In
1629 354 1791 408 nobis
1823 373 1937 411 au-

318 442 429 487 tem
468 447 667 501 corpus
704 439 759 485 et
798 430 979 483 anima
1009 436 1063 483 et
1091 437 1304 498 septem
1331 428 1677 483 irrationales
1706 437 1929 499 partes;

318 524 475 561 mens
497 513 679 560 autem
696 505 861 558 unica
882 504 1132 574 portione
1159 510 1390 557 constat.
1468 502 1668 557 Itidem
1697 503 1768 557 de
1797 505 1935 559 istis

318 597 518 636 novem
546 578 996 634 distinctionibus
1036 578 1283 648 disponit
1321 577 1444 647 ipse
1481 576 1620 631 deus
1662 578 1926 642 verbum,

320 656 637 711 harmoniae
672 653 789 707 dux
826 654 1226 724 princepsque,
1278 668 1308 703 a
1347 667 1458 721 quo
1497 668 1697 706 novem
1736 663 1932 724 partes

321 731 565 784 musicae
594 729 948 783 concinnatae
977 736 1109 781 sunt
1137 733 1192 781 et
1219 726 1569 780 concinentes
1607 727 1808 781 cantici
1840 736 1932 783 te·-

318 821 449 860 nore
476 811 671 859 sonant
698 803 887 858 simul.
964 801 1144 867 Quare
1171 799 1434 854 decadem
1455 808 1700 855 sanctam
1721 800 1930 856 fatetur

319 882 523 935 Moses:
604 877 923 931 naturaliter
968 877 1165 945 utique
1209 892 1407 929 nonam
1445 876 1707 929 creationi
1749 876 1928 930 relin-

319 971 496 1025 quens
516 961 571 1007 et
590 950 853 1006 decadem
874 951 963 1006 dei
986 949 1175 1005 verbo.
1253 949 1322 1003 Et
1351 964 1539 1003 revera
1561 957 1750 1004 sancta
1771 950 1927 1005 divi-

320 1044 500 1098 naque
528 1036 808 1098 personat,
857 1042 1048 1081 vocem
1077 1024 1232 1080 illam
1261 1024 1604 1078 remissionis
1634 1023 1924 1079 celebrans

321 1112 601 1172 tamquam
630 1102 690 1155 in
718 1102 948 1156 canticis
970 1117 1040 1155 ex
1060 1099 1348 1155 contrariis
1369 1099 1519 1153 sonis
1537 1100 1924 1171 oppositisque

323 1177 555 1233 vocibus
570 1218 582 1241 ‚
615 1178 691 1231 ita
713 1185 773 1231 ut
792 1176 1059 1231 coalescat
1079 1174 1396 1228 harmoniae
1415 1174 1475 1227 in
1495 1188 1669 1228 unum
1689 1182 1744 1227 et
1770 1174 1924 1229 idem

322 1252 707 1306 commixtura.
784 1250 1104 1305 Necessario
1125 1255 1308 1302 autem
1328 1246 1555 1302 auribus
1577 1247 1924 1303 distribuens

320 1333 561 1398 praestat
578 1340 752 1379 unum
766 1364 778 1387 ,
812 1332 866 1377 et
884 1322 1143 1377 manibus
1163 1322 1356 1377 decem
1371 1363 1383 1385 ,
1423 1339 1550 1377 nam
1579 1324 1924 1394 principium

321 1414 675 1453 numerorum
694 1405 777 1451 est
796 1414 969 1453 unum
984 1437 997 1461 ,
1030 1395 1157 1451 finis
1179 1406 1361 1451 autem
1381 1397 1570 1451 decas:
1628 1414 1772 1468 quae
1793 1408 1925 1454 sunt

322 1472 572 1545 symbola
591 1488 795 1525 rerum.
872 1470 1144 1537 Quoniam
1165 1471 1357 1527 audire
1377 1473 1619 1543 primum
1639 1475 1918 1537 convenit,

304 1546 526 1601 ,deinde
555 1547 795 1617 operari;
863 1545 1133 1601 discimus
1161 1548 1338 1611 enim,
1379 1564 1489 1601 non
1517 1554 1579 1602 ut
1615 1547 1917 1612 discamuS,

322 1621 421 1676 sed
448 1629 509 1675 ut
537 1636 854 1692 operemur:
915 1638 1025 1695 quo
1056 1631 1248 1693 agatur
1281 1623 1558 1693 proportio
1598 1624 1921 1677 concordiae

322 1698 489 1751 unius
511 1713 638 1751 cum
658 1696 871 1752 auditu.
950 1696 1242 1768 Siquidem
1267 1704 1565 1771 utrumque
1587 1698 1817 1752 istorum
1839 1707 1923 1752 est

322 1773 688 1844 principium,
727 1789 900 1828 unum
928 1773 1172 1836 numeri,
1205 1772 1436 1827 alterum
1463 1771 1767 1840 doctrinae3
1823 1773 1922 1828 de·

323 1864 413 1901 cas
445 1856 626 1903 autem
655 1849 1013 1920 operationis:
1075 1846 1201 1902 finis
1231 1847 1381 1901 enim
1409 1864 1762 1902 numerorum
1793 1847 1920 1919 (de-

324 1922 433 1995 cas)
454 1930 537 1978 est
556 1932 609 1979 et
627 1940 793 1995 opera
813 1924 1092 1979 doctrinae
1106 1963 1118 1986 ‚
1149 1939 1258 1993 qua
1278 1920 1570 1976 discimus.
1648 1922 1814 1977 Porro
1831 1923 1920 1976 di-

322 1998 519 2050 stincta
556 2005 641 2050 est
668 2000 851 2052 unitas
881 1997 950 2051 ab
980 2014 1092 2052 uno
1123 2013 1188 2051 eo
1215 1996 1404 2061 modo,
1446 2013 1557 2067 quo
1585 1998 1810 2052 excellit
1843 1994 1914 2071 [⁴¹⁵]

324 2070 798 2139 distinguiturque
836 2072 1106 2143 originale
1135 2071 1418 2142 exemplar
1448 2089 1480 2125 a
1506 2071 1726 2126 formm.
1771 2072 1919 2125 indi-

324 2145 475 2197 cium
512 2149 595 2196 est
634 2144 783 2196 enim
821 2146 1004 2199 unitas
1044 2152 1099 2199 et
1127 2145 1436 2200 similitudo
1465 2147 1694 2200 unitatis
1725 2163 1914 2201 unum.

322 2214 537 2282 Quare?
592 2214 863 2282 Quoniam
891 2236 1065 2273 unum
1095 2228 1274 2289 potest
1311 2229 1364 2275 et
1400 2220 1699 2275 multorum
1739 2221 1920 2291 perfe—

324 2292 563 2347 ctionem
581 2292 844 2362 recipere,
860 2301 921 2346 ut
940 2302 1266 2358 armentum,
1293 2294 1512 2359 chorus,
1537 2294 1735 2358 tribuS‚
1762 2312 1914 2367 gens,

324 2368 625 2430 exercituS,
651 2367 848 2422 civitas
862 2408 875 2429 ,
900 2383 1136 2436 quorum
1157 2368 1592 2440 unumquodque
1613 2386 1789 2423 unum
1809 2379 1914 2425 est:

323 2442 505 2495 unitas
528 2449 709 2496 autem
730 2459 837 2497 non
864 2450 948 2496 est
970 2457 1042 2495 ex
1067 2441 1424 2497 multitudine
1439 2484 1452 2507 ,
1493 2445 1626 2514 quia
1655 2444 1917 2498 immunis

324 2523 407 2567 est
426 2525 480 2569 et
500 2532 697 2585 expers
718 2514 1156 2587 participationis
1172 2556 1184 2577 ‚
1229 2524 1281 2569 et
1311 2518 1660 2572 inconiuncta
1691 2528 1775 2572 est
1795 2536 1919 2589 pro-

322 2595 443 2656 pter
478 2589 835 2644 solitudinem
876 2589 941 2661 (s,
980 2589 1465 2663 singularitatem),
1509 2592 1654 2646 sicut
1683 2591 1921 2649 declarat

329 2660 412 2714 vel
459 2678 656 2716 nomen
696 2664 901 2735 ipsum.
988 2664 1139 2717 Hanc
1179 2680 1308 2735 ergo
1345 2666 1613 2720 unitatem
1653 2666 1723 2720 ab
1763 2668 1920 2723 initio
