2125 3084
337 169 402 219 36
581 170 778 215 PHIL.
817 169 964 214 lun.
1003 166 1329 225 QUAEST.
1364 167 1462 212 ET
1514 167 1669 212 soi..
1708 163 1793 229 [11,
1815 165 1929 230 ποι]

337 283 486 356 quod
502 299 602 355 per
619 282 746 336 illas
765 289 946 335 creata
965 289 1096 335 sunt
1114 281 1316 344 omnia,
1331 292 1542 352 perque
1559 279 1691 336 illas
1704 280 1931 353 dispen-

335 368 488 413 satur
527 356 770 412 mundus
807 363 1043 410 creatus.
1121 356 1225 408 Per
1252 369 1419 408 unam
1448 355 1637 427 itaque
1666 354 1925 428 (sapiens,

335 432 487 487 haud
513 447 674 486 secus
703 445 766 485 ae
793 428 1056 502 mundus)
1084 427 1259 484 factus
1290 446 1352 483 ac
1380 429 1541 485 fietus
1578 438 1695 484 erat
1733 447 1933 484 seeun-

336 507 470 562 dum
497 506 662 562 deum
676 547 689 568 ,
734 505 872 560 deus
889 503 1042 558 enim
1063 504 1337 559 creativae
1353 505 1576 559 virtutis
1596 512 1680 559 est
1700 519 1923 572 nomen3

335 597 434 652 per
453 581 677 636 alteram
697 597 830 636 vero
855 577 1165 633 secundum
1194 577 1481 632 dominum
1496 619 1509 642 ‚
1552 587 1614 633 ut
1640 579 1747 634 sub
1775 587 1931 650 pote·-

333 664 470 712 state
519 670 798 728 regnoque
843 653 1067 708 cadens.
1196 653 1327 710 Vult
1378 655 1567 724 itaque
1626 661 1931 708 monstrare

332 733 538 786 virtute
573 730 935 800 conspicuum
973 736 1086 781 tam
1126 728 1307 781 civem
1343 727 1541 782 mundi
1570 743 1718 791 esse,
1762 744 1929 798 quam

334 803 604 876 dignitate
633 803 918 874 aequalem
948 803 1211 856 universo
1239 800 1473 866 mund0,
1514 804 1855 874 praepositas
1874 805 1929 856 ei

333 878 700 948 custodesque
725 878 1048 932 constitut-as
1090 875 1417 948 (declarans)
1456 876 1728 948 singulari
1768 877 1929 932 modo

337 954 565 1007 virtutes
587 951 807 1015 mundi,
846 951 1097 1006 divinam
1122 959 1177 1004 et
1204 951 1435 1022 regiam.
1514 948 1801 1022 Apparitio
1830 967 1929 1005 au-

331 1036 443 1081 tem
471 1026 530 1082 fit
557 1028 702 1082 eirca
729 1027 1026 1098 nonaginta
1054 1032 1109 1079 et
1129 1041 1327 1081 novem
1348 1039 1615 1078 annorum
1637 1041 1929 1092 numerum

331 1102 454 1156 iure
474 1103 798 1172 meritoque,
819 1102 952 1172 quia
975 1099 1224 1171 apprime
1246 1099 1466 1153 vicinus
1484 1107 1568 1152 est
1582 1102 1921 1169 oentenari03

331 1179 666 1231 centesimus
692 1184 874 1230 autem
893 1189 1159 1230 numerus
1178 1172 1403 1228 effectus
1422 1181 1507 1227 est
1525 1172 1727 1228 decimi
1749 1192 1848 1245 per
1867 1193 1929 1230 se

329 1253 518 1321 ipsum
547 1250 928 1322 multiplicati,
971 1265 1139 1320 quem
1170 1247 1481 1320 Theologus
1510 1256 1760 1302 sanctum
1799 1265 1929 1304 san-

331 1334 543 1379 ctorum
581 1333 756 1380 vocat.
835 1323 1106 1390 Quoniam
1136 1339 1322 1387 corus,
1364 1323 1584 1395 primus
1618 1322 1717 1378 ille
1757 1323 1929 1378 dena-

329 1401 448 1454 rius
464 1440 476 1464 ,
501 1399 828 1471 simpliciter
843 1407 1069 1454 sanctus
1089 1398 1319 1462 dicitnr,
1344 1409 1510 1470 quem
1530 1397 1784 1452 coneedit
1801 1415 1929 1453 ver-

329 1474 592 1529 ritoribus
609 1475 830 1548 templi:
875 1474 1164 1529 denarium
1186 1482 1369 1528 autem
1388 1473 1603 1527 denarii
1629 1489 1797 1544 quem
1822 1474 1929 1528 ite'-

329 1566 453 1604 rum
486 1552 759 1622 praecipit
791 1549 1182 1612 verritoribus,
1235 1556 1298 1603 ut
1331 1547 1547 1603 solvant
1581 1564 1715 1619 prae
1746 1549 1929 1603 omni-—

327 1622 434 1678 bus
462 1626 752 1682 exsistenti
779 1623 1014 1696 (summo
1040 1622 1358 1695 sacerdoti),
1398 1630 1483 1677 est
1509 1621 1769 1678 denarius
1796 1639 1929 1678 cen-

325 1702 536 1756 tenario
563 1707 1013 1765 connumeratus3
1072 1697 1287 1752 denarii
1312 1699 1463 1752 enim
1492 1698 1755 1752 denarius
1788 1697 1927 1770 quid

327 1775 481 1830 aliud
507 1783 592 1831 est
616 1775 728 1830 nisi
759 1771 832 1849 [*]
861 1791 990 1845 pars
1017 1771 1352 1828 centesima?
1406 1773 1694 1827 Caeterum
1720 1789 1829 1827 non
1857 1772 1928 1826 ad

326 1851 700 1905 centenarium
727 1850 844 1904 sola
869 1849 1135 1904 affinitate
1154 1863 1417 1903 numerus
1436 1846 1733 1920 nonaginta
1754 1854 1808 1901 et
1827 1864 1930 1901 no-

326 1939 452 1977 vem
479 1925 774 1981 adornatus
801 1933 900 1988 est,
931 1923 1032 1978 sed
1057 1924 1226 1978 etiam
1252 1921 1525 1976 mirabilis
1552 1930 1778 1978 naturae
1798 1939 1929 1995 par—

325 1996 616 2051 ticularem
659 1999 884 2052 sortitus
943 2005 1028 2052 est
1085 1997 1561 2070 participationem
1576 2038 1589 2061 ‚
1671 2006 1930 2053 constans

327 2070 792 2142 quinquagesimo
827 2078 881 2126 et
913 2073 1121 2141 septies
1155 2081 1408 2142 septeno:
1482 2089 1609 2126 nam
1646 2075 1931 2145 quinqua-

325 2146 572 2219 gesimus
601 2144 680 2215 (ut
706 2145 1021 2200 Pentecoste
1049 2145 1139 2201 vel
1166 2145 1495 2218 lubilaeum)
1533 2147 1788 2202 remissio
1825 2164 1933 2202 no-

326 2221 568 2274 minatur
601 2223 660 2273 in
697 2218 1070 2291 legislatione,
1134 2222 1349 2276 cunctis
1391 2219 1641 2276 libertate
1685 2219 1926 2286 donatis,

326 2295 644 2350 inanimatis
671 2301 835 2364 atque
863 2293 1139 2348 animatis
1223 2295 1451 2367 Septeni
1476 2309 1609 2348 vero
1635 2297 1765 2350 anni
1801 2313 1934 2370 my-

325 2371 558 2426 sterium
592 2378 675 2425 est
707 2369 913 2440 quietis
956 2367 1374 2441 profundaeque
1416 2368 1570 2442 pacis
1618 2371 1934 2426 secundum

326 2463 526 2517 corpus
563 2455 619 2502 et
650 2446 918 2500 animam:
981 2459 1113 2498 nam
1148 2447 1417 2515 septimus
1454 2461 1631 2504 annus
1658 2446 1935 2502 bonorum

325 2538 424 2591 per
459 2539 519 2576 se
552 2520 997 2592 provenientium
1031 2520 1157 2574 sine
1190 2519 1467 2574 industria
1502 2537 1567 2576 ae
1594 2521 1781 2576 labore
1808 2538 1937 2576 me·-

325 2596 498 2649 moria
525 2605 625 2659 est,
655 2611 798 2665 quae
825 2596 882 2648 in
909 2595 1090 2665 primo
1117 2593 1313 2648 mundi
1340 2594 1568 2648 conditu
1591 2611 1692 2665 per
1717 2611 1777 2648 se
1797 2611 1938 2665 pro-

326 2666 488 2720 duxit
522 2677 732 2723 natura.
813 2668 1283 2741 Quadragesimus
1320 2674 1501 2720 autem
1536 2675 1589 2721 et
1616 2684 1793 2722 nonus
1821 2685 1937 2724 nu-
