2125 3084
366 228 395 277 6
517 233 714 277 PHIL.
754 233 902 279 ιω).
944 232 1268 290 QUAEST.
1303 234 1404 279 ΕΤ
1441 235 1596 280 801..
1638 226 1972 294 [11,473.174.]

368 349 502 386 num
522 333 785 397 cantati0‚
824 343 885 388 ut
901 334 1168 389 Homerus
1199 332 1434 407 dixit*)‚
1475 335 1552 389 ita
1583 334 1851 389 violenter
1877 334 1973 385 in-

367 408 504 461 vitat
524 405 800 463 auditores
816 450 831 472 ,
854 417 916 463 ut
942 406 1013 483 [³¹⁵]
1037 409 1310 463 oblivioni
1337 408 1552 463 tradant
1571 408 1805 480 patriam
1819 448 1832 471 ,
1865 406 1972 460 do·-

366 497 547 545 mum‚
600 483 897 537 amicos‘et
936 484 1090 538 cibos
1129 483 1493 547 necessariOS,
1542 490 1745 554 quanto
1784 481 1970 553 magis

365 554 770 626 perfectissima
791 557 890 612 illa
910 567 963 611 et
982 574 1197 612 summa
1220 557 1505 612 harmonia
1525 555 1773 628 praedita
1800 564 1968 625 atque

366 647 495 686 vere
516 631 769 687 caelestis
789 633 1001 687 musica
1029 634 1305 705 attingens
1333 633 1762 687 instrumentum
1791 630 1965 691 auris,

370 713 527 779 cogat
546 707 791 761 insanire
812 724 876 761 ac
896 706 1178 761 divinare!

479 781 635 835 Ratio
656 798 803 844 ver0,
828 782 899 835 ob
916 798 1086 852 quam
1105 780 1327 854 singula
1349 780 1647 836 animantia
1666 780 1835 833 trium
1857 779 1970 832 sint

372 870 638 908 annorum
659 871 1124 927 numerorumque
1138 898 1151 922 ‚
1193 857 1305 911 iam
1326 864 1484 909 antea
1501 853 1716 913 reddita
1736 852 1969 923 quidem

371 926 476 982 fuit
489 968 503 991 ‚
535 944 682 981 nunc
702 937 883 983 tamen
904 929 1204 984 dicendum
1226 939 1307 985 est
1325 930 1432 985 sub
1452 929 1620 985 altera
1641 928 1826 999 specie
1845 945 1972 1001 my-

370 1002 545 1055 sterii.
625 1002 895 1068 Quoniam
934 1006 1121 1058 visum
1159 1013 1242 1060 est
1281 1004 1716 1075 unumquodque
1755 1019 1967 1066 eorum,

370 1070 512 1148 quae
541 1085 671 1132 sunt
697 1086 822 1149 post
852 1078 1067 1143 lunam,
1112 1088 1173 1133 ut
1199 1089 1369 1143 terra,
1413 1096 1556 1149 aqua
1584 1088 1637 1133 et
1668 1079 1783 1141 aer,
1822 1076 1972 1131 trino

369 1151 610 1224 gaudere
648 1152 861 1207 ordine.
942 1156 1082 1208 Nam
1121 1162 1295 1207 terrae
1323 1153 1627 1207 divisiones
1657 1158 1788 1205 sunt
1817 1150 1968 1229 arida

370 1228 703 1290 vastissima,
724 1228 941 1281 insulae
959 1236 1010 1281 et
1030 1226 1386 1297 peninsulae;
1418 1242 1592 1297 aquae
1603 1233 1785 1278 autem
1795 1242 1968 1290 mare,

368 1298 597 1353 flumina
618 1307 671 1353 et
691 1307 903 1371 stagna.
949 1300 1105 1354 Aeris
1127 1316 1257 1353 vero
1279 1300 1439 1353 ambo
1461 1298 1824 1369 aequinoctia,
1841 1316 1974 1353 ver-

368 1373 493 1427 nale
522 1382 575 1427 et
606 1374 919 1427 autumnale
931 1372 1045 1446 **)‚
1089 1390 1188 1443 pro
1215 1389 1325 1426 uno
1344 1373 1643 1436 habentur,
1683 1373 1974 1443 aequalem

370 1446 519 1500 enim
548 1447 753 1501 habent
779 1445 968 1501 horam
996 1448 1174 1501 noctis
1197 1464 1259 1500 ac
1280 1446 1422 1511 diei,
1457 1454 1510 1501 et
1530 1447 1735 1517 pariter
1755 1464 1856 1501 nec
1875 1465 1973 1502 ca-

370 1518 484 1574 lida
506 1538 607 1575 nec
628 1520 833 1593 frigida
853 1529 982 1576 sunt
1003 1522 1374 1592 aequinoctia:
1427 1522 1636 1593 quibus
1668 1520 1808 1575 adde
1837 1538 1973 1575 con-

368 1596 651 1649 versiones
680 1596 945 1650 aestivam
966 1604 1019 1651 et
1039 1596 1374 1663 brumalem;
1430 1613 1558 1650 nam
1577 1614 1675 1669 per
1701 1598 1835 1651 istos
1855 1604 1967 1651 tres

368 1669 606 1724 circulos
636 1668 809 1725 fertur
837 1670 918 1725 sol
949 1670 1007 1726 in
1036 1679 1389 1745 temflestates
1421 1673 1711 1736 aestivam,
1754 1669 1970 1725 hiema-

370 1743 481 1798 lem
502 1752 555 1799 et
575 1745 1053 1817 aequinoctialem.
1121 1746 1398 1801 Naturalis
1420 1748 1593 1818 igitur
1611 1745 1858 1818 apprime
1879 1762 1971 1799 ra-

367 1820 445 1873 tio
472 1816 543 1893 [³¹⁵]
569 1820 891 1877 huiusmodi
913 1822 1036 1877 erit.
1116 1820 1338 1879 Moralis
1359 1830 1542 1876 autem
1564 1821 1788 1893 proprie
1807 1820 1889 1874 sic
1908 1837 1972 1875 se

367 1894 553 1949 habet.

482 1971 793 2042 Unicuique
831 1980 1079 2027 nostrum
1112 1973 1303 2028 insunt
1338 1970 1503 2027 haec:
1551 1986 1703 2035 carc,
1750 1986 1964 2033 sensus,

369 2044 526 2097 ratio.
606 2044 745 2099 Cum
771 2048 957 2116 itaque
988 2047 1257 2118 corporali
1285 2047 1594 2102 substantia
1623 2044 1971 2100 familiarita-

368 2125 479 2172 tem
499 2118 738 2189 praefert
756 2120 951 2183 vitula,
976 2122 1238 2191 quoniam
1258 2122 1539 2194 subigitur
1559 2129 1612 2176 et
1629 2120 1968 2191 obtemperat

370 2208 494 2246 caro
513 2199 695 2247 nostra
716 2200 879 2263 atque
904 2194 1090 2266 iungit
1117 2212 1177 2249 se
1207 2196 1516 2250 ministerio
1547 2196 1722 2259 vitae,
1775 2201 1970 2248 natura

368 2283 589 2337 quoque
635 2266 841 2321 femina
887 2276 969 2321 est
1012 2266 1320 2323 secundum
1366 2270 1678 2333 materiam,
1737 2268 1853 2340 pati
1907 2285 1971 2321 ac

370 2339 518 2395 affici
555 2342 741 2413 potius
779 2343 1000 2413 sapiens
1039 2358 1208 2413 quam
1254 2360 1436 2415 agere.
1524 2343 1802 2397 Sensuum
1842 2359 1972 2398 vero

370 2416 749 2471 communitati
790 2416 1041 2471 cohaeret
1079 2417 1388 2472 similitudo
1427 2434 1650 2489 caprae,
1704 2416 1796 2472 vel
1839 2417 1970 2487 quia

370 2490 593 2563 singula
612 2491 904 2546 sensibilia
925 2490 1178 2546 feruntur
1197 2490 1266 2545 ad
1286 2493 1574 2562 proprium
1593 2508 1821 2545 sensum
1834 2532 1848 2555 ‚
1876 2490 1968 2546 vel

368 2564 518 2634 quod
546 2583 617 2620 ex
641 2566 1035 2641 imaginatione
1052 2582 1238 2621 rerum
1257 2582 1356 2637 per
1375 2583 1602 2621 sensum
1623 2573 1970 2637 acceptarum

472 2705 515 2750 “)
548 2704 674 2744 Hom.
710 2704 867 2755 odyss.
898 2707 961 2754 12,
998 2706 1165 2747 39—55
1199 2710 1244 2747 et
1276 2706 1504 2747 180—190.

472 2768 542 2820 **)
575 2770 645 2815 Aa
678 2772 878 2813 verbum:
924 2774 1084 2815 aestiva
1117 2777 1155 2815 et
1189 2773 1402 2815 brumalis.
