2125 3084
203 206 288 271 [11‚
314 205 435 269 191]
562 210 645 255 IN
684 209 1035 255 GENESIN.
1076 211 1333 255 sERMO
1369 177 1462 257 ms
1749 210 1805 261 24

202 310 557 365 naturaliter:
611 326 740 363 nam
758 309 1007 364 studium
1028 310 1342 383 encyclicae
1363 311 1696 385 disciplinae
1723 313 1814 368 di-

204 386 330 459 ligit
358 385 583 455 copiam
611 384 902 448 scientiae,
944 393 1000 439 et
1028 386 1253 455 copiosa
1279 386 1510 441 scientia
1529 396 1814 459 tamquam

203 461 461 515 ministra
480 466 566 513 est
588 460 830 514 virtutis.
858 501 869 509 .
906 458 1181 525 Quoniam
1207 461 1529 531 complexus
1549 464 1815 517 scientia-

202 552 325 589 rum
354 535 677 604 artiumque
706 534 879 588 servit
904 536 985 598 ei,
1028 536 1131 606 qui
1159 535 1266 589 scit
1285 534 1546 605 proficere
1567 538 1816 608 acquisi-

202 611 351 664 tione
368 610 495 663 eins
518 608 590 663 ad
611 608 1005 678 acquirendam
1024 610 1318 678 virtutem3
1353 609 1531 663 virtus
1548 612 1693 665 enim
1712 612 1816 665 ha·-

203 684 515 738 bitaculum
536 682 706 737 hahet
726 684 985 748 animam,
1000 684 1327 755 complexus
1349 692 1534 739 antem
1553 686 1815 739 scientia-

204 775 327 812 rum
347 766 405 813 et
424 758 629 812 artium
657 765 784 829 eget
810 758 1090 829 corporeis
1119 759 1524 814 instrumentis.
1605 758 1815 831 Corpus

206 841 391 887 autem
412 832 721 905 symbolice
739 832 1025 905 Aegyptus
1050 842 1162 898 est,
1205 833 1332 889 ideo
1361 834 1484 889 iure
1505 834 1816 907 encyclico-

206 924 329 961 rum
348 908 597 979 speciem
616 906 947 981 Aegyptiam
972 908 1228 964 asseruit.
1286 903 1540 963 Attamen
1560 919 1814 981 propter-

206 998 269 1036 ea
292 986 767 1051 peregrinationem
790 983 957 1037 etiam
986 984 1293 1038 nominavit
1320 984 1504 1048 illam,
1547 986 1815 1055 quoniam

208 1056 563 1128 peregrinum
580 1065 669 1111 est
686 1056 971 1127 sophisma
995 1057 1068 1113 ad
1097 1059 1560 1129 comparationem
1587 1061 1815 1130 sapien-

208 1132 321 1185 tiae
339 1133 558 1202 proprie
576 1132 790 1204 patriae
810 1132 1098 1203 soliusque
1128 1134 1471 1187 necessariae
1485 1172 1500 1196 ,
1539 1148 1684 1203 quae
1713 1132 1816 1186 do-

206 1207 357 1261 mina
384 1202 457 1281 [⁴⁸]
478 1216 565 1261 est
594 1206 813 1264 mediae
838 1207 1173 1280 disciplinae
1193 1214 1246 1263 et
1265 1224 1364 1279 per
1384 1207 1666 1281 encyclica
1685 1207 1815 1277 pul·-

205 1281 367 1336 chras
394 1281 622 1337 choreas
644 1283 834 1357 agitat.

210 1545 307 1597 Gur
352 1546 477 1597 dixit
517 1546 657 1597 Sara
702 1547 771 1596 ad
810 1546 1087 1597 Abraham:
1153 1546 1330 1610 „Ecce
1365 1547 1590 1597 conclusit
1623 1565 1694 1597 me
1729 1548 1814 1597 do·

339 1615 517 1677 minus,
555 1625 609 1664 ut
640 1632 735 1664 non
760 1615 987 1679 pan'am3
1038 1616 1168 1665 intra
1203 1614 1272 1664 ad
1302 1615 1522 1665 ancillam
1550 1632 1724 1677 meam,
1763 1624 1814 1664 ut

333 1699 537 1745 puerum
558 1682 733 1747 facias
768 1698 827 1731 ex
859 1680 1023 1731 illa‘w
1058 1683 1166 1747 (16,
1206 1684 1280 1746 2.)

317 1836 407 1888 20.
460 1834 522 1888 In
552 1835 675 1905 ipsa
707 1832 888 1888 littera
916 1834 1066 1888 idem
1098 1840 1182 1887 est
1211 1849 1320 1888 non
1339 1833 1593 1887 invidere
1613 1841 1668 1886 et
1687 1849 1816 1903 pro-

202 1908 401 1968 videre
428 1907 501 1963 de
530 1910 780 1980 sapiente
807 1909 1041 1979 viroque
1072 1922 1173 1961 suo
1201 1914 1256 1961 et
1284 1906 1527 1977 genuino
1564 1913 1812 1978 cognato,

203 1985 283 2037 ita
303 1992 367 2037 nt
387 1990 585 2055 optans
606 1983 885 2039 sterilitati
910 1998 1045 2037 suae
1067 1979 1384 2036 satisfacere
1403 1996 1504 2052 per
1532 1980 1812 2046 ancillam,

204 2074 377 2129 quam
414 2057 683 2122 hahebat,
750 2058 1120 2113 concubinam
1158 2072 1282 2111 eam
1325 2056 1444 2112 viro
1492 2066 1812 2128 praestaret.

205 2132 499 2188 Caeterum
529 2134 731 2188 amoris
761 2149 891 2205 erga
928 2134 1114 2187 virum
1153 2133 1312 2203 copia
1347 2132 1526 2205 magis
1564 2134 1816 2206 assigna·-

203 2216 321 2261 tur:
368 2224 545 2279 quum
566 2209 717 2262 enim
738 2208 947 2263 sterilis
968 2208 1091 2279 ipsa
1107 2216 1392 2278 putaretur
1405 2249 1417 2271 ‚
1443 2224 1552 2263 non
1575 2216 1816 2279 aequum

206 2280 374 2336 duxit
392 2282 505 2337 viri
525 2282 799 2337 familiam
816 2282 971 2353 prole
999 2283 1272 2353 privatam
1302 2282 1645 2353 derelinqui,
1693 2282 1816 2337 eius

204 2356 649 2413 emolumentum
688 2373 1033 2429 praeponens
1073 2374 1204 2411 suae
1243 2356 1523 2429 dignitati.
1611 2356 1817 2410 Littera

210 2430 349 2485 haec
374 2431 584 2503 prodit.
662 2430 751 2487 Ad
778 2440 1019 2489 mentem
1045 2448 1178 2488 vero
1216 2429 1539 2485 huiusmodi
1579 2427 1820 2497 praefert

206 2506 505 2561 rationem:
557 2505 679 2561 Illis
708 2507 808 2578 qui
836 2515 1119 2579 nequeunt
1147 2522 1218 2561 ex
1244 2506 1451 2558 virtute
1477 2517 1670 2572 parere
1690 2500 1820 2570 pul-

204 2578 341 2634 chra
368 2598 433 2635 ac
463 2579 631 2636 laude
660 2579 830 2653 digna
859 2599 1053 2653 opera,
1101 2578 1360 2634 convenit
1389 2574 1632 2629 mediam
1660 2574 1821 2657 sequi

206 2653 602 2727 disciplinam,
648 2664 841 2726 atque,
884 2664 947 2709 ut
984 2658 1059 2709 ita
1100 2652 1370 2712 dixerim,
1414 2666 1486 2702 ex
1521 2646 1822 2719 encyclicls

208 2745 417 2799 pueros
446 2746 634 2785 creare
662 2730 802 2795 sibi3
864 2730 1024 2800 copia
1052 2728 1206 2781 enim
1235 2724 1498 2779 scientiae
1527 2728 1590 2775 ut
1619 2737 1712 2775 cos
1743 2725 1826 2771 est
