2125 3084
235 140 473 245 [11,¹396.]
594 182 673 227 IN
715 182 1055 229 GENESIN.
1105 185 1357 230 SERMO
1393 186 1476 233 IV.
1733 182 1832 237 227

244 357 433 423 thuid
456 358 504 407 in
531 366 665 407 nocte
693 356 904 405 dominus
929 357 1171 419 visitatur,
1204 368 1249 406 et
1277 358 1372 406 ait.-
1407 358 1566 423 „qu
1592 377 1689 409 sum
1718 362 1829 411 deus

317 426 478 491 patris
513 426 607 483 ταῖς
663 440 720 472 ne
746 425 931 485 timeas,
971 433 1117 473 tecum
1145 425 1261 473 enim
1290 428 1473 474 sum“?
1507 432 1609 485 (26,
1638 432 1743 487 24.)

349 566 399 609 3.
452 558 918 608 Familiarissimum
953 566 1149 621 tempus
1201 560 1399 608 animae
1449 562 1827 624 speculatoriae,

236 642 343 678 nox
369 628 510 690 vagis
537 626 788 677 erroribus
814 626 1130 685 meridianis,
1169 634 1219 675 et
1243 627 1385 676 vanis
1406 628 1691 691 aspectibus
1710 630 1830 678 libe-

234 706 345 745 rata
361 730 373 754 ‚
411 710 471 743 ac
500 708 591 756 per
612 693 710 741 hoc
728 706 822 741 nec
840 700 1001 741 metus
1020 695 1189 756 pulsat
1202 729 1215 754 ,
1252 708 1345 743 nec
1364 696 1567 744 vacillat
1586 697 1831 759 cogitatus

233 764 442 813 absente
476 762 681 820 timore,
720 764 857 808 caret
891 769 1058 809 autem
1094 761 1271 810 timore
1310 763 1635 824 pacatissima
1666 778 1827 824 mens,

233 844 354 879 cum
371 828 615 878 divinitati
634 828 897 891 pervigilat
913 836 1302 889 perseveranter.
1372 829 1539 879 Habet
1565 838 1734 880 tamen
1761 832 1830 880 le-

233 898 339 946 ctio
369 894 705 944 neeessarium
729 895 959 955 modum,
997 910 1061 943 ne
1098 896 1209 957 quis
1244 911 1508 959 procerum
1544 907 1831 961 praesumat

232 963 388 1013 facile
423 961 769 1011 occasionibus
787 997 800 1022 ‚
846 962 934 1011 sed
963 963 1144 1023 prioris
1173 964 1401 1026 acquirat
1424 966 1639 1026 meritis,
1680 966 1828 1028 digne

234 1030 377 1079 enim
403 1029 634 1078 dicendo:
682 1028 793 1091 Ego
824 1044 934 1077 sum
962 1031 1085 1078 deus
1113 1031 1269 1092 patris
1294 1030 1391 1091 tui,
1429 1032 1627 1094 generis
1650 1047 1826 1081 censu-

233 1110 349 1146 ram
374 1096 650 1145 declaravit.
723 1096 915 1146 Tecum
939 1104 1108 1145 autem
1136 1112 1247 1145 sum
1273 1112 1364 1162 pro
1390 1107 1477 1147 tua
1504 1107 1554 1149 et
1576 1100 1675 1163 ipsi
1706 1102 1826 1163 vigi-

232 1164 421 1223 lantia,
459 1164 597 1211 cuius
623 1176 775 1212 causa
799 1178 902 1212 non
923 1164 1213 1226 indignatur
1228 1165 1571 1215 universorum
1588 1174 1732 1231 pater
1750 1169 1825 1215 in-

234 1233 447 1293 dignum
463 1231 660 1280 visitare
679 1245 794 1279 eum
811 1231 1073 1281 invisibilis
1091 1233 1369 1281 animarum
1386 1236 1625 1284 medicus.

238 1415 406 1472 Quare
447 1414 681 1465 Dominus
723 1398 919 1477 (marg.
968 1402 1107 1465 ad'dit
1147 1416 1319 1481 Deus)
1362 1419 1577 1469 visitatus
1624 1420 1822 1469 ostendit

708 1482 996 1545 semetipsum
1025 1484 1191 1533 deum?
1227 1487 1343 1550 (ib.)

337 1623 386 1665 4.
433 1617 686 1665 Dominus
715 1616 914 1679 quidem
939 1619 1081 1681 regni
1104 1626 1155 1668 et
1178 1622 1503 1671 dominatoris
1522 1638 1706 1673 nomen
1727 1634 1815 1672 est.

223 1686 370 1733 Deus
391 1690 561 1733 autem
579 1684 856 1747 appellatur
873 1699 962 1747 pro
981 1686 1237 1736 benefieiis
1250 1723 1263 1747 ‚
1305 1689 1483 1749 quibus
1513 1692 1695 1739 certius
1715 1705 1823 1737 ma-

222 1751 522 1812 nifestatur,
568 1752 806 1813 quoniam
843 1753 1139 1815 sapientiam
1174 1769 1274 1802 non
1312 1756 1442 1803 inter
1480 1756 1729 1803 subiectos
1766 1763 1823 1803 ut

224 1832 322 1865 rex
337 1850 350 1874 ‚
393 1817 482 1865 sed
505 1818 634 1866 inter
661 1819 848 1867 amicos
869 1818 1230 1868 benefaciendo
1253 1821 1546 1868 dinumerat.
1617 1822 1821 1869 Poterat

225 1884 382 1933 Philo
417 1883 640 1945 pluribus
673 1886 904 1937 invehere
918 1922 932 1945 ,
973 1887 1072 1934 nisi
1110 1894 1344 1947 computo
1379 1894 1599 1933 uteretur
1632 1887 1821 1935 mathe-

224 1951 438 1999 matico.

233 2105 402 2164 Quare
435 2106 630 2159 dicendo
663 2109 953 2173 „Benedixi
984 2120 1029 2159 te
1043 2112 1079 2139 “
1113 2109 1311 2159 adiecit.-
1375 2120 1470 2173 „et
1502 2110 1817 2174 multiplicabo

445 2192 597 2225 semen
631 2186 755 2227 tuum
783 2188 982 2242 propter
1008 2187 1197 2241 patrem
1232 2188 1355 2227 tuum
1370 2181 1435 2226 “3
1479 2179 1597 2243 (ib.)

337 2316 385 2359 5.
435 2309 754 2375 Spontaneae
781 2313 1075 2376 disciplinae
1102 2314 1275 2362 titulus
1304 2313 1577 2377 perfectus,
1618 2314 1682 2361 ob
1710 2315 1817 2362 nul-

219 2378 326 2426 lam
345 2379 500 2427 aliam
520 2392 725 2428 causam
745 2380 963 2427 divinam
988 2389 1298 2443 promeretur
1322 2382 1557 2444 gratiam,
1598 2380 1693 2429 nisi
1725 2396 1816 2443 pro

221 2458 278 2493 se
318 2452 379 2493 ac
415 2460 509 2508 pro
548 2447 806 2495 suavitate.
876 2447 1110 2496 Iuvenior
1134 2456 1301 2497 autem
1326 2448 1549 2496 moribus
1578 2454 1629 2496 et
1655 2448 1817 2496 adhuc

221 2512 458 2561 erudiens
493 2528 596 2562 non
633 2521 837 2577 propter
863 2528 942 2573 se,
985 2516 1073 2563 sed
1104 2530 1195 2577 pro
1223 2516 1411 2563 meritis
1438 2523 1701 2578 provectae
1730 2516 1815 2563 do-

219 2579 441 2638 ctrinae,
483 2581 628 2628 cuius
654 2582 900 2643 sapientia
923 2596 1014 2643 pro
1039 2582 1305 2643 principali
1334 2583 1565 2644 exemplo
1585 2582 1815 2631 discenti-

217 2646 315 2694 bus
333 2647 662 2709 praeponitur
675 2681 687 2705 ,
715 2648 780 2694 ad
797 2648 1183 2695 nanciscendam
1204 2662 1343 2709 spem
1359 2648 1635 2697 meliorum.
1692 2649 1815 2697 Pos—

219 2720 340 2761 sunt
360 2714 496 2761 enim
514 2713 609 2762 hac
631 2714 964 2763 aemulatione
981 2714 1271 2778 parentibus
1292 2714 1523 2829 sssmglare.
