2125 3084
323 163 421 216 340
593 165 785 211 rim..
820 167 971 212 tun.
1012 166 1332 223 QUAEST.
1365 167 1462 212 ET
1499 167 1657 214 soL.
1699 165 1925 232 [11‚493.]

321 286 447 325 nem
465 267 729 324 habentes
744 309 756 331 ,
778 267 1006 339 quidam
1027 284 1158 322 vero
1175 283 1334 339 pares
1350 309 1362 332 ,
1391 270 1674 324 materiae.
1753 271 1926 326 Porro

321 360 546 400 necesse
574 352 657 398 est
684 344 950 415 imparem
962 341 1015 415 *)
1051 342 1233 397 ideam
1263 342 1365 398 deo
1389 360 1670 415 opponere
1699 354 1924 417 propter

320 420 701 494 cognationem
727 435 853 472 cum
884 417 1096 474 actione
1111 457 1124 482 ,
1163 434 1351 490 parem
1379 435 1514 474 vero
1529 421 1748 476 mortali
1765 423 1923 494 genti

319 495 391 550 ob
414 494 844 550 familiaritatem
864 493 932 548 ad
952 494 1296 565 patiendum.
1365 494 1576 550 Eadem
1597 504 1682 550 est
1699 497 1836 550 ratio
1855 497 1920 550 in

318 572 549 644 paritate
568 578 621 626 et
644 569 953 641 imparitate
966 610 979 633 ,
1020 569 1081 624 in
1099 567 1467 624 similitudine
1487 578 1543 624 et
1561 570 1922 626 dissimilitu-

321 646 470 712 dine,
496 647 554 700 in
574 644 859 701 identitate
878 653 931 699 et
951 643 1290 708 diversitate,
1313 645 1374 700 in
1393 646 1602 700 unitate
1619 653 1674 700 et
1691 661 1920 715 separa-

320 724 488 777 tione.
565 721 753 792 Itaque
771 721 909 776 ratio
928 720 1178 792 paritatis
1197 719 1692 790 similitudinisque
1706 761 1718 782 ,
1749 719 1918 774 iden-

320 796 491 852 titatis
512 805 566 850 et
584 796 813 851 unitatis
832 796 1039 868 optime
1058 797 1118 849 in
1135 793 1328 849 ordine
1347 795 1588 865 quodam
1607 794 1915 849 seeundum

320 871 487 928 deum
504 871 799 926 constituta
814 879 924 939 est3
984 872 1164 942 impar
1183 878 1366 924 autem
1395 879 1450 925 et
1477 869 1776 934 dissimile,
1821 868 1914 923 di-

318 964 541 1002 versum
562 954 619 1001 et
634 949 945 1018 separatum
964 947 1023 1000 in
1048 943 1242 1000 ordine
1260 945 1421 1009 mali,
1463 947 1626 1002 cuius
1651 946 1912 1000 maiorem

316 1031 527 1094 partem
547 1023 771 1077 sortitus
800 1029 882 1077 est
907 1021 1174 1076 mortalis,
1253 1019 1537 1075 Caeterum
1568 1038 1677 1076 non
1706 1020 1915 1075 solum-

318 1098 481 1153 modo
500 1113 667 1169 super
687 1098 1035 1169 incorporeos
1053 1095 1566 1166 intellectualesque
1582 1137 1594 1160 ‚
1621 1113 1814 1150 verum
1833 1105 1914 1149 et-

316 1175 428 1228 iam
448 1189 615 1244 super
634 1172 929 1227 sensibiles
950 1178 1171 1226 naturas
1191 1170 1382 1225 videre
1400 1171 1608 1243 pariter
1624 1180 1726 1225 est.
1800 1172 1914 1226 Iam

319 1249 467 1302 enim
497 1249 557 1302 in
594 1247 801 1305 mundo
836 1248 1051 1302 caelum
1091 1247 1306 1318 ipsum,
1345 1254 1400 1300 et
1431 1246 1826 1318 quodcumque
1853 1247 1912 1300 in

318 1323 467 1377 caelo
492 1330 574 1377 est
592 1322 916 1376 universum
931 1363 944 1386 ,
974 1320 1224 1378 divinam
1245 1330 1298 1376 et
1315 1319 1597 1376 meliorem
1617 1321 1914 1376 essentiam

314 1405 639 1469 partemque
666 1405 1046 1470 consecutum,
1091 1397 1492 1468 appropinquat
1521 1395 1591 1451 ad
1628 1395 1796 1452 deum
1834 1399 1916 1450 ei-

316 1488 425 1542 que
464 1479 839 1526 consecratum
879 1479 981 1526 est.
1059 1470 1339 1542 Quicquid
1368 1480 1550 1526 autem
1574 1480 1700 1544 post
1727 1472 1915 1528 lunam

318 1556 401 1602 est
416 1588 428 1609 ‚
473 1554 755 1619 tamquam
782 1546 1120 1602 materialem
1149 1548 1582 1620 crassioremque
1610 1548 1916 1620 portionem

317 1630 630 1678 assecutum
644 1663 659 1688 ,
696 1623 914 1678 mortali
942 1621 1301 1679 distributum
1337 1631 1420 1677 est
1455 1624 1628 1698 genti.
1706 1623 1822 1677 Imo
1855 1624 1914 1676 in

316 1699 476 1754 nobis
507 1715 729 1770 quoque
757 1698 897 1771 ipsis
925 1699 1106 1754 anima
1135 1698 1428 1753 constituta
1458 1707 1542 1752 est
1564 1715 1638 1753 ex
1659 1696 1913 1753 rationali

316 1772 369 1830 et
387 1773 711 1829 irrationali.
791 1774 1090 1831 Rationalis
1109 1790 1239 1846 ergo
1258 1775 1391 1844 quia
1411 1773 1604 1828 melior
1631 1781 1741 1837 est,
1783 1786 1916 1827 con-

314 1859 523 1906 secrata
560 1859 641 1905 est
677 1849 914 1922 optimae
952 1858 1202 1913 naturae,
1265 1849 1595 1904 irrationalis
1633 1857 1818 1904 autem
1855 1855 1917 1902 ut

315 1926 469 1996 peior
496 1926 724 1991 minori,
766 1926 915 1998 quod
944 1925 1259 1996 accepimus
1287 1941 1386 1979 nos
1424 1922 1718 1987 ineruditi,
1764 1922 1917 1977 indi-

316 2000 597 2072 sciplinati
625 2009 678 2055 et
702 2018 980 2072 procaces.
1058 2000 1447 2055 Verumtamen
1474 1998 1720 2054 mortalis
1749 1999 1914 2053 etiam

315 2076 558 2146 corporis
575 2116 589 2138 ,
629 2075 832 2146 aliquis
861 2077 1066 2142 dixerit
1091 2075 1221 2130 boni
1252 2073 1472 2130 consilii
1498 2074 1908 2145 contemplator,

314 2151 631 2223 principatu
660 2150 973 2206 decoratum
1002 2158 1168 2221 caput
1195 2157 1569 2220 consecratum
1591 2148 1766 2204 fuisse
1783 2166 1912 2204 san-

316 2233 402 2280 cto
432 2225 659 2296 creatori
688 2227 968 2298 patrique,
1012 2242 1042 2280 a
1071 2232 1290 2296 pectore
1318 2233 1500 2280 autem
1526 2241 1706 2296 usque
1725 2222 1796 2278 ad
1813 2241 1913 2296 pe-

319 2300 416 2354 des
444 2300 714 2356 materiali
742 2301 1033 2354 essentiae.
1111 2301 1223 2354 Hoc
1249 2316 1379 2373 ergo
1399 2301 1460 2355 in
1479 2307 1715 2354 crateras
1734 2316 1912 2354 annu-

317 2384 489 2430 merat
527 2373 857 2448 symbolice,
898 2375 1162 2444 quoniam
1201 2375 1560 2430 commixtum
1599 2382 1652 2429 et
1689 2391 1913 2446 compa-

318 2449 466 2502 ctum
492 2445 565 2522 [³¹²]
589 2457 697 2514 est;
759 2465 867 2502 non
900 2449 1137 2503 mixtum
1166 2466 1294 2503 vero
1314 2466 1377 2504 ac
1397 2466 1610 2504 merum
1631 2456 1914 2505 consecrat

315 2521 625 2576 sacrificans
647 2522 768 2576 deo,

415 2668 459 2712 ⁴¹)
484 2669 692 2716 περισσός,
720 2673 923 2718 amplior,
952 2671 1215 2710 Hellenismo
1242 2672 1400 2713 dicitur
1424 2677 1474 2712 ut
1497 2676 1660 2722 impar,
1689 2676 1813 2723 quasi
1839 2685 1912 2714 su-

318 2725 471 2764 perans
497 2727 643 2764 parem
670 2730 837 2767 semper
863 2722 1023 2761 unitate
1049 2721 1338 2768 superaddita.
1390 2725 1552 2763 Auch-

212 2936 341 2951 ιζ
376 2948 385 2953 ἱ
