2125 3084
350 156 450 210 354
597 161 789 207 rim.
827 160 975 207 1111).
1016 160 1343 219 ρσΑΕεΤ.
1383 161 1482 207 ΕΤ
1521 163 1690 212 sor..
1729 160 1944 227 [mm]

580 307 675 360 C'ur
711 326 770 360 ex
804 309 943 373 liquis
977 309 1242 373 imputridis
1277 281 1568 375 arca?⁴(25,
1600 315 1707 371 10.)

448 417 533 468 53.
580 410 1056 478 Quemadmodum
1087 411 1342 465 animalis
1373 421 1535 482 caput
1561 413 1808 483 primum
1839 425 1938 482 est,

340 490 421 544 sic
450 496 505 543 et
532 503 656 542 arca
680 486 999 542 divinorum
1027 502 1314 540 vasorum:
1373 502 1540 556 quare
1571 495 1626 541 et
1653 489 1942 545 meliorem

339 564 777 633 sanctioremque
796 561 999 614 meruit
1019 559 1200 615 locum
1215 600 1228 624 ‚
1259 559 1376 615 sola
1394 561 1543 615 intus
1561 561 1622 616 in
1639 561 1806 634 adyto
1827 565 1944 619 col-

340 640 539 704 locata;
616 635 743 691 ideo
779 635 1063 690 materiam
1102 637 1350 706 quoque,
1393 652 1464 690 ex
1500 652 1605 707 qua
1649 644 1734 690 est
1772 637 1935 703 facta,

338 714 497 785 quasi
528 711 837 767 necessario
862 707 977 764 fere
1003 714 1342 778 imputridum
1371 727 1433 764 ac
1461 710 1938 782 incorruptibilem

338 787 569 860 contigit
586 803 707 842 esse
722 826 735 850 ‚
772 785 1031 857 quoniam
1056 791 1111 838 et
1132 783 1250 848 lex,
1283 783 1446 845 cuius
1470 785 1592 857 ipsa
1617 793 1936 857 receptacu-

338 865 455 918 lum
476 869 617 926 erat,
658 858 1098 930 incorruptibilis
1120 857 1245 912 fuit.
1325 858 1581 916 Secundo
1600 861 1858 932 templum
1878 869 1933 915 et

337 945 501 1008 quota
520 938 579 991 iu
598 952 663 991 eo
682 934 895 991 ordinis
914 933 1206 1005 dispositio
1225 933 1570 990 statuebatur
1584 976 1596 999 ,
1621 952 1728 989 non
1749 934 1816 989 ad
1835 934 1932 989 de-

338 1015 515 1067 cisum
544 1019 791 1082 tempuS,
834 1008 933 1064 sed
964 1007 1033 1064 ad
1062 1009 1330 1062 immensa
1361 1010 1610 1073 saecula,
1650 1017 1931 1082 propterea

335 1089 515 1160 magis
552 1085 969 1141 convenientem
1007 1083 1602 1147 materiam,2maxime
1639 1102 1759 1139 eam
1793 1102 1931 1157 quae

337 1179 462 1217 cum
484 1161 583 1216 illa
600 1168 866 1234 perpetuo
887 1174 1107 1214 manere
1126 1164 1354 1229 poterat,
1379 1159 1550 1232 elegit
1569 1159 1784 1224 artifex,
1809 1178 1932 1215 ver—

339 1238 471 1291 bum
502 1251 699 1306 nempe
737 1234 1013 1288 divinum.
1093 1233 1297 1288 Littera
1335 1233 1493 1288 haec.
1571 1233 1657 1289 Ad
1697 1243 1933 1290 mentem

337 1327 467 1366 vero
504 1307 872 1380 imputridum
909 1317 1074 1379 atque
1113 1306 1492 1380 incorruptum
1522 1326 1650 1364 vere
1682 1309 1826 1365 nihil
1855 1320 1934 1366 est

336 1401 406 1439 ex
444 1384 703 1447 terrenis:
768 1399 896 1455 ergo
931 1383 1153 1454 quando
1193 1383 1396 1438 dixerit
1432 1383 1647 1458 lignum
1677 1387 1933 1457 imputri-

337 1459 497 1522 dum,
540 1456 845 1530 symbolice
876 1459 1069 1512 annuit
1097 1465 1280 1530 partes
1307 1458 1503 1513 mundi
1531 1477 1652 1514 sese
1691 1459 1930 1515 invicem

334 1532 886 1604 comprehendenteS,
935 1533 1143 1604 quibus
1185 1541 1498 1605 compactus
1539 1533 1645 1588 fuit
1681 1551 1934 1606 quaeque

335 1608 583 1665 detinent
600 1625 660 1663 se
680 1615 891 1662 mutuo.
956 1607 1095 1664 Mihi
1116 1606 1336 1663 videtur
1346 1607 1398 1682 ³⁶)
1420 1617 1474 1663 et
1492 1609 1551 1662 in
1572 1609 1932 1665 rationalibus

336 1685 505 1740 animi
537 1683 837 1740 virtutibus
867 1682 947 1756 (id
984 1683 1253 1755 evenire),
1293 1699 1529 1755 quarum
1567 1701 1931 1757 unamquam-

334 1778 443 1832 que
472 1759 991 1814 immarcescibilem
1021 1766 1074 1812 et
1103 1759 1246 1813 senii
1284 1767 1564 1830 expertem
1599 1759 1932 1832 incorrupti-

332 1837 615 1908 bilemque
638 1832 710 1910 [*]
736 1852 857 1890 esse
875 1834 1122 1906 contigit.
1547 1841 1550 1844 ’

424 1985 511 2034 Cur
571 2001 687 2033 auro
732 2001 859 2048 puro
913 1983 1090 2048 obteyit
1140 1982 1448 2052 intrinsecus·
1469 1992 1514 2031 et
1565 1982 1849 2030 extrinsecus

907 2055 1057 2100 auro?
1101 2051 1204 2115 (25,
1247 2050 1358 2116 11.)

448 2155 534 2208 54.
576 2150 687 2208 Alii
717 2160 998 2207 externam
1027 2151 1224 2206 faciem
1245 2151 1459 2224 fingunt
1481 2146 1725 2214 fallacia,
1760 2152 1934 2205 inter-

334 2244 459 2280 nam
486 2243 617 2281 vero
646 2235 843 2281 tectam
872 2227 1220 2297 relinquunt,
1262 2243 1392 2280 cura
1421 2226 1767 2292 destitutam3
1834 2242 1933 2279 ex-

334 2313 543 2354 ternam
572 2303 719 2354 enim
750 2301 1049 2373 multiplici
1079 2309 1270 2356 ornatu
1301 2309 1566 2355 exornant
1585 2300 1653 2354 ad
1677 2301 1934 2355 decorem

334 2383 425 2427 aut
464 2373 880 2430 admirationem
924 2375 1236 2430 faciendam
1275 2375 1617 2430 videntibus.
1694 2375 1934 2430 Divinus

332 2455 512 2500 autem
542 2457 763 2501 sanctus
788 2451 965 2504 Moses
995 2454 1136 2502 intus
1161 2450 1318 2519 prius
1346 2466 1513 2521 quam
1539 2455 1672 2518 foris
1704 2457 1938 2504 exornat

332 2519 622 2590 condignis
632 2522 984 2584 ornamentis,
1002 2536 1132 2574 auro
1152 2531 1220 2598 ut⁸
1231 2525 1408 2594 prima
1431 2525 1658 2578 materia
1679 2525 1936 2579 omnium

382 2702 389 2711 ·
423 2653 595 2711 ·*)·Aut
628 2659 707 2701 sic,
746 2660 928 2696 maxime
960 2658 1082 2696 {uxta
1107 2661 1201 2699 cod.
1230 2659 1284 2700 C:
1340 2662 1532 2701 Detinere
1557 2667 1692 2702 autem
1719 2675 1764 2704 se
1789 2667 1940 2704 mutuo

331 2702 429 2739 muln
454 2705 645 2742 videntur
670 2709 707 2744 et
733 2709 957 2746 rationales
984 2709 1150 2748 animae
1174 2712 1357 2750 virtutes.
1409 2713 1570 2752 Aueh.
