2125 3084
144 165 209 230 [1,
237 162 331 228 14.]
418 168 521 213 DE
560 166 1110 218 PROVIDENTIA
1157 171 1410 216 SERMO
1449 172 1488 216 1.
1685 168 1750 220 23

144 267 419 340 quodam,
447 267 606 322 initio
622 275 845 339 sumpto
858 309 871 332 ,
896 269 1132 340 incepit:
1178 269 1247 323 ab
1269 269 1376 324 alio
1393 287 1524 343 ergo
1541 273 1752 343 princi-

142 341 493 472 piumdduxit
512 341 609 396 ille
623 381 637 407 ,
658 343 760 413 qui
781 343 1102 414 incipiendo
1121 343 1298 400 factus
1319 343 1426 399 fuit
1443 347 1666 417 sapiens
1686 365 1750 404 ac

182 435 307 473 rovi
350 435 436 472 us.

140 437 179 490 p
252 497 342 550 26.
394 492 683 547 Caeterum
709 490 985 561 quomodo
1014 492 1119 547 erit
1156 478 1286 564 qu'is
1323 492 1591 564 providus
1627 497 1750 553 sine

148 567 519 639 providentia,
544 576 637 622 aut
654 567 879 639 sapiens
898 569 1021 621 sine
1039 565 1349 638 sapientia?
1387 567 1448 623 Si
1470 586 1600 643 ergo
1618 588 1750 643 pro-

152 643 316 698 vidus
346 651 401 698 et
429 643 651 715 sapiens
680 659 841 697 nemo
871 642 975 696 erit
1003 643 1125 697 sine
1154 642 1502 716 providentia
1529 646 1619 700 vel
1657 664 1749 700 sa·-

144 720 353 790 pientia
371 760 383 783 ,
426 719 621 788 utique
651 717 758 772 fuit
786 734 885 770 ens
907 716 1134 789 aliquod
1155 717 1451 789 providum
1473 728 1635 791 atque
1657 739 1746 776 sa-

145 796 334 865 piens,
378 811 408 847 a
436 809 547 864 quo
576 793 801 847 initium
830 791 967 847 haec
1000 793 1191 848 sortita
1227 801 1374 849 sunt.
1454 793 1746 866 Siquidem

144 877 381 940 oportet,
430 876 493 922 ut
521 875 729 923 creator
754 866 987 938 provide
1014 877 1202 922 curam
1235 867 1434 922 habeat
1460 886 1643 924 rerum
1675 872 1744 926 ab

144 944 268 1015 ipso
298 951 629 1010 creatarum,
692 941 835 999 nihil
866 950 950 997 est
978 943 1156 1007 enim,
1197 942 1349 1014 quod
1377 944 1447 999 ab
1475 945 1598 1016 ipso
1635 963 1743 1002 non

142 1025 385 1074 curetur.
435 1017 716 1083 Quomodo
735 1034 865 1090 ergo
885 1017 1208 1072 rationalem
1228 1018 1318 1074 dei
1339 1019 1744 1090 providentiam

141 1111 249 1148 non
274 1092 706 1164 appellabimus,
747 1093 989 1147 maxime
1014 1109 1188 1163 quum
1218 1111 1282 1148 ea
1309 1094 1458 1166 ipsa,
1500 1111 1641 1166 quae
1673 1096 1740 1150 ab

144 1187 207 1223 eo
234 1167 379 1222 facta
406 1176 559 1232 sunt,
600 1167 1005 1240 providentiam
1034 1184 1168 1239 prae
1196 1186 1257 1224 se
1287 1167 1463 1225 ferant
1489 1169 1557 1242 (a.
1590 1188 1742 1226 rece-

142 1241 380 1316 perint)?
732 1293 745 1306 ,

254 1333 341 1388 27.
384 1330 523 1386 Proh
545 1349 675 1386 sane
696 1331 914 1386 brutam
937 1331 1237 1386 invidiaml
1279 1332 1391 1405 ipsi
1410 1335 1511 1405 qui
1531 1352 1590 1390 se
1609 1353 1739 1408 pro-

142 1407 301 1464 vidos
341 1424 462 1462 esse
501 1407 720 1472 volunt,
780 1406 842 1460 hi
880 1407 982 1462 deo
1022 1407 1275 1462 adimunt
1309 1409 1735 1481 providentiam.

143 1484 313 1538 Unius
335 1483 533 1538 domus
555 1490 649 1537 aut
669 1482 911 1537 civitatis
932 1481 1249 1540 felicitatem
1261 1485 1549 1540 omnicum
1559 1486 1738 1542 abun-

142 1559 326 1615 dantia
346 1558 601 1614 videntes
620 1557 1002 1630 providentiae
1024 1559 1084 1613 id
1105 1576 1244 1632 opus
1265 1559 1505 1616 dicimus
1532 1571 1585 1617 et
1603 1561 1740 1617 dili-

140 1637 355 1707 gentiae
372 1675 385 1700 ‚
429 1650 573 1708 quae
590 1641 909 1705 praeparata
932 1635 1266 1706 comperitur
1285 1636 1374 1690 vel
1395 1636 1534 1708 ipsis
1555 1636 1737 1692 homi-

139 1710 305 1764 nibus
333 1708 628 1763 vilissimis
658 1708 1043 1781 indignisque,
1093 1710 1167 1764 ita
1204 1718 1265 1764 ut
1301 1727 1409 1765 non
1451 1711 1738 1782 indigeant

136 1786 303 1841 etiam
323 1783 649 1840 necessariis
663 1822 677 1848 ,
720 1800 821 1838 nec
842 1783 926 1838 illi
947 1784 1175 1855 quidem
1197 1786 1295 1854 qui
1315 1786 1508 1856 poenis
1529 1793 1582 1839 et
1600 1803 1737 1855 sup-

133 1860 326 1934 pliciis
366 1859 609 1913 damnati
646 1866 792 1912 sunt.
870 1858 1076 1916 Mundo
1111 1868 1292 1914 tamen
1335 1859 1594 1914 universo
1633 1876 1735 1914 nec

133 1935 575 2008 procurationem
604 1932 776 1988 ullam
806 1951 987 2006 neque
1018 1950 1206 1988 curam
1237 1933 1428 1987 adesse
1459 1933 1729 1998 dictitant,

134 2028 239 2066 nec
266 2009 439 2064 ullam
464 2005 537 2084 [*]
560 2009 669 2080 ipsi
703 2009 883 2082 legem
912 2009 982 2064 ab
1010 2009 1128 2064 ullo
1147 2025 1273 2063 cum
1292 2007 1524 2080 pulchra
1544 2010 1735 2080 provi·

135 2086 325 2142 dentia
346 2084 412 2158 (s.
435 2085 819 2158 praescientia)
841 2085 1214 2139 constitutam.

246 2181 333 2235 28.
381 2177 450 2232 Et
478 2177 752 2248 quomodo
772 2194 881 2233 non
901 2178 1158 2231 insanum
1177 2175 1330 2230 istud
1351 2175 1610 2231 delirium
1631 2175 1734 2230 ha-

134 2252 380 2309 bendum
409 2254 539 2319 erit,
583 2263 643 2308 ut
672 2270 846 2325 quum
869 2252 1183 2306 intellectus
1203 2259 1412 2316 noster,
1457 2252 1554 2322 qui
1574 2253 1734 2323 prin-

134 2347 264 2402 ceps
302 2337 387 2383 est
422 2330 483 2383 in
520 2329 709 2392 nobiS‚
752 2344 941 2396 curam
969 2326 1170 2381 habeat
1196 2335 1312 2382 tum
1346 2327 1588 2398 corporis
1619 2328 1726 2390 sui,

136 2416 251 2460 tum
273 2403 569 2475 pecudum,
594 2413 713 2458 tum
732 2401 1102 2466 subditorum,
1120 2410 1237 2457 tum
1260 2401 1518 2466 filiorum,
1543 2401 1640 2457 ille
1661 2419 1732 2458 ex

137 2481 390 2542 adverso,
430 2480 529 2550 qui
558 2479 943 2534 universorum
971 2478 1231 2549 princeps
1262 2486 1344 2532 est
1373 2494 1436 2532 ac
1465 2485 1640 2533 rector
1667 2494 1731 2533 ac

135 2556 287 2610 velut
304 2555 651 2609 munerarius
678 2552 1021 2616 certaminiS,
1066 2551 1278 2608 nullam
1306 2553 1501 2608 mundi
1530 2552 1729 2609 habeat

137 2628 356 2686 curam‘?
408 2631 602 2685 Nonne
631 2627 691 2683 id
720 2628 905 2698 potius
925 2629 1132 2683 maiore
1150 2628 1358 2684 ratione
1378 2628 1729 2686 statuendum

135 2704 247 2762 est?
