2125 3084
361 151 424 204 46
632 155 826 200 PHIL.
854 153 1001 198 IUD.
1032 152 1356 209 QUAEST.
1376 151 1475 196 ET
1501 151 1656 196 SOL.
1736 145 1958 214 [11,219.]

362 272 493 310 vero
513 253 698 326 (causa
718 251 1003 325 feminina)
1024 259 1087 306 ut
1106 252 1406 306 inanimata
1436 268 1545 305 non
1572 250 1813 324 praefert
1840 269 1961 306 am-

359 329 647 383 bitionem.
725 329 998 382 Hactenus
1019 326 1175 380 haec.
1256 325 1545 382 Caeterum
1564 327 1793 397 posthac
1814 327 1959 381 illud

358 419 580 474 quoque
610 401 910 458 notandum
925 443 938 466 ,
981 401 1131 472 quod
1155 401 1279 455 visu
1300 399 1586 472 praeditus
1608 401 1667 456 in
1686 401 1847 456 nobis
1868 403 1960 455 in-

358 478 612 533 tellectus
651 485 758 532 est:
823 477 990 532 huius
1019 492 1429 547 supervacanea
1456 476 1705 547 germina
1733 492 1959 530 necesse

359 562 442 608 est
470 552 814 608 abscindere.
875 550 1137 606 Ger-mina
1164 565 1295 603 vero
1314 547 1594 620 superflua
1614 559 1745 604 sunt
1764 551 1958 604 inanes

357 628 646 698 opiniones
683 641 937 698 quaeque
976 623 1285 680 secundum
1324 623 1449 678 illas
1480 632 1745 696 aguntur,
1792 626 1867 679 ita
1897 634 1960 679 ut

357 702 672 760 intellectus
711 700 1075 756 circumcisus
1114 698 1230 752 sola
1260 699 1569 752 necessaria
1597 699 1869 769 utiliaque
1898 701 1959 753 in

357 794 417 830 se
447 785 627 848 gerat,
673 783 726 830 et
752 774 1023 845 quicquid
1052 772 1375 844 superbiam
1396 789 1640 828 crescere
1661 771 1819 837 facit,
1858 773 1959 828 ab·

358 851 670 905 scindatur:
724 865 963 920 quocum
993 846 1467 903 circumciduntur
1498 855 1552 904 et
1576 847 1751 912 oculi,
1795 851 1957 919 quasi

361 942 467 980 non
491 925 736 978 videant.

411 1081 485 1148 [¹²]
529 1080 624 1132 C'ur
659 1081 806 1130 dixit.-
865 1079 984 1144 „Et
1011 1095 1136 1144 puer
1170 1088 1275 1128 octo
1313 1080 1490 1129 dierum
1526 1078 1879 1130 circumcidetur

802 1165 932 1197 omne
968 1147 1353 1196 masculinum“?
1394 1148 1513 1210 (ib.)

469 1254 552 1305 48.
616 1250 967 1321 Praeputium
985 1249 1040 1322 *)
1079 1248 1236 1304 iubet
1274 1248 1627 1314 circumcidi,
1671 1247 1819 1320 quod
1858 1265 1957 1320 ap-

355 1326 534 1396 prime
573 1325 804 1394 quidem
841 1323 914 1379 ob
952 1323 1172 1380 morbos
1208 1323 1423 1380 futuros
1470 1324 1803 1396 permissum
1851 1331 1953 1378 est.

355 1398 651 1454 Difficilius
691 1400 840 1453 enim
881 1407 963 1454 est
999 1399 1185 1454 sanari
1224 1399 1478 1453 morbum
1506 1400 1564 1453 in
1595 1398 1952 1472 genitalibus,

355 1476 486 1546 igne
508 1472 623 1528 fere
643 1474 971 1529 comburens
999 1491 1061 1529 ea
1077 1515 1090 1538 ‚
1131 1473 1340 1545 quibus
1360 1473 1741 1530 membranum
1760 1490 1958 1546 super-

355 1550 627 1604 nascitur:
671 1549 821 1620 quod
841 1557 1024 1605 tamen
1045 1549 1391 1604 circumcisis
1414 1550 1511 1605 vix
1532 1549 1819 1621 contingit.
1889 1549 1958 1603 Et

356 1641 487 1678 sane
509 1624 558 1678 si
585 1623 704 1679 fieri
723 1626 993 1697 potuisset
1011 1632 1073 1679 ut
1092 1624 1233 1678 aliae
1264 1625 1430 1680 etiam
1460 1622 1804 1678 infirmitates
1834 1624 1955 1678 evi-

355 1707 600 1754 tarentur
629 1700 962 1772 amputando
991 1699 1305 1754 membrum
1334 1695 1559 1768 aliquod
1590 1705 1682 1752 aut
1711 1697 1955 1768 aliquam

356 1776 599 1847 corporis
629 1783 869 1847 partem,
909 1776 984 1830 ita
1017 1782 1078 1829 ut
1102 1773 1366 1829 abscissis
1385 1772 1499 1827 illis
1521 1787 1629 1826 uon
1653 1771 1956 1843 impedire-

353 1861 444 1904 tur
471 1853 714 1923 operatio
743 1851 1091 1924 singularum
1116 1850 1387 1920 partium,
1432 1847 1709 1901 nesciente
1736 1847 1955 1901 mortali

356 1925 606 1989 homine,
653 1929 713 1979 in
743 1926 1209 1980 immortalitatem
1245 1931 1718 1978 transmutaretur.
1796 1921 1955 1988 Quod

355 2005 538 2051 autem
573 2015 674 2067 per
703 2014 892 2051 curam
921 1999 1095 2052 animi
1124 1999 1415 2068 providam
1488 1999 1610 2053 sine
1638 1997 1954 2052 infirmitate

356 2069 682 2126 circumcidi
721 2071 1020 2141 placuerit,
1068 2072 1271 2143 liquet,
1314 2073 1579 2146 quoniam
1619 2090 1727 2127 non
1764 2073 1954 2126 Iudaei

355 2145 486 2208 soli,
530 2160 724 2198 verum
754 2145 920 2198 etiam
948 2145 1209 2218 Aegyptii
1240 2155 1293 2202 et
1322 2147 1530 2202 Arabes
1568 2158 1622 2200 et
1658 2146 1954 2220 Aethiopes

355 2228 520 2290 atque
550 2217 665 2272 fere
691 2234 882 2272 omnes
910 2219 971 2272 in
999 2221 1349 2277 meridionali
1376 2230 1531 2294 parte
1558 2237 1729 2293 prope
1760 2221 1828 2276 ad
1862 2239 1955 2277 zo-

354 2311 482 2349 nam
502 2292 764 2349 torridam
786 2292 1098 2348 habitantes
1118 2297 1611 2352 circumciduntur.
1651 2295 1802 2362 Quae
1824 2313 1955 2369 ergo

355 2378 440 2425 est
464 2369 601 2424 ratio
629 2369 954 2442 praecipua,
997 2369 1109 2423 nisi
1137 2370 1288 2441 quod
1316 2373 1375 2426 in
1404 2373 1475 2426 iis
1508 2371 1671 2436 lociS,
1716 2373 1954 2426 maxime

355 2453 584 2510 aestate,
625 2461 802 2516 quum
833 2443 1157 2516 operculum
1187 2445 1516 2518 genitalium
1536 2448 1953 2502 circumtectum

353 2521 427 2574 sit
447 2528 571 2576 cute
586 2561 598 2584 ‚
624 2519 778 2575 ardet
797 2528 851 2577 et
869 2517 1343 2576 conflammatione
1364 2520 1685 2578 vulneratur
1699 2563 1711 2586 ‚
1740 2537 1851 2592 quo
1870 2528 1955 2574 ta—

454 2693 497 2740 ’)
522 2691 591 2732 Ad
619 2694 817 2733 verbum:
859 2695 1048 2734 cauam.
1101 2691 1260 2734 Auen.
