2125 3084
324 176 421 231 226
672 179 917 225 INDEX
951 174 1483 224 MANGEYANUS
1519 177 1558 223 1.

390 305 533 347 catur
560 295 629 356 11,
661 298 775 345 537.
818 310 851 343 a
874 293 1001 343 Caio
1027 308 1105 343 re·
1205 294 1275 353 11,
1307 298 1416 341 183.
1453 294 1582 355 leg-is
1611 308 1768 343 verae
1797 304 1932 345 recta

388 364 665 429 prehensus
688 362 755 422 Π,
780 367 890 409 542.
1203 362 1331 409 ratio
1340 361 1525 419 Π,452.
1545 361 1740 420 divina,
1757 364 1928 424 quidI,

323 434 496 497 Lepra
528 431 729 479 aedium
761 429 805 489 1,
845 433 956 477 194.
986 433 1102 476 292.
1204 432 1322 475 456.
1350 428 1478 475 Vide
1499 428 1656 475 etiam
1674 428 1900 492 Leges.

352 511 361 521 ·
393 500 574 549 coloris
612 498 757 545 unius
791 496 853 544 ib.
902 502 952 544 et
987 500 1102 543 346.
1138 495 1251 554 Lia,
1275 510 1343 543 ex
1361 502 1526 557 etymo
1543 510 1753 543 renuens
1771 504 1826 545 et
1843 496 1931 545 las-

392 568 501 617 eius
529 566 615 616 lox
640 564 683 623 Ι,
714 568 817 611 291.
1203 571 1316 610 sata
1340 562 1384 621 I,
1415 566 1532 609 458.
1565 564 1686 610 617.
1729 564 1842 613 viro
1859 566 1928 612 in·

324 635 581 697 Leprosus
614 631 658 691 I,
696 635 777 679 88.
1205 630 1312 677 visa
1332 629 1378 688 Ι,
1397 633 1514 677 251.
1552 637 1756 678 motum
1777 632 1930 693 placi-

325 702 452 751 Levi
496 699 697 749 Israelis
744 697 1106 761 primogenitus
1207 697 1325 743 dum
1349 696 1600 758 significat
1625 696 1672 756 1,
1699 702 1818 746 523.
1855 712 1928 746 ra·

394 769 438 828 1,
462 771 574 816 186.
613 765 831 813 nominis
860 764 1107 827 significa·
1207 763 1408 812 tionalis
1434 764 1636 811 animae
1659 766 1822 827 partis
1839 766 1930 813 vir-

391 837 465 885 tio
482 835 526 894 Ι,
546 836 663 881 339.
684 837 799 881 371.
824 836 939 879 333.
1207 838 1289 879 tus
1313 829 1354 889 Ι,
1379 834 1493 877 523.
1517 834 1635 878 626.

325 904 535 952 Levitae
548 936 561 961 ,
588 906 899 949 caeterorum
916 898 1109 946 redem-
1139 897 1296 945 Liber
1339 903 1390 945 et
1427 897 1667 959 princeps
1707 900 1824 961 quis
1859 899 1923 958 11,

392 971 499 1035 ptio
519 968 562 1027 I,
583 972 695 1016 186.
709 970 826 1015 490.
852 980 1109 1015 sacrorum
1209 969 1321 1012 448.
1345 964 1430 1025 qui
1449 964 1542 1012 deo
1561 966 1723 1014 servit
1743 967 1808 1015 ib.
1847 968 1923 1029 qui

396 1036 629 1086 custodes
638 1034 678 1095 Ι,
694 1040 807 1083 203.
822 1047 953 1083 anno
964 1033 1108 1095 quin·
1208 1046 1324 1079 suas
1343 1046 1423 1079 res
1438 1032 1636 1093 peragit
1653 1032 1723 1079 ib.
1765 1036 1852 1097 qui
1869 1035 1922 1081 de

396 1103 688 1167 quagesimo
732 1102 795 1149 ab
840 1114 989 1163 opere
1034 1100 1108 1146 di·
1205 1099 1354 1146 rebus
1381 1098 1614 1146 humanis
1641 1110 1788 1149 recte
1825 1116 1922 1150 sen·

392 1170 533 1219 missi
560 1169 625 1216 ib.
676 1182 850 1217 eorum
876 1180 985 1215 sors
1018 1166 1107 1213 do·
1207 1166 1268 1213 tit
1289 1166 1359 1225 H,
1380 1170 1494 1213 449.
1537 1166 1621 1213 dei
1641 1170 1844 1217 amicus
1861 1168 1920 1227 Π,

392 1238 558 1286 minus
576 1236 641 1283 ib.
664 1242 714 1283 et
732 1240 847 1283 339.
870 1234 1108 1297 profugo·
1206 1237 1326 1282 452.

394 1318 504 1352 rum
542 1302 729 1350 similes
766 1302 807 1361 1,
846 1306 956 1349 188.
980 1304 1107 1359 5593
1142 1300 1372 1348 Libertas
1391 1300 1531 1347 firma
1555 1300 1601 1360 1,
1623 1306 1746 1350 419.
1783 1303 1920 1351 liber·

394 1378 445 1418 et
480 1369 843 1417 homicidarum
884 1382 988 1415 non
1024 1382 1109 1414 vo·
1208 1375 1284 1415 tas
1303 1367 1416 1415 fons
1436 1367 1693 1417 felicitatis
1717 1370 1788 1429 11,
1811 1374 1917 1418 467.

392 1436 722 1483 luntariorum
738 1434 803 1482 ib.
842 1448 1015 1482 eorum
1039 1434 1110 1481 ei·
1209 1448 1351 1483 servo
1377 1434 1626 1483 bonorum
1649 1437 1922 1484 maximum

393 1502 569 1549 vitatos
594 1500 660 1547 ib.
684 1506 733 1548 et
756 1500 824 1559 H,
848 1505 963 1547 236.
988 1504 1105 1548 237.
1207 1502 1277 1561 H,
1299 1506 1412 1549 286.
1455 1502 1561 1549 eius
1580 1503 1821 1551 indicium
1838 1518 1921 1551 ae-

394 1572 509 1617 291.
536 1574 711 1615 contra
728 1568 1012 1614 sacerdotes
1032 1566 1108 1616 in·
1211 1584 1311 1631 qua
1337 1569 1576 1630 loquendi
1604 1578 1821 1633 potestas
1848 1570 1918 1630 Π,

398 1642 605 1697 surgunt
629 1633 698 1694 11,
731 1638 840 1682 161.
870 1634 981 1681 177.
1024 1648 1109 1682 eo·
1209 1640 1323 1683 452.
1365 1636 1474 1684 eius
1501 1639 1812 1699 praestantia
1843 1652 1921 1686 ce-

395 1702 709 1753 mmreditus
730 1708 781 1750 et
794 1702 1021 1765 praemia
1035 1702 1106 1762 11,
1208 1703 1400 1751 lebrata
1436 1703 1502 1765 H,
1543 1708 1663 1754 467.
1723 1706 1919 1768 duplex,

398 1776 512 1821 236.
542 1772 655 1819 237.
676 1774 791 1819 291.
830 1783 1004 1818 eorum
1027 1784 1112 1817 ur-
1209 1772 1488 1818 animarum
1508 1777 1558 1819 et
1575 1786 1848 1835 corporum
1859 1774 1920 1833 11,

396 1840 485 1889 bes
504 1838 752 1903 refuqum
775 1838 942 1886 caedis
970 1838 1110 1884 invo-
1209 1842 1326 1886 448.
1383 1852 1527 1897 vera,
1569 1854 1827 1900 quaenam
1858 1840 1921 1899 11,

398 1908 644 1957 luntariae
668 1920 869 1955 reorum
893 1905 961 1964 H,
991 1906 1106 1952 237.
1207 1910 1326 1954 469.
1365 1919 1468 1953 11011
1493 1906 1640 1953 datur
1657 1910 1923 1956 manumis-

396 1979 512 2023 320.
540 1980 656 2023 321.
1212 1973 1352 2021 sione
1371 1972 1435 2020 ib.
1467 1974 1751 2023 exanimae
1765 1976 1923 2023 indole

328 2042 559 2092 Levitica
574 2041 731 2089 tribus
756 2042 819 2087 ad
836 2039 1112 2089 ministeria
1212 2046 1464 2101 spectatur
1489 2038 1557 2098 II,
1587 2044 1707 2089 470.
1752 2057 1848 2104 pro
1873 2057 1925 2090 ea

399 2124 543 2158 sacra
560 2108 792 2169 deligitur
803 2108 872 2166 Π,
892 2111 1002 2153 159.
1023 2120 1112 2153 cur
1207 2120 1344 2154 mors
1365 2108 1650 2169 oppetenda
1667 2108 1740 2167 Π,
1767 2115 1877 2158 103.

396 2175 603 2238 reliquis
636 2176 862 2237 praelata
889 2173 959 2233 11,
996 2177 1106 2221 159.
1144 2173 1286 2222 Libri
1321 2174 1536 2222 Mosaici
1573 2175 1816 2225 divinitus
1857 2178 1924 2225 in·

404 2250 515 2293 160.
550 2247 664 2291 225.
696 2247 811 2290 320.
1211 2241 1382 2303 spirati
1400 2241 1470 2299 11,
1488 2246 1600 2289 163.
1623 2256 1806 2292 eorum
1822 2260 1924 2307 par-

330 2312 445 2361 Lex
482 2325 573 2359 rex
608 2310 811 2371 quidam
845 2309 1004 2357 iustus
1038 2307 1108 2365 H,
1209 2316 1286 2356 tes
1309 2307 1377 2367 H,
1403 2313 1512 2355 141.
1537 2313 1656 2358 408.

404 2382 515 2427 137.
555 2384 670 2425 ante
694 2384 849 2425 terras
866 2375 1110 2423 Hebraeis
1144 2376 1330 2435 Linea,
1359 2376 1477 2437 quid
1498 2375 1542 2435 I,
1571 2381 1651 2425 11.
1675 2383 1796 2428 540.

398 2446 515 2494 data
532 2445 601 2504 H,
628 2449 739 2491 182.
767 2450 951 2505 quanto
968 2456 1110 2504 pom·
1144 2443 1306 2490 Linea
1325 2444 1452 2491 stola
1463 2444 1717 2505 pontificis
1728 2447 1800 2505 H,
1814 2452 1925 2496 225.

394 2526 492 2572 pae
537 2518 778 2574 apparatu
825 2510 1005 2559 tradita
1038 2508 1107 2568 H,
1211 2511 1374 2559 lineae
1389 2518 1554 2559 vestes
1571 2512 1614 2570 I,
1631 2516 1753 2562 370.
1781 2520 1894 2563 653.

404 2581 513 2625 187.
569 2579 742 2639 populi
777 2578 990 2640 puritate
1028 2590 1110 2623 ac·
1144 2576 1372 2640 Linguae
1408 2578 1687 2629 infrenatae
1721 2583 1862 2630 mala
1887 2581 1924 2642 I,

396 2650 541 2701 cepta
560 2643 631 2702 H,
660 2648 768 2692 188.
808 2645 873 2691 ad
894 2644 1021 2691 bene
1040 2643 1110 2689 vi-
1211 2651 1326 2693 224.
1376 2646 1660 2707 linguarum
1697 2650 1926 2699 confusio

388 2708 610 2755 vendam
646 2722 798 2769 quam
824 2712 1111 2760 necessaria
1209 2712 1260 2773 1,·
1273 2718 1387 2761 404.
1407 2716 1522 2761 406.
