2125 3084
179 179 261 244 [11‚
284 178 404 244 445]
562 183 641 228 IN
677 183 1013 230 EXODUM.
1053 187 1306 233 SERMO
1343 191 1380 233 1.
1676 187 1774 240 299

284 299 504 353 Menses
535 305 718 352 autem
748 305 802 352 et
830 315 999 354 annos
1026 316 1134 354 non
1163 317 1352 354 omnes
1383 301 1638 359 similiter
1675 305 1775 360 ha·—

178 373 306 429 hent
321 415 334 437 ,
380 371 481 428 sed
506 371 643 426 alias
664 372 789 426 alii:
831 373 1059 444 quidam
1079 374 1387 430 secundum
1405 375 1603 442 solem,
1645 381 1775 450 qui-

175 449 302 504 dam
332 463 465 502 vero
493 447 802 502 secundum
832 442 1051 504 lunami.
1126 449 1306 520 Atque
1343 449 1473 505 ideo·
1499 467 1772 508 sacrorum

176 523 442 579 festorum
477 522 714 578 cultores
743 522 813 577 de
839 523 1134 594 principiis
1164 525 1293 579 anni
1322 526 1588 580 contraria
1625 543 1776 582 asse—

175 608 302 654 runt
316 638 329 662 ‚
380 598 659 669 principia
690 599 965 653 contraria
1000 599 1396 654 constituentes
1430 600 1774 656 circulationi

174 684 484 744 temporum
521 673 817 746 principiis
854 673 1074 744 periodi
1113 675 1514 730 convenientia.
1597 675 1774 742 Quare

174 749 377 804 adiecit
389 789 403 812 ‚
435 747 585 819 quod
602 751 747 804 vobis
764 754 953 804 mensis
970 753 1068 803 iste
1081 753 1400 818 principium
1415 748 1586 823 (erit),
1623 751 1774 806 indi-

170 841 303 879 cans
324 823 651 878 distinctum
678 831 999 895 certumque
1017 832 1326 896 temporum
1345 841 1664 891 numerum,
1703 844 1773 882 ne

168 900 229 955 in
241 897 641 971 Aegyptiorum
661 897 876 953 abirent
895 913 1093 963 mores,
1119 900 1338 954 mixtim
1356 901 1415 954 in
1436 901 1659 973 regione
1679 918 1774 955 eo-

165 990 297 1028 rum
326 972 636 1029 habitantes
666 973 1066 1028 consuetudine
1099 973 1340 1030 seducti:
1365 973 1541 1030 -idem
1580 975 1771 1031 volens

164 1057 391 1120 tempus
411 1049 751 1121 principium
778 1065 900 1103 esse
932 1048 1128 1116 mundi
1155 1048 1223 1103 ad
1243 1051 1678 1122 generationem,
1719 1059 1774 1106 et

163 1124 343 1178 huius
357 1124 543 1212 gentis
564 1141 662 1195 pro
681 1122 970 1180 mensibus
993 1125 1282 1196 annisque.
1331 1127 1569 1197 Tempus
1589 1134 1771 1180 autem

164 1196 373 1253 inundi
395 1195 626 1262 conditi,
669 1200 718 1253 si
748 1199 877 1272 quis
906 1207 1212 1270 opportuno
1242 1201 1512 1256 examinis
1539 1201 1770 1256 consilio

166 1281 341 1328 utens
361 1271 637 1343 inquirere
657 1274 794 1329 velit
818 1275 1106 1329 veritatem
1121 1316 1134 1339 ‚
1167 1288 1393 1330 vernum
1414 1283 1632 1362 tempus
1653 1285 1762 1342 est;

162 1349 279 1403 hoo
320 1347 466 1401 enim
503 1355 746 1421 tempore
783 1350 967 1404 omnia
1011 1350 1319 1406 universim
1365 1348 1658 1408 florescunt
1706 1368 1769 1406 ac

162 1423 549 1498 germinantur
562 1465 575 1488 ‚
610 1432 663 1479 et
683 1441 811 1478 suos
820 1432 972 1488 ,terra
991 1424 1261 1497 perfectos
1281 1436 1503 1498 generat
1524 1425 1762 1483 fructus:

162 1485 313 1554 nihil
337 1506 516 1554 autem
535 1498 920 1572 imperfectum
943 1510 1084 1565 erat,
1109 1510 1170 1557 ut
1191 1499 1337 1567 dixi,
1362 1502 1421 1556 in
1433 1503 1618 1576 prima
1636 1521 1767 1576 pro-
1830 1527 1837 1532 ·

160 1575 442 1630 creatione
463 1575 867 1630 universorum.
925 1577 1063 1630 Nam
1085 1594 1246 1649 opera
1265 1577 1390 1632 data
1409 1579 1764 1635 constitutum

161 1657 310 1714 erat,
352 1657 417 1704 ut
444 1666 580 1723 gens
608 1651 716 1705 ista
749 1651 955 1722 optime
988 1661 1399 1707 conversaretur
1437 1654 1495 1706 in
1533 1653 1761 1717 mund0,

161 1725 361 1779 sortita
388 1726 667 1796 propriam
694 1734 902 1797 partem
933 1727 1214 1794 meliorem
1241 1744 1340 1798 pro
1365 1726 1568 1780 honore
1589 1728 1768 1798 pieta·—

159 1800 242 1855 tis
257 1840 272 1862 ‚
314 1815 571 1871 magnam
591 1798 733 1855 bano
751 1801 973 1865 urbem,
1013 1800 1283 1855 mundum
1303 1803 1556 1870 inquam,
1599 1808 1650 1853 et
1671 1817 1767 1854 ur-

160 1873 502 1938 banitatem,
536 1891 655 1945 ‚qua
684 1875 1092 1949 dispensatione
1121 1876 1260 1931 bene
1294 1871 1366 1948 [Ἴ
1392 1881 1763 1928 conversatur.

161 1950 351 2016 Quare
382 1957 437 2004 et
464 1957 678 2022 tempus
707 1960 885 2007 ratum
913 1951 1112 2006 habuit
1140 1949 1287 2004 idem
1318 1965 1439 2002 esse
1469 1947 1668 2002 debere
1697 1948 1766 2003 ad

160 2024 489 2080 memoriam
516 2026 708 2082 mundi
739 2021 1013 2082 nascentis
1042 2033 1107 2081 et·
1124 2023 1462 2097 cognationis
1489 2039 1615 2078 cum
1638 2024 1762 2086 isto,

159 2109 227 2155 ut
244 2101 428 2155 omnis
448 2103 711 2173 temporis
731 2103 1074 2174 principium
1094 2095 1287 2156 it'idem
1308 2116 1405 2153 ver
1425 2098 1520 2153 sit.
1585 2097 1762 2171 Simu!

134 2232 148 2248 Ι
162 2176 316 2230 enim
338 2192 401 2230 ac
420 2173 596 2231 factus
614 2176 792 2232 fuerat
811 2176 1082 2241 mundus,
1119 2176 1179 2230 id
1200 2172 1391 2242 flebat3
1438 2177 1490 2228 et
1509 2189 1645 2246 gens
1667 2190 1766 2227 na-

158 2260 341 2305 turam
383 2251 608 2326 imitans
647 2243 1079 2323 universamque
1119 2249 1258 2307 caeli
1298 2248 1766 2321 dispensationem

158 2317 384 2397 temp‘us
404 2342 626 2401 quoque
647 2326 906 2382 similiter
925 2336 977 2382 et
997 2327 1388 2388 convenienter,
1401 2341 1529 2380 cum
1558 2325 1767 2378 mensi-

160 2401 273 2455 bus
314 2403 586 2472 annisque
634 2400 868 2473 aptavit,
929 2401 1160 2457 eandem
1207 2399 1547 2474 praeferente
1594 2414 1764 2455 verno

159 2484 409 2548 tempore
430 2477 697 2531 rationem
712 2517 725 2541 ,
767 2492 909 2548 quae
931 2477 1109 2533 fuerat
1129 2485 1181 2532 et
1208 2478 1266 2531 in
1293 2474 1499 2530 mundo
1524 2474 1766 2530 conden-

162 2551 254 2606 do.
282 2550 523 2606 Etenim
544 2548 615 2606 ad
637 2545 877 2606 hominis
899 2551 1105 2626 (Mosis)
1125 2569 1315 2606 vocem
1330 2593 1343 2618 ,
1367 2567 1478 2622 quo
1498 2566 1762 2623 umquam

161 2623 451 2697 oportebat
496 2632 711 2682 mutare
758 2625 1125 2681 habitationes
1181 2644 1310 2681 suas
1366 2624 1434 2680 de
1491 2626 1758 2700 Aegypto,

162 2717 340 2772 quum
368 2697 681 2755 manifestis
707 2701 896 2756 verbis
924 2703 1176 2772 persuasi
1205 2709 1359 2766 sunt,
1405 2703 1765 2775 transmigra-

1511 2945 1523 2973 Ι
