2125 3084
397 147 495 202 404
850 154 1214 224 Pinnoms
1261 153 1538 200 IUDAEI
1765 153 1852 217 ω,
1875 152 1988 218 562.]

394 270 493 308 sua
523 253 725 308 virtute
752 253 1072 326 possidente
1101 261 1156 308 et
1181 261 1394 325 partem
1423 255 1644 310 serendi
1665 257 1906 313 mitteret
1927 259 1990 312 de

393 329 605 383 semine
630 329 689 382 in
710 337 852 383 terra
872 338 925 384 et
944 328 1099 384 fieret
1117 329 1216 400 qui
1235 337 1550 383 nasceretur
1563 371 1575 393 ‚
1610 331 1792 386 virtus
1812 341 1992 404 pater·
2061 323 2063 402 l

392 420 495 459 nae
516 404 737 458 virtutis
753 445 766 468 ,
796 405 856 458 in
875 405 1088 458 semine
1107 403 1430 459 sacrificato.
1507 403 1685 470 Quare
1707 422 1812 460 nec
1832 409 1994 462 iuve-

394 485 490 534 n‘es
521 479 591 534 ad
619 478 723 534 hoc
750 495 889 551 opus
916 487 979 534 ut
1006 478 1344 550 imperfecti,
1389 495 1564 550 neque
1593 495 1755 533 senes
1794 491 1857 536 ut
1893 481 1995 536 de·-

393 555 872 619 mittentes·vires‚
916 554 1000 608 sic
1026 553 1215 608 idonei
1245 561 1376 608 sunt
1403 554 1646 624 apposite
1675 556 1992 610 secundum
2017 621 2022 626 .

392 631 497 685 hoc
516 629 836 702 Sampsonis
862 636 1081 700 tempus
1096 670 1108 694 ‚
1149 645 1260 699 quo
1281 627 1379 683 flos
1401 628 1797 684 adolescentiae
1819 647 1994 702 super

393 705 608 760 vultum
628 704 984 776 pulchrorum
1004 720 1154 758 more
1175 701 1372 759 florum
1391 705 1572 775 campi
1591 711 1644 759 et
1662 703 1807 758 horti
1827 723 1993 776 spar-
2062 723 2063 726 ¹

390 782 565 852 gitur,
608 781 686 834 ita
716 787 777 834 ut
805 786 1085 850 stuporem
1113 778 1252 834 ferat
1268 787 1324 834 et
1341 778 1680 851 placidorum
1698 778 1991 835 oculorum

390 854 631 910 titillatio
652 853 949 909 subridens
969 855 1338 926 comperiatur
1352 894 1365 917 ‚
1391 855 1556 910 solari
1577 853 1866 926 splendore
1883 871 1990 908 su-

388 945 485 1002 per
514 947 683 1002 genas
713 928 987 1004 fulgente:
1050 931 1231 985 colore
1257 929 1542 1000 praeditus
1569 947 1676 984 non
1705 930 1846 984 sicut
1864 931 1987 984 vir—
2062 977 2063 986 ,

387 1005 582 1078 ginum
622 1004 1031 1076 mulierumque
1067 1003 1434 1076 superflorens
1461 1003 1842 1076 pulchritud0‚
1879 1005 1986 1076 sed
2062 1061 2063 1072 2

388 1080 571 1150 qualis
606 1081 830 1151 optimis
865 1081 1005 1136 viris
1040 1096 1113 1136 ex
1139 1079 1436 1151 praeclaris
1467 1079 1750 1134 laboribus
1779 1080 1985 1143 evenit,
2062 1103 2063 1108 ¹

386 1163 731 1226 cooperatore
768 1155 835 1228 (s.
876 1153 1268 1227 concoquente)
1308 1155 1559 1210 laborum
1597 1171 1824 1210 suorum
1865 1155 1990 1210 sole

385 1230 642 1285 ruborem
674 1229 955 1297 afferente3
1026 1232 1173 1284 sicut
1207 1237 1262 1284 et
1299 1229 1725 1301 superciliorum
1765 1246 1992 1304 compo-

386 1306 515 1359 sitio
532 1305 779 1359 imitatur
800 1305 963 1360 lunae
986 1305 1260 1360 circulum
1273 1346 1286 1369 ,
1321 1313 1615 1376 antequam
1635 1305 1696 1360 in
1715 1304 1991 1360 medieta-

384 1388 493 1432 tem
515 1387 707 1450 vergat
726 1379 987 1436 cornibus
1008 1381 1254 1436 collectis
1276 1379 1344 1434 ad
1365 1379 1637 1439 circulum
1668 1379 1991 1436 faciendum
2062 1401 2063 1414 ¹

383 1454 682 1526 integrum.

495 1545 580 1599 22.
622 1542 950 1599 Huiusmodi
970 1545 1082 1617 ipsi
1102 1543 1351 1617 praedito
1373 1543 1532 1599 vultu
1551 1542 1870 1600 delectabili
1890 1560 1991 1598 so-

384 1617 453 1670 lis
484 1619 656 1672 instar
676 1635 904 1674 coronae
924 1621 1126 1675 mulier
1185 1618 1416 1674 uaedam
1439 1620 1751 1692 alienigena
1769 1618 1985 1675 obviat.

380 1693 579 1748 Mulier
599 1702 780 1749 autem
802 1704 916 1751 erat
936 1696 994 1750 in
1015 1696 1158 1769 figur
1211 1695 1472 1751 muliebri
1491 1695 1836 1750 concinnata.
1878 1694 1989 1749 Hic

379 1786 510 1824 vero
542 1771 601 1824 in
631 1771 868 1825 alienam
894 1780 1094 1827 terram
1122 1769 1422 1826 extendens
1451 1770 1664 1833 visum,
1693 1767 1768 1844 [³¹⁶]
1792 1785 1986 1824 eorum

380 1863 555 1910 more,
589 1848 687 1919 qui
709 1849 894 1918 specie
914 1843 1235 1919 capiuntur,
1268 1846 1490 1918 ligatur.
1567 1846 1818 1916 Namque
1837 1845 1988 1898 reci-

378 1922 537 1990 piens
573 1922 768 1990 opulus
808 1923 1133 1994 complicem
1173 1930 1433 1976 venatum
1473 1929 1526 1976 et
1555 1920 1986 1974 commoratione

378 1996 611 2050 visionis
633 1997 881 2055 nutriens
903 1997 1262 2069 cupiditatem
1278 2037 1291 2060 ‚
1335 1995 1488 2051 misit
1515 1996 1748 2050 interius
1775 1997 1837 2049 in
1857 1996 1986 2049 ani-

378 2089 529 2125 mum
557 2070 805 2126 feritum:
869 2074 1086 2128 animus
1118 2080 1298 2127 autem
1330 2071 1677 2134 vulneratUS,
1719 2071 1983 2141 quamvis

376 2163 405 2199 a
426 2147 537 2218 piis
559 2147 808 2202 consiliis
828 2149 1108 2220 pulsetur,
1133 2147 1449 2224 *pulchrum
1477 2145 1706 2218 pudoris
1739 2145 1988 2201 colorem

374 2222 433 2275 in
456 2221 858 2293 impudentiam
877 2222 1153 2278 transfert.

485 2318 571 2368 23.
632 2313 717 2368 Ad
755 2315 905 2369 hunc
944 2316 1122 2369 locum
1153 2315 1386 2385 quidam·
1411 2331 1481 2382 ex
1508 2311 1858 2384 sapientibus
1888 2311 1995 2366 di-

374 2397 505 2443 cunt
534 2404 660 2443 eum
689 2389 998 2455 divinitatis
1027 2390 1259 2445 consilio
1280 2391 1339 2443 in
1361 2388 1683 2460 cupidinem
1704 2387 1999 2460 alienige-
2062 2391 2063 2394 ’

372 2481 472 2517 nae
504 2463 755 2518 deditum
785 2463 986 2528 fuisse,
1028 2473 1091 2520 ut
1117 2466 1208 2518 via
1236 2466 1296 2518 in
1313 2481 1513 2520 noxam
1535 2463 1996 2534 alienigenarum

372 2539 675 2607 aperiretur
701 2541 773 2594 ei.
851 2539 1116 2595 Nonnulli
1138 2555 1266 2595 vero
1289 2541 1469 2603 aiunt,
1500 2554 1808 2609 numquam
1829 2539 2000 2597 velle

296 2655 305 2672 ,
370 2611 536 2664 deum
574 2620 635 2666 ut
662 2614 907 2668 salvetur
934 2613 1213 2688 (populus)
1241 2631 1341 2686 per
1372 2614 1613 2670 facinora
1641 2621 1867 2684 praeter
1899 2615 2000 2671 le-

267 2747 271 2752 ,
369 2698 495 2752 gem
516 2683 675 2737 facta.
754 2687 1022 2752 Quoniam
1046 2688 1191 2758 apud
1211 2707 1270 2742 se
1290 2699 1404 2744 erat
1425 2698 1719 2760 utrumque
1739 2687 2000 2762 dispen-
