2125 3084
147 170 380 241 [11,³94.]
506 176 586 221 IN
628 176 982 222 GENEsm.
1023 178 1277 225 sunno
1314 182 1400 227 1v.
1650 178 1745 233 224

318 308 418 360 Cur
453 310 716 359 obstructos
741 320 914 375 puteos
945 327 1127 361 rursum
1148 312 1317 377 fidit?
1350 315 1452 379 (26,
1486 318 1589 377 18.)

265 416 382 469 ⁴93.
425 412 511 467 Ad
533 413 768 467 litteram
785 452 798 477 ,
823 415 955 484 quia
974 421 1169 469 natura
1192 414 1484 481 humanus,
1508 418 1749 476 benevo-

153 490 238 544 lus
260 498 314 555 et
336 488 637 561 indulgens
659 498 743 541 est
761 489 984 559 sapiens
999 530 1012 554 ,
1053 490 1266 545 nullius
1294 492 1516 546 omnino
1545 510 1748 551 memor

149 564 393 619 malitiae
409 604 422 627 ,
455 563 557 618 sed
577 562 814 618 devictis
835 564 1091 619 hostibus
1110 581 1349 636 aequum
1370 565 1525 622 ducit
1544 566 1749 625 bonum

150 639 327 695 facere
365 639 580 711 potius,
623 654 791 709 quam
829 638 1115 694 damnum.
1192 639 1279 695 Ad
1317 650 1556 697 mentem
1595 662 1745 710 vero,

147 715 408 786 quoniam
433 714 537 769 hoc
557 721 641 768 est
667 729 808 785 opus
838 714 1075 771 studiosi
1104 716 1607 788 contemplationis,
1650 737 1750 775 cu-

146 792 232 847 ius
251 790 358 845 etsi
381 789 452 844 ad
472 798 694 860 tempus
717 786 792 863 [*]
817 791 1087 862 exiguum
1105 790 1420 846 obstruatur
1440 809 1596 848 mens
1612 835 1624 853 ‚
1650 794 1762 849 ad-‘

145 867 322 921 vectis
343 865 404 919 in
425 880 553 919 eum
573 864 736 935 quasi
758 864 874 920 luto
893 882 1173 935 coenoque
1194 866 1409 931 mundi,
1432 870 1749 941 occupatio-

143 941 319 995 nibus
349 938 670 1011 ingentibus
699 940 1129 1011 immensisque,
1170 951 1323 996 eurat
1354 942 1554 999 eiicere
1580 961 1673 999 eas
1695 956 1748 1001 et

142 1016 417 1071 leviorem
446 1030 504 1069 se
531 1012 788 1081 reddere,
831 1024 892 1070 ut
919 1016 1122 1071 iterum
1147 1016 1327 1071 valeat
1354 1020 1573 1073 sursum
1596 1022 1747 1092 aspi-

145 1107 274 1145 cere
315 1097 372 1145 et
399 1090 520 1145 sine
545 1090 826 1147 obstaculo
855 1091 1039 1147 radios
1071 1091 1298 1147 luminis
1327 1094 1629 1165 sapientiae
1657 1096 1746 1150 vi-

141 1167 300 1221 dere.

259 1286 360 1337 Cur
395 1286 552 1336 eadem
587 1287 776 1337 nomina
803 1287 943 1351 ponit
969 1288 1153 1351 putei-3,
1194 1304 1316 1352 quae
1344 1300 1490 1353 pater
1522 1308 1633 1342 auus

732 1354 1006 1405 indiderat?
1037 1356 1157 1419 (ib.)

255 1459 374 1512 ⁴94.
425 1458 630 1512 Littera
660 1458 918 1529 pietatem
946 1457 1205 1529 patefacit
1238 1476 1366 1534 erga
1404 1470 1643 1533 patrem,
1688 1476 1741 1519 et

429 1700 614 1765 thuid
647 1702 863 1749 obstrusa
889 1712 1040 1765 putea
1072 1720 1233 1752 rursus
1266 1703 1465 1767 effodit?

263 1806 380 1857 ⁴93.
431 1802 774 1873 spontaneae
808 1802 1133 1859 elementiae
1158 1812 1211 1857 et
1239 1803 1568 1858 humilitatis
1606 1822 1743 1875 pru-

137 1880 284 1935 dens
300 1918 314 1940 ,
357 1876 512 1932 nulla
545 1877 799 1935 detentus
837 1896 1002 1934 saeva
1028 1879 1289 1933 memoria
1306 1916 1319 1941 ,
1362 1894 1623 1947 superare
1654 1879 1744 1933 di-

137 1961 349 2028 gnatur
369 1951 736 2010 adversarios:
781 1970 893 2009 non
908 1952 1054 2009 mala
1078 1969 1175 2024 pro
1196 1952 1357 2007 malis
1372 1992 1385 2017 ,
1408 1951 1507 2006 sed
1527 1969 1625 2023 per
1645 1953 1736 2008 b'e·

137 2028 366 2086 neficia.
447 2025 650 2084 Sensus
677 2038 862 2085 tamen
895 2029 1116 2084 alterior
1144 2027 1247 2083 hoc
1274 2028 1569 2083 advocatur
1590 2045 1743 2083 mens

138 2106 250 2161 deo
281 2102 497 2169 dedita,
541 2104 668 2161 licet
695 2103 767 2160 ad
801 2113 1022 2176 tempus
1057 2104 1370 2175 decipiatur
1408 2102 1742 2175 supradictis

136 2178 484 2252 quibusdam
503 2180 878 2236 molestiarum
906 2179 1275 2251 ponderibus,
1318 2178 1474 2235 coeni
1506 2178 1626 2233 vice
1657 2180 1745 2233 in-

136 2255 526 2327 quietantibus
539 2264 600 2311 et
617 2255 1022 2325 occupantibus
1036 2296 1049 2317 ,
1092 2264 1377 2327 exportare
1398 2272 1491 2311 eas
1512 2263 1567 2309 et
1586 2270 1744 2310 reve-

139 2332 254 2386 lare
303 2332 489 2394 novit,
553 2339 616 2385 ut
663 2331 884 2385 interim
930 2331 1105 2400 possit
1138 2332 1401 2402 pristinos
1441 2330 1743 2401 sapientiae

139 2406 466 2478 splendores
495 2406 618 2461 sine
647 2404 762 2461 ullo
791 2404 1186 2476 impedimento
1213 2421 1555 2478 recuperare.

149 2546 337 2612 thuid
367 2546 534 2597 eadem
568 2546 805 2597 vocabula
829 2548 992 2611 posuit
1018 2549 1201 2613 puteis,
1259 2563 1381 2611 quae
1424 2548 1563 2597 etiam
1600 2563 1743 2612 prae·

645 2624 715 2663 ter
750 2616 892 2679 (lege
919 2618 1095 2681 pater)
1132 2616 1261 2664 eius?

257 2718 375 2771 ⁴94.
403 2794 408 2801 .
429 2715 700 2770 Aemulus
727 2724 982 2787 paternae
1003 2718 1225 2787 pietatis
1246 2716 1505 2773 honorem
1526 2718 1633 2773 sibi
1659 2735 1745 2773 re-
