<?xml version="1.0" encoding="UTF-8"?>
<!DOCTYPE html PUBLIC "-//W3C//DTD XHTML 1.0 Transitional//EN"
    "http://www.w3.org/TR/xhtml1/DTD/xhtml1-transitional.dtd">
<html xmlns="http://www.w3.org/1999/xhtml" xml:lang="en" lang="en">
 <head>
  <title>
</title>
<meta http-equiv="Content-Type" content="text/html;charset=utf-8" />
  <meta name='ocr-system' content='tesseract 3.04.00' />
  <meta name='ocr-capabilities' content='ocr_page ocr_carea ocr_par ocr_line ocrx_word'/>
</head>
<body>
  <div class='ocr_page' id='page_1' title='image "./philonisiudaeio00alejgoog_0441.png"; bbox 0 0 2125 3084; ppageno 0'>
   <div class='ocr_carea' id='block_1_1' title="bbox 342 147 1952 219">
    <p class='ocr_par' dir='ltr' id='par_1_1' title="bbox 342 147 1952 219">
     <span class='ocr_line' id='line_1_1' title="bbox 342 147 1952 219; baseline 0.002 -18"><span class='ocrx_word' id='word_1_1' title='bbox 342 147 441 201; x_wconf 77' lang='lat'><strong>426</strong></span> <span class='ocrx_word' id='word_1_2' title='bbox 822 149 1061 196; x_wconf 67' lang='lat' dir='ltr'><strong>rmno</strong></span> <span class='ocrx_word' id='word_1_3' title='bbox 1107 148 1445 196; x_wconf 64' lang='lat' dir='ltr'><strong>munaus</strong></span> <span class='ocrx_word' id='word_1_4' title='bbox 1717 149 1807 216; x_wconf 75' lang='lat' dir='ltr'><strong>sn,</strong></span> <span class='ocrx_word' id='word_1_5' title='bbox 1833 153 1952 219; x_wconf 54' lang='lat' dir='ltr'><strong>aaa]</strong></span> 
     </span>
    </p>
   </div>
   <div class='ocr_carea' id='block_1_2' title="bbox 335 249 1952 2055">
    <p class='ocr_par' dir='ltr' id='par_1_2' title="bbox 335 249 1952 2055">
     <span class='ocr_line' id='line_1_2' title="bbox 340 249 1952 323; baseline 0.002 -14"><span class='ocrx_word' id='word_1_6' title='bbox 340 261 427 308; x_wconf 83' lang='lat' dir='ltr'><strong>ta&#39;e</strong></span> <span class='ocrx_word' id='word_1_7' title='bbox 456 267 687 308; x_wconf 85' lang='lat' dir='ltr'><strong>examen</strong></span> <span class='ocrx_word' id='word_1_8' title='bbox 728 249 1043 323; x_wconf 81' lang='lat' dir='ltr'><strong>exigebant.</strong></span> <span class='ocrx_word' id='word_1_9' title='bbox 1125 251 1206 304; x_wconf 89' lang='lat' dir='ltr'><strong>Tu</strong></span> <span class='ocrx_word' id='word_1_10' title='bbox 1243 250 1372 320; x_wconf 85' lang='lat' dir='ltr'><strong>quis</strong></span> <span class='ocrx_word' id='word_1_11' title='bbox 1415 267 1502 314; x_wconf 82' lang='lat' dir='ltr'><strong>es,</strong></span> <span class='ocrx_word' id='word_1_12' title='bbox 1546 254 1843 323; x_wconf 90' lang='lat' dir='ltr'><strong>inquiunt,</strong></span> <span class='ocrx_word' id='word_1_13' title='bbox 1897 267 1952 312; x_wconf 87' lang='lat' dir='ltr'><strong>et</strong></span> 
     </span>
     <span class='ocr_line' id='line_1_3' title="bbox 342 323 1945 396; baseline 0.002 -14"><span class='ocrx_word' id='word_1_14' title='bbox 342 327 489 382; x_wconf 87' lang='lat' dir='ltr'><strong>unde</strong></span> <span class='ocrx_word' id='word_1_15' title='bbox 518 327 588 382; x_wconf 92' lang='lat' dir='ltr'><strong>ad</strong></span> <span class='ocrx_word' id='word_1_16' title='bbox 617 343 715 382; x_wconf 82' lang='lat' dir='ltr'><strong>nos</strong></span> <span class='ocrx_word' id='word_1_17' title='bbox 746 323 983 381; x_wconf 78' lang='lat' dir='ltr'><strong>venisti?</strong></span> <span class='ocrx_word' id='word_1_18' title='bbox 1018 323 1270 395; x_wconf 87' lang='lat' dir='ltr'><strong>quidque</strong></span> <span class='ocrx_word' id='word_1_19' title='bbox 1299 325 1482 380; x_wconf 84' lang='lat' dir='ltr'><strong>cordis</strong></span> <span class='ocrx_word' id='word_1_20' title='bbox 1509 328 1590 380; x_wconf 89' lang='lat' dir='ltr'><strong>tui</strong></span> <span class='ocrx_word' id='word_1_21' title='bbox 1619 330 1945 396; x_wconf 83' lang='lat' dir='ltr'><strong>consilium,</strong></span> 
     </span>
     <span class='ocr_line' id='line_1_4' title="bbox 340 399 1950 475; baseline 0.001 -18"><span class='ocrx_word' id='word_1_22' title='bbox 340 403 478 475; x_wconf 90' lang='lat' dir='ltr'><strong>quid</strong></span> <span class='ocrx_word' id='word_1_23' title='bbox 508 404 567 457; x_wconf 87' lang='lat' dir='ltr'><strong>in</strong></span> <span class='ocrx_word' id='word_1_24' title='bbox 597 403 779 457; x_wconf 88' lang='lat' dir='ltr'><strong>animo</strong></span> <span class='ocrx_word' id='word_1_25' title='bbox 808 399 1122 463; x_wconf 61' lang='lat' dir='ltr'><strong>contendis»,</strong></span> <span class='ocrx_word' id='word_1_26' title='bbox 1173 414 1316 470; x_wconf 88' lang='lat' dir='ltr'><strong>quae</strong></span> <span class='ocrx_word' id='word_1_27' title='bbox 1355 401 1490 454; x_wconf 88' lang='lat' dir='ltr'><strong>ratio</strong></span> <span class='ocrx_word' id='word_1_28' title='bbox 1527 401 1631 456; x_wconf 86' lang='lat' dir='ltr'><strong>tibi</strong></span> <span class='ocrx_word' id='word_1_29' title='bbox 1671 404 1950 460; x_wconf 74' lang='lat' dir='ltr'><strong>vivendi?</strong></span> 
     </span>
     <span class='ocr_line' id='line_1_5' title="bbox 342 473 1939 550; baseline 0.001 -16"><span class='ocrx_word' id='word_1_30' title='bbox 342 478 611 545; x_wconf 78' lang='lat' dir='ltr'><strong>Quoniam</strong></span> <span class='ocrx_word' id='word_1_31' title='bbox 629 476 871 550; x_wconf 81' lang='lat' dir='ltr'><strong>pusillus</strong></span> <span class='ocrx_word' id='word_1_32' title='bbox 893 492 952 530; x_wconf 88' lang='lat' dir='ltr'><strong>es</strong></span> <span class='ocrx_word' id='word_1_33' title='bbox 972 473 1280 529; x_wconf 85' lang='lat' dir='ltr'><strong>secundum</strong></span> <span class='ocrx_word' id='word_1_34' title='bbox 1300 489 1496 546; x_wconf 81' lang='lat' dir='ltr'><strong>corpus</strong></span> <span class='ocrx_word' id='word_1_35' title='bbox 1509 516 1522 539; x_wconf 91' lang='lat'>,</span> <span class='ocrx_word' id='word_1_36' title='bbox 1545 485 1599 530; x_wconf 89' lang='lat' dir='ltr'><strong>at</strong></span> <span class='ocrx_word' id='word_1_37' title='bbox 1617 493 1762 531; x_wconf 84' lang='lat' dir='ltr'><strong>onus</strong></span> <span class='ocrx_word' id='word_1_38' title='bbox 1783 481 1939 544; x_wconf 85' lang='lat' dir='ltr'><strong>navi,</strong></span> 
     </span>
     <span class='ocr_line' id='line_1_6' title="bbox 343 550 1946 624; baseline 0.001 -16"><span class='ocrx_word' id='word_1_39' title='bbox 343 571 622 616; x_wconf 85' lang='lat' dir='ltr'><strong>veremur,</strong></span> <span class='ocrx_word' id='word_1_40' title='bbox 670 569 742 607; x_wconf 90' lang='lat' dir='ltr'><strong>ne</strong></span> <span class='ocrx_word' id='word_1_41' title='bbox 770 550 1031 622; x_wconf 82' lang='lat' dir='ltr'>operibus</span> <span class='ocrx_word' id='word_1_42' title='bbox 1069 550 1190 622; x_wconf 83' lang='lat' dir='ltr'><strong>ipse</strong></span> <span class='ocrx_word' id='word_1_43' title='bbox 1219 559 1476 622; x_wconf 81' lang='lat' dir='ltr'><strong>gravatus</strong></span> <span class='ocrx_word' id='word_1_44' title='bbox 1503 551 1802 624; x_wconf 82' lang='lat' dir='ltr'>immergas</span> <span class='ocrx_word' id='word_1_45' title='bbox 1839 572 1946 610; x_wconf 86' lang='lat' dir='ltr'><strong>na-</strong></span> 
     </span>
     <span class='ocr_line' id='line_1_7' title="bbox 342 624 1944 698; baseline -0.001 -14"><span class='ocrx_word' id='word_1_46' title='bbox 342 645 488 684; x_wconf 81' lang='lat' dir='ltr'><strong>vem.</strong></span> <span class='ocrx_word' id='word_1_47' title='bbox 548 629 691 682; x_wconf 84' lang='lat' dir='ltr'><strong>Haec</strong></span> <span class='ocrx_word' id='word_1_48' title='bbox 710 625 1001 682; x_wconf 83' lang='lat' dir='ltr'><strong>nauclerus</strong></span> <span class='ocrx_word' id='word_1_49' title='bbox 1022 633 1078 680; x_wconf 81' lang='lat' dir='ltr'><strong>et</strong></span> <span class='ocrx_word' id='word_1_50' title='bbox 1097 625 1194 679; x_wconf 88' lang='lat' dir='ltr'><strong>alii</strong></span> <span class='ocrx_word' id='word_1_51' title='bbox 1213 641 1404 680; x_wconf 79' lang='lat' dir='ltr'><strong>omnes</strong></span> <span class='ocrx_word' id='word_1_52' title='bbox 1425 624 1630 680; x_wconf 88' lang='lat' dir='ltr'><strong>dixere.</strong></span> <span class='ocrx_word' id='word_1_53' title='bbox 1685 626 1944 698; x_wconf 87' lang='lat' dir='ltr'><strong>Prophe—</strong></span> 
     </span>
     <span class='ocr_line' id='line_1_8' title="bbox 340 699 1937 772; baseline 0 -14"><span class='ocrx_word' id='word_1_54' title='bbox 340 711 395 758; x_wconf 85' lang='lat' dir='ltr'><strong>ta</strong></span> <span class='ocrx_word' id='word_1_55' title='bbox 424 719 581 766; x_wconf 84' lang='lat' dir='ltr'><strong>vero,</strong></span> <span class='ocrx_word' id='word_1_56' title='bbox 622 718 767 772; x_wconf 87' lang='lat' dir='ltr'><strong>quae</strong></span> <span class='ocrx_word' id='word_1_57' title='bbox 790 700 902 755; x_wconf 78' lang='lat' dir='ltr'><strong>sibi</strong></span> <span class='ocrx_word' id='word_1_58' title='bbox 930 699 1226 772; x_wconf 73' lang='lat' dir='ltr'>proderant</span> <span class='ocrx_word' id='word_1_59' title='bbox 1251 700 1530 766; x_wconf 81' lang='lat' dir='ltr'><strong>indicans,</strong></span> <span class='ocrx_word' id='word_1_60' title='bbox 1571 700 1720 772; x_wconf 90' lang='lat' dir='ltr'><strong>quod</strong></span> <span class='ocrx_word' id='word_1_61' title='bbox 1747 711 1937 758; x_wconf 86' lang='lat' dir='ltr'><strong>autem</strong></span> 
     </span>
     <span class='ocr_line' id='line_1_9' title="bbox 340 774 1939 853; baseline -0.001 -20"><span class='ocrx_word' id='word_1_62' title='bbox 340 776 755 851; x_wconf 86' lang='lat' dir='ltr'><strong>praeiudicabat</strong></span> <span class='ocrx_word' id='word_1_63' title='bbox 780 792 1036 840; x_wconf 78' lang='lat' dir='ltr'><strong>cernens,</strong></span> <span class='ocrx_word' id='word_1_64' title='bbox 1079 774 1186 830; x_wconf 86' lang='lat' dir='ltr'><strong>sub</strong></span> <span class='ocrx_word' id='word_1_65' title='bbox 1213 775 1436 832; x_wconf 81' lang='lat' dir='ltr'><strong>silentio</strong></span> <span class='ocrx_word' id='word_1_66' title='bbox 1465 777 1721 853; x_wconf 78' lang='lat' dir='ltr'><strong>servavit.</strong></span> <span class='ocrx_word' id='word_1_67' title='bbox 1801 776 1939 832; x_wconf 89' lang='lat' dir='ltr'><strong>Ser-—</strong></span> 
     </span>
     <span class='ocr_line' id='line_1_10' title="bbox 338 849 1938 914; baseline -0.001 -6"><span class='ocrx_word' id='word_1_68' title='bbox 338 870 473 908; x_wconf 85' lang='lat' dir='ltr'><strong>vum</strong></span> <span class='ocrx_word' id='word_1_69' title='bbox 492 851 703 906; x_wconf 89' lang='lat' dir='ltr'><strong>domini</strong></span> <span class='ocrx_word' id='word_1_70' title='bbox 724 867 783 904; x_wconf 84' lang='lat' dir='ltr'><strong>se</strong></span> <span class='ocrx_word' id='word_1_71' title='bbox 804 850 1154 914; x_wconf 81' lang='lat' dir='ltr'><strong>memoravit,</strong></span> <span class='ocrx_word' id='word_1_72' title='bbox 1195 849 1514 906; x_wconf 81' lang='lat' dir='ltr'><strong>mandatum</strong></span> <span class='ocrx_word' id='word_1_73' title='bbox 1543 861 1724 907; x_wconf 85' lang='lat' dir='ltr'><strong>tamen</strong></span> <span class='ocrx_word' id='word_1_74' title='bbox 1753 851 1938 907; x_wconf 86' lang='lat' dir='ltr'><strong>domi-—</strong></span> 
     </span>
     <span class='ocr_line' id='line_1_11' title="bbox 338 925 1935 1000; baseline -0.004 -18"><span class='ocrx_word' id='word_1_75' title='bbox 338 929 397 982; x_wconf 87' lang='lat' dir='ltr'><strong>ni</strong></span> <span class='ocrx_word' id='word_1_76' title='bbox 418 937 821 1000; x_wconf 75' lang='lat' dir='ltr'><strong>transgressum</strong></span> <span class='ocrx_word' id='word_1_77' title='bbox 841 941 963 980; x_wconf 81' lang='lat' dir='ltr'><strong>esse</strong></span> <span class='ocrx_word' id='word_1_78' title='bbox 982 925 1166 988; x_wconf 82' lang='lat' dir='ltr'><strong>siluit,</strong></span> <span class='ocrx_word' id='word_1_79' title='bbox 1195 942 1305 980; x_wconf 87' lang='lat' dir='ltr'><strong>una</strong></span> <span class='ocrx_word' id='word_1_80' title='bbox 1326 942 1453 980; x_wconf 89' lang='lat' dir='ltr'><strong>cum</strong></span> <span class='ocrx_word' id='word_1_81' title='bbox 1473 926 1624 1000; x_wconf 83' lang='lat' dir='ltr'><strong>fuga.</strong></span> <span class='ocrx_word' id='word_1_82' title='bbox 1701 927 1935 983; x_wconf 64' lang='lat' dir='ltr'><strong>Verum-</strong></span> 
     </span>
     <span class='ocr_line' id='line_1_12' title="bbox 338 999 1939 1073; baseline 0.002 -14"><span class='ocrx_word' id='word_1_83' title='bbox 338 1012 521 1059; x_wconf 85' lang='lat' dir='ltr'><strong>tamen</strong></span> <span class='ocrx_word' id='word_1_84' title='bbox 546 1003 843 1057; x_wconf 80' lang='lat' dir='ltr'><strong>humanam</strong></span> <span class='ocrx_word' id='word_1_85' title='bbox 873 999 1219 1073; x_wconf 82' lang='lat' dir='ltr'><strong>astutiam*)‚</strong></span> <span class='ocrx_word' id='word_1_86' title='bbox 1261 1001 1362 1072; x_wconf 89' lang='lat' dir='ltr'><strong>qui</strong></span> <span class='ocrx_word' id='word_1_87' title='bbox 1387 1001 1541 1056; x_wconf 83' lang='lat' dir='ltr'><strong>solus</strong></span> <span class='ocrx_word' id='word_1_88' title='bbox 1563 1009 1646 1057; x_wconf 85' lang='lat' dir='ltr'><strong>est</strong></span> <span class='ocrx_word' id='word_1_89' title='bbox 1663 1003 1939 1062; x_wconf 64' lang='lat' dir='ltr'><strong>infallibie-</strong></span> 
     </span>
     <span class='ocr_line' id='line_1_13' title="bbox 340 1074 1940 1148; baseline 0.001 -15"><span class='ocrx_word' id='word_1_90' title='bbox 340 1079 439 1144; x_wconf 74' lang='lat' dir='ltr'><strong>lie,</strong></span> <span class='ocrx_word' id='word_1_91' title='bbox 470 1079 527 1132; x_wconf 90' lang='lat' dir='ltr'><strong>in</strong></span> <span class='ocrx_word' id='word_1_92' title='bbox 555 1078 757 1132; x_wconf 88' lang='lat' dir='ltr'><strong>claram</strong></span> <span class='ocrx_word' id='word_1_93' title='bbox 778 1077 956 1131; x_wconf 89' lang='lat' dir='ltr'><strong>lucem</strong></span> <span class='ocrx_word' id='word_1_94' title='bbox 978 1074 1259 1130; x_wconf 86' lang='lat' dir='ltr'><strong>adducens</strong></span> <span class='ocrx_word' id='word_1_95' title='bbox 1279 1077 1331 1130; x_wconf 87' lang='lat' dir='ltr'><strong>ei</strong></span> <span class='ocrx_word' id='word_1_96' title='bbox 1353 1077 1599 1148; x_wconf 80' lang='lat' dir='ltr'><strong>exponit.</strong></span> <span class='ocrx_word' id='word_1_97' title='bbox 1677 1076 1940 1144; x_wconf 87' lang='lat' dir='ltr'><strong>Quando-</strong></span> 
     </span>
     <span class='ocr_line' id='line_1_14' title="bbox 338 1151 1938 1226; baseline 0 -17"><span class='ocrx_word' id='word_1_98' title='bbox 338 1154 566 1225; x_wconf 83' lang='lat' dir='ltr'><strong>quidem</strong></span> <span class='ocrx_word' id='word_1_99' title='bbox 597 1170 669 1207; x_wconf 89' lang='lat' dir='ltr'><strong>ex</strong></span> <span class='ocrx_word' id='word_1_100' title='bbox 696 1151 1110 1207; x_wconf 79' lang='lat' dir='ltr'><strong>conturbatione</strong></span> <span class='ocrx_word' id='word_1_101' title='bbox 1137 1159 1426 1206; x_wconf 88' lang='lat' dir='ltr'><strong>nautarum</strong></span> <span class='ocrx_word' id='word_1_102' title='bbox 1457 1167 1521 1206; x_wconf 88' lang='lat' dir='ltr'><strong>ac</strong></span> <span class='ocrx_word' id='word_1_103' title='bbox 1551 1153 1938 1226; x_wconf 85' lang='lat' dir='ltr'><strong>navigantium</strong></span> 
     </span>
     <span class='ocr_line' id='line_1_15' title="bbox 342 1225 1942 1303; baseline 0.001 -20"><span class='ocrx_word' id='word_1_104' title='bbox 342 1226 415 1303; x_wconf 80' lang='lat'><strong>[*]</strong></span> <span class='ocrx_word' id='word_1_105' title='bbox 440 1230 497 1283; x_wconf 87' lang='lat' dir='ltr'><strong>in</strong></span> <span class='ocrx_word' id='word_1_106' title='bbox 521 1244 750 1283; x_wconf 80' lang='lat' dir='ltr'><strong>examen</strong></span> <span class='ocrx_word' id='word_1_107' title='bbox 773 1226 1043 1299; x_wconf 80' lang='lat' dir='ltr'><strong>redigitur</strong></span> <span class='ocrx_word' id='word_1_108' title='bbox 1061 1226 1312 1297; x_wconf 84' lang='lat' dir='ltr'><strong>quaestio</strong></span> <span class='ocrx_word' id='word_1_109' title='bbox 1321 1225 1436 1299; x_wconf 82' lang='lat'>**);</span> <span class='ocrx_word' id='word_1_110' title='bbox 1481 1234 1536 1282; x_wconf 90' lang='lat' dir='ltr'><strong>et</strong></span> <span class='ocrx_word' id='word_1_111' title='bbox 1565 1243 1636 1282; x_wconf 89' lang='lat' dir='ltr'><strong>ex</strong></span> <span class='ocrx_word' id='word_1_112' title='bbox 1656 1230 1942 1299; x_wconf 87' lang='lat' dir='ltr'><strong>quaestio—</strong></span> 
     </span>
     <span class='ocr_line' id='line_1_16' title="bbox 338 1299 1938 1375; baseline 0.001 -18"><span class='ocrx_word' id='word_1_113' title='bbox 338 1321 409 1358; x_wconf 86' lang='lat' dir='ltr'><strong>ne</strong></span> <span class='ocrx_word' id='word_1_114' title='bbox 440 1301 767 1375; x_wconf 86' lang='lat' dir='ltr'><strong>(insolubili)</strong></span> <span class='ocrx_word' id='word_1_115' title='bbox 798 1301 1029 1356; x_wconf 80' lang='lat' dir='ltr'><strong>transire</strong></span> <span class='ocrx_word' id='word_1_116' title='bbox 1058 1299 1128 1355; x_wconf 88' lang='lat' dir='ltr'><strong>ad</strong></span> <span class='ocrx_word' id='word_1_117' title='bbox 1147 1309 1346 1356; x_wconf 84' lang='lat' dir='ltr'><strong>sortem</strong></span> <span class='ocrx_word' id='word_1_118' title='bbox 1367 1317 1592 1356; x_wconf 78' lang='lat' dir='ltr'><strong>necesse</strong></span> <span class='ocrx_word' id='word_1_119' title='bbox 1614 1301 1748 1372; x_wconf 82' lang='lat' dir='ltr'><strong>fuit3</strong></span> <span class='ocrx_word' id='word_1_120' title='bbox 1793 1313 1850 1359; x_wconf 89' lang='lat' dir='ltr'><strong>et</strong></span> <span class='ocrx_word' id='word_1_121' title='bbox 1870 1322 1938 1360; x_wconf 86' lang='lat' dir='ltr'><strong>ex</strong></span> 
     </span>
     <span class='ocr_line' id='line_1_17' title="bbox 336 1375 1942 1452; baseline 0.002 -20"><span class='ocrx_word' id='word_1_122' title='bbox 336 1385 479 1432; x_wconf 84' lang='lat' dir='ltr'><strong>sorte</strong></span> <span class='ocrx_word' id='word_1_123' title='bbox 499 1393 626 1432; x_wconf 84' lang='lat' dir='ltr'><strong>reus</strong></span> <span class='ocrx_word' id='word_1_124' title='bbox 645 1377 991 1432; x_wconf 85' lang='lat' dir='ltr'><strong>convincitur</strong></span> <span class='ocrx_word' id='word_1_125' title='bbox 1010 1375 1145 1449; x_wconf 87' lang='lat' dir='ltr'><strong>(ille)</strong></span> <span class='ocrx_word' id='word_1_126' title='bbox 1160 1416 1173 1440; x_wconf 87' lang='lat'>‚</span> <span class='ocrx_word' id='word_1_127' title='bbox 1216 1377 1315 1447; x_wconf 89' lang='lat' dir='ltr'><strong>qui</strong></span> <span class='ocrx_word' id='word_1_128' title='bbox 1341 1376 1410 1431; x_wconf 92' lang='lat' dir='ltr'><strong>ab</strong></span> <span class='ocrx_word' id='word_1_129' title='bbox 1431 1377 1755 1432; x_wconf 87' lang='lat' dir='ltr'><strong>hominibus</strong></span> <span class='ocrx_word' id='word_1_130' title='bbox 1775 1380 1942 1452; x_wconf 83' lang='lat' dir='ltr'><strong>igno-</strong></span> 
     </span>
     <span class='ocr_line' id='line_1_18' title="bbox 335 1449 1942 1510; baseline 0.001 -4"><span class='ocrx_word' id='word_1_131' title='bbox 335 1451 577 1507; x_wconf 87' lang='lat' dir='ltr'><strong>rabatur.</strong></span> <span class='ocrx_word' id='word_1_132' title='bbox 654 1449 827 1506; x_wconf 88' lang='lat' dir='ltr'><strong>Valde</strong></span> <span class='ocrx_word' id='word_1_133' title='bbox 857 1452 1271 1507; x_wconf 85' lang='lat' dir='ltr'><strong>convenienter:</strong></span> <span class='ocrx_word' id='word_1_134' title='bbox 1311 1451 1412 1506; x_wconf 89' lang='lat' dir='ltr'><strong>ubi</strong></span> <span class='ocrx_word' id='word_1_135' title='bbox 1437 1452 1585 1507; x_wconf 88' lang='lat' dir='ltr'><strong>enim</strong></span> <span class='ocrx_word' id='word_1_136' title='bbox 1623 1453 1790 1509; x_wconf 89' lang='lat' dir='ltr'><strong>homo</strong></span> <span class='ocrx_word' id='word_1_137' title='bbox 1826 1463 1942 1510; x_wconf 87' lang='lat' dir='ltr'><strong>erat</strong></span> 
     </span>
     <span class='ocr_line' id='line_1_19' title="bbox 337 1526 1936 1603; baseline 0.003 -22"><span class='ocrx_word' id='word_1_138' title='bbox 337 1526 617 1591; x_wconf 66' lang='lat' dir='ltr'><strong>iudicans»,</strong></span> <span class='ocrx_word' id='word_1_139' title='bbox 659 1526 863 1582; x_wconf 81' lang='lat' dir='ltr'><strong>furtive</strong></span> <span class='ocrx_word' id='word_1_140' title='bbox 883 1527 1251 1582; x_wconf 87' lang='lat' dir='ltr'><strong>iudicantium</strong></span> <span class='ocrx_word' id='word_1_141' title='bbox 1277 1529 1572 1582; x_wconf 85' lang='lat' dir='ltr'><strong>sententias</strong></span> <span class='ocrx_word' id='word_1_142' title='bbox 1595 1527 1791 1603; x_wconf 82' lang='lat' dir='ltr'><strong>elusit;</strong></span> <span class='ocrx_word' id='word_1_143' title='bbox 1838 1530 1936 1585; x_wconf 91' lang='lat' dir='ltr'><strong>ubi</strong></span> 
     </span>
     <span class='ocr_line' id='line_1_20' title="bbox 338 1600 1934 1677; baseline 0.001 -20"><span class='ocrx_word' id='word_1_144' title='bbox 338 1618 467 1658; x_wconf 84' lang='lat' dir='ltr'><strong>vero</strong></span> <span class='ocrx_word' id='word_1_145' title='bbox 498 1602 635 1657; x_wconf 78' lang='lat' dir='ltr'><strong>deus</strong></span> <span class='ocrx_word' id='word_1_146' title='bbox 667 1611 781 1659; x_wconf 88' lang='lat' dir='ltr'><strong>erat</strong></span> <span class='ocrx_word' id='word_1_147' title='bbox 807 1620 1100 1675; x_wconf 82' lang='lat' dir='ltr'><strong>supremus</strong></span> <span class='ocrx_word' id='word_1_148' title='bbox 1125 1600 1322 1667; x_wconf 87' lang='lat' dir='ltr'><strong>iudex,</strong></span> <span class='ocrx_word' id='word_1_149' title='bbox 1371 1604 1624 1673; x_wconf 85' lang='lat' dir='ltr'><strong>nequivit</strong></span> <span class='ocrx_word' id='word_1_150' title='bbox 1653 1603 1934 1677; x_wconf 84' lang='lat' dir='ltr'><strong>decipere.</strong></span> 
     </span>
     <span class='ocr_line' id='line_1_21' title="bbox 335 1678 1936 1751; baseline 0.001 -19"><span class='ocrx_word' id='word_1_151' title='bbox 335 1678 481 1746; x_wconf 88' lang='lat' dir='ltr'><strong>Quid</strong></span> <span class='ocrx_word' id='word_1_152' title='bbox 510 1695 639 1751; x_wconf 82' lang='lat' dir='ltr'><strong>ergo</strong></span> <span class='ocrx_word' id='word_1_153' title='bbox 670 1678 849 1734; x_wconf 76' lang='lat' dir='ltr'><strong>ultra?</strong></span> <span class='ocrx_word' id='word_1_154' title='bbox 886 1680 989 1734; x_wconf 88' lang='lat' dir='ltr'><strong>Per</strong></span> <span class='ocrx_word' id='word_1_155' title='bbox 1021 1679 1223 1733; x_wconf 68' lang='lat' dir='ltr'><strong>sortem</strong></span> <span class='ocrx_word' id='word_1_156' title='bbox 1260 1678 1502 1732; x_wconf 85' lang='lat' dir='ltr'><strong>virorum</strong></span> <span class='ocrx_word' id='word_1_157' title='bbox 1538 1679 1760 1750; x_wconf 87' lang='lat' dir='ltr'><strong>piorum</strong></span> <span class='ocrx_word' id='word_1_158' title='bbox 1797 1680 1936 1736; x_wconf 89' lang='lat' dir='ltr'><strong>deus</strong></span> 
     </span>
     <span class='ocr_line' id='line_1_22' title="bbox 337 1752 1928 1826; baseline 0.001 -18"><span class='ocrx_word' id='word_1_159' title='bbox 337 1753 511 1810; x_wconf 88' lang='lat' dir='ltr'><strong>iudex</strong></span> <span class='ocrx_word' id='word_1_160' title='bbox 539 1753 626 1809; x_wconf 83' lang='lat' dir='ltr'><strong>fit:</strong></span> <span class='ocrx_word' id='word_1_161' title='bbox 668 1755 798 1825; x_wconf 88' lang='lat' dir='ltr'><strong>quia</strong></span> <span class='ocrx_word' id='word_1_162' title='bbox 826 1756 885 1809; x_wconf 90' lang='lat' dir='ltr'><strong>in</strong></span> <span class='ocrx_word' id='word_1_163' title='bbox 915 1752 1223 1809; x_wconf 80' lang='lat' dir='ltr'><strong>manifestis</strong></span> <span class='ocrx_word' id='word_1_164' title='bbox 1251 1753 1636 1824; x_wconf 77' lang='lat' dir='ltr'><strong>unusquisque</strong></span> <span class='ocrx_word' id='word_1_165' title='bbox 1655 1770 1770 1826; x_wconf 87' lang='lat' dir='ltr'><strong>quo</strong></span> <span class='ocrx_word' id='word_1_166' title='bbox 1789 1757 1928 1818; x_wconf 77' lang='lat' dir='ltr'><strong>vult,</strong></span> 
     </span>
     <span class='ocr_line' id='line_1_23' title="bbox 336 1828 1932 1902; baseline 0.001 -17"><span class='ocrx_word' id='word_1_167' title='bbox 336 1837 585 1892; x_wconf 88' lang='lat' dir='ltr'><strong>movetur</strong></span> <span class='ocrx_word' id='word_1_168' title='bbox 618 1837 910 1902; x_wconf 81' lang='lat' dir='ltr'><strong>movetque</strong></span> <span class='ocrx_word' id='word_1_169' title='bbox 946 1844 1196 1896; x_wconf 83' lang='lat' dir='ltr'><strong>manum3</strong></span> <span class='ocrx_word' id='word_1_170' title='bbox 1248 1829 1308 1883; x_wconf 90' lang='lat' dir='ltr'><strong>in</strong></span> <span class='ocrx_word' id='word_1_171' title='bbox 1343 1828 1574 1883; x_wconf 85' lang='lat' dir='ltr'><strong>occultis</strong></span> <span class='ocrx_word' id='word_1_172' title='bbox 1613 1845 1746 1885; x_wconf 85' lang='lat' dir='ltr'><strong>vero</strong></span> <span class='ocrx_word' id='word_1_173' title='bbox 1776 1847 1932 1886; x_wconf 83' lang='lat' dir='ltr'><strong>suam</strong></span> 
     </span>
     <span class='ocr_line' id='line_1_24' title="bbox 337 1902 1930 1978; baseline 0 -17"><span class='ocrx_word' id='word_1_174' title='bbox 337 1906 651 1961; x_wconf 81' lang='lat' dir='ltr'><strong>facultatem</strong></span> <span class='ocrx_word' id='word_1_175' title='bbox 684 1921 853 1978; x_wconf 87' lang='lat' dir='ltr'><strong>quam</strong></span> <span class='ocrx_word' id='word_1_176' title='bbox 890 1907 990 1961; x_wconf 86' lang='lat' dir='ltr'><strong>vix</strong></span> <span class='ocrx_word' id='word_1_177' title='bbox 1029 1903 1259 1968; x_wconf 88' lang='lat' dir='ltr'><strong>habent,</strong></span> <span class='ocrx_word' id='word_1_178' title='bbox 1319 1902 1504 1977; x_wconf 87' lang='lat' dir='ltr'><strong>prodit</strong></span> <span class='ocrx_word' id='word_1_179' title='bbox 1536 1921 1636 1976; x_wconf 89' lang='lat' dir='ltr'><strong>per</strong></span> <span class='ocrx_word' id='word_1_180' title='bbox 1672 1921 1930 1961; x_wconf 89' lang='lat' dir='ltr'><strong>arcanum</strong></span> 
     </span>
     <span class='ocr_line' id='line_1_25' title="bbox 335 1981 557 2055; baseline -0.009 -19"><span class='ocrx_word' id='word_1_181' title='bbox 335 1981 557 2055; x_wconf 83' lang='lat' dir='ltr'><strong>(sortis).</strong></span> 
     </span>
    </p>
   </div>
   <div class='ocr_carea' id='block_1_3' title="bbox 324 2095 1930 2468">
    <p class='ocr_par' dir='ltr' id='par_1_3' title="bbox 324 2095 1930 2468">
     <span class='ocr_line' id='line_1_26' title="bbox 451 2095 1928 2168; baseline -0.001 -15"><span class='ocrx_word' id='word_1_182' title='bbox 451 2103 531 2157; x_wconf 71' lang='lat'><strong>42.</strong></span> <span class='ocrx_word' id='word_1_183' title='bbox 572 2097 803 2166; x_wconf 87' lang='lat' dir='ltr'><strong>Quando</strong></span> <span class='ocrx_word' id='word_1_184' title='bbox 832 2099 1018 2168; x_wconf 87' lang='lat' dir='ltr'><strong>itaque</strong></span> <span class='ocrx_word' id='word_1_185' title='bbox 1046 2097 1318 2152; x_wconf 85' lang='lat' dir='ltr'><strong>iudicavit</strong></span> <span class='ocrx_word' id='word_1_186' title='bbox 1345 2095 1484 2152; x_wconf 79' lang='lat' dir='ltr'><strong>deus</strong></span> <span class='ocrx_word' id='word_1_187' title='bbox 1512 2097 1792 2152; x_wconf 86' lang='lat' dir='ltr'><strong>hominem</strong></span> <span class='ocrx_word' id='word_1_188' title='bbox 1821 2107 1928 2152; x_wconf 86' lang='lat' dir='ltr'><strong>tra-</strong></span> 
     </span>
     <span class='ocr_line' id='line_1_27' title="bbox 337 2173 1930 2246; baseline -0.001 -17"><span class='ocrx_word' id='word_1_189' title='bbox 337 2174 589 2246; x_wconf 80' lang='lat' dir='ltr'><strong>diditque</strong></span> <span class='ocrx_word' id='word_1_190' title='bbox 612 2190 740 2228; x_wconf 91' lang='lat' dir='ltr'><strong>eum</strong></span> <span class='ocrx_word' id='word_1_191' title='bbox 760 2190 859 2245; x_wconf 89' lang='lat' dir='ltr'><strong>per</strong></span> <span class='ocrx_word' id='word_1_192' title='bbox 876 2181 1105 2238; x_wconf 85' lang='lat' dir='ltr'><strong>sortem,</strong></span> <span class='ocrx_word' id='word_1_193' title='bbox 1149 2173 1233 2227; x_wconf 90' lang='lat' dir='ltr'><strong>illi</strong></span> <span class='ocrx_word' id='word_1_194' title='bbox 1263 2188 1484 2243; x_wconf 86' lang='lat' dir='ltr'><strong>quoque</strong></span> <span class='ocrx_word' id='word_1_195' title='bbox 1511 2181 1792 2228; x_wconf 82' lang='lat' dir='ltr'><strong>sumentes</strong></span> <span class='ocrx_word' id='word_1_196' title='bbox 1821 2181 1930 2227; x_wconf 88' lang='lat' dir='ltr'><strong>tra-</strong></span> 
     </span>
     <span class='ocr_line' id='line_1_28' title="bbox 335 2247 1929 2321; baseline -0.002 -17"><span class='ocrx_word' id='word_1_197' title='bbox 335 2247 593 2304; x_wconf 82' lang='lat' dir='ltr'><strong>diderunt</strong></span> <span class='ocrx_word' id='word_1_198' title='bbox 610 2265 741 2308; x_wconf 75' lang='lat' dir='ltr'><strong>,eum</strong></span> <span class='ocrx_word' id='word_1_199' title='bbox 760 2249 819 2302; x_wconf 87' lang='lat' dir='ltr'><strong>in</strong></span> <span class='ocrx_word' id='word_1_200' title='bbox 839 2264 1062 2302; x_wconf 89' lang='lat' dir='ltr'><strong>manum</strong></span> <span class='ocrx_word' id='word_1_201' title='bbox 1085 2247 1288 2302; x_wconf 85' lang='lat' dir='ltr'><strong>iudicis</strong></span> <span class='ocrx_word' id='word_1_202' title='bbox 1307 2249 1398 2303; x_wconf 86' lang='lat' dir='ltr'><strong>sui</strong></span> <span class='ocrx_word' id='word_1_203' title='bbox 1417 2247 1822 2321; x_wconf 86' lang='lat' dir='ltr'><strong>(conscientiae)</strong></span> <span class='ocrx_word' id='word_1_204' title='bbox 1840 2249 1929 2303; x_wconf 86' lang='lat' dir='ltr'><strong>in-</strong></span> 
     </span>
     <span class='ocr_line' id='line_1_29' title="bbox 324 2322 1930 2395; baseline -0.002 -16"><span class='ocrx_word' id='word_1_205' title='bbox 324 2334 484 2379; x_wconf 88' lang='lat' dir='ltr'><strong>·terne</strong></span> <span class='ocrx_word' id='word_1_206' title='bbox 510 2324 818 2395; x_wconf 79' lang='lat' dir='ltr'><strong>punientia,</strong></span> <span class='ocrx_word' id='word_1_207' title='bbox 870 2323 1015 2378; x_wconf 87' lang='lat' dir='ltr'><strong>sicut</strong></span> <span class='ocrx_word' id='word_1_208' title='bbox 1049 2324 1126 2378; x_wconf 87' lang='lat' dir='ltr'><strong>ait</strong></span> <span class='ocrx_word' id='word_1_209' title='bbox 1153 2322 1462 2393; x_wconf 84' lang='lat' dir='ltr'><strong>Scriptura:</strong></span> <span class='ocrx_word' id='word_1_210' title='bbox 1517 2323 1655 2388; x_wconf 71' lang='lat' dir='ltr'><strong>Quia</strong></span> <span class='ocrx_word' id='word_1_211' title='bbox 1679 2328 1930 2393; x_wconf 76' lang='lat' dir='ltr'><strong>sociemus</strong></span> 
     </span>
     <span class='ocr_line' id='line_1_30' title="bbox 333 2396 1929 2468; baseline 0 -16"><span class='ocrx_word' id='word_1_212' title='bbox 333 2406 448 2461; x_wconf 76' lang='lat' dir='ltr'><strong>tibi,</strong></span> <span class='ocrx_word' id='word_1_213' title='bbox 482 2409 529 2452; x_wconf 78' lang='lat' dir='ltr'><strong>et</strong></span> <span class='ocrx_word' id='word_1_214' title='bbox 548 2403 764 2453; x_wconf 72' lang='lat' dir='ltr'><strong>cessabit</strong></span> <span class='ocrx_word' id='word_1_215' title='bbox 782 2415 926 2452; x_wconf 81' lang='lat' dir='ltr'><strong>mara</strong></span> <span class='ocrx_word' id='word_1_216' title='bbox 950 2417 985 2452; x_wconf 85' lang='lat' dir='ltr'><em>a</em></span> <span class='ocrx_word' id='word_1_217' title='bbox 1014 2402 1159 2453; x_wconf 68' lang='lat' dir='ltr'><strong>nobis</strong></span> <span class='ocrx_word' id='word_1_218' title='bbox 1193 2407 1329 2468; x_wconf 73' lang='lat' dir='ltr'><strong>(lon.</strong></span> <span class='ocrx_word' id='word_1_219' title='bbox 1350 2409 1398 2466; x_wconf 79' lang='lat'><strong>1,</strong></span> <span class='ocrx_word' id='word_1_220' title='bbox 1419 2396 1548 2462; x_wconf 85' lang='lat'>11)?</span> <span class='ocrx_word' id='word_1_221' title='bbox 1591 2396 1734 2464; x_wconf 91' lang='lat' dir='ltr'><strong>Quia</strong></span> <span class='ocrx_word' id='word_1_222' title='bbox 1771 2407 1830 2453; x_wconf 87' lang='lat' dir='ltr'><strong>tu</strong></span> <span class='ocrx_word' id='word_1_223' title='bbox 1869 2413 1929 2452; x_wconf 78' lang='lat' dir='ltr'><strong>es</strong></span> 
     </span>
    </p>
   </div>
   <div class='ocr_carea' id='block_1_4' title="bbox 336 2536 1932 2634">
    <p class='ocr_par' dir='ltr' id='par_1_4' title="bbox 336 2536 1932 2634">
     <span class='ocr_line' id='line_1_31' title="bbox 434 2536 1932 2589; baseline 0.003 -15"><span class='ocrx_word' id='word_1_224' title='bbox 434 2537 477 2582; x_wconf 67' lang='lat'><strong>⁵)</strong></span> <span class='ocrx_word' id='word_1_225' title='bbox 519 2536 589 2574; x_wconf 76' lang='lat' dir='ltr'><strong>Aa</strong></span> <span class='ocrx_word' id='word_1_226' title='bbox 615 2537 815 2576; x_wconf 75' lang='lat' dir='ltr'><strong>verbnm:</strong></span> <span class='ocrx_word' id='word_1_227' title='bbox 868 2538 1108 2583; x_wconf 72' lang='lat' dir='ltr'><strong>scientiam,-</strong></span> <span class='ocrx_word' id='word_1_228' title='bbox 1152 2539 1360 2587; x_wconf 69' lang='lat' dir='ltr'><strong>auspicari</strong></span> <span class='ocrx_word' id='word_1_229' title='bbox 1385 2541 1480 2588; x_wconf 77' lang='lat' dir='ltr'><strong>quia</strong></span> <span class='ocrx_word' id='word_1_230' title='bbox 1505 2540 1682 2589; x_wconf 75' lang='lat' dir='ltr'><strong>poterit,</strong></span> <span class='ocrx_word' id='word_1_231' title='bbox 1729 2550 1784 2579; x_wconf 82' lang='lat' dir='ltr'><strong>an</strong></span> <span class='ocrx_word' id='word_1_232' title='bbox 1817 2539 1932 2580; x_wconf 73' lang='lat' dir='ltr'><strong>forte</strong></span> 
     </span>
     <span class='ocr_line' id='line_1_32' title="bbox 336 2585 1531 2634; baseline 0.008 -12"><span class='ocrx_word' id='word_1_233' title='bbox 336 2585 607 2624; x_wconf 68' lang='lat' dir='ltr'><strong>scribendum</strong></span> <span class='ocrx_word' id='word_1_234' title='bbox 633 2588 712 2625; x_wconf 71' lang='lat' dir='ltr'><strong>eitz</strong></span> <span class='ocrx_word' id='word_1_235' title='bbox 756 2588 921 2627; x_wconf 67' lang='lat' dir='ltr'><strong>inscitia</strong></span> <span class='ocrx_word' id='word_1_236' title='bbox 946 2589 1037 2626; x_wconf 75' lang='lat' dir='ltr'><strong>eive</strong></span> <span class='ocrx_word' id='word_1_237' title='bbox 1061 2590 1318 2634; x_wconf 64' lang='lat' dir='ltr'><strong>ivnon-antia.</strong></span> <span class='ocrx_word' id='word_1_238' title='bbox 1369 2589 1531 2631; x_wconf 74' lang='lat' dir='ltr'><strong>Anch-</strong></span> 
     </span>
    </p>
   </div>
   <div class='ocr_carea' id='block_1_5' title="bbox 333 2648 1936 2745">
    <p class='ocr_par' dir='ltr' id='par_1_5' title="bbox 333 2648 1936 2745">
     <span class='ocr_line' id='line_1_33' title="bbox 333 2648 1936 2745; baseline 0.004 -53"><span class='ocrx_word' id='word_1_239' title='bbox 333 2648 520 2744; x_wconf 48' lang='grc' dir='ltr'><strong>Ψῶἓ</strong></span> <span class='ocrx_word' id='word_1_240' title='bbox 543 2653 977 2745; x_wconf 45' lang='lat' dir='ltr'><strong>mfflffff</strong></span> <span class='ocrx_word' id='word_1_241' title='bbox 1002 2655 1312 2697; x_wconf 62' lang='lat' dir='ltr'><strong>consuo-eamne</strong></span> <span class='ocrx_word' id='word_1_242' title='bbox 1335 2661 1638 2706; x_wconf 63' lang='lat' dir='ltr'><strong>nouumque</strong></span> <span class='ocrx_word' id='word_1_243' title='bbox 1662 2657 1936 2707; x_wconf 58' lang='lat' dir='ltr'><strong>‘nordemanne</strong></span> 
     </span>
    </p>
   </div>
  </div>
 </body>
</html>
