2125 3084
166 194 256 260 [11,
275 190 396 255 ⁴¹⁵⁵]
469 166 474 173 ’
518 194 598 240 m
642 174 1002 241 GkNEsm.
1043 196 1297 242 senno
1324 198 1423 244 ιν.
1669 177 1769 247 255
1832 206 1837 219 =

177 336 341 395 Quare
377 333 623 384 comedens
658 343 703 383 et
739 335 898 383 bibens
932 344 1075 399 atque
1120 334 1345 387 odoratus
1385 338 1656 388 vestimenta
1699 340 1769 388 di-

535 401 656 451 citur
691 402 1008 451 benedixisse?
1042 402 1147 467 (27,
1180 407 1263 451 25.
1297 403 1407 467 27.)

283 488 405 562 2⁴3.
427 504 652 579 Littera
669 503 822 558 nulla
844 503 1058 577 indiget
1080 503 1467 575 explicatione.
1508 504 1595 559 Ad
1614 522 1773 561 men·-

170 591 282 635 tem
301 570 436 634 vero*
454 578 622 633 habet
645 577 912 633 theoriam
941 578 1329 635 neeessariam.
1415 580 1773 635 Vestimentum

173 656 324 709 enim
345 654 649 727 symbolice
668 652 912 707 visibilis
933 661 1017 708 est
1035 652 1299 725 probitate,
1323 669 1433 723 qua
1454 653 1603 726 apud
1623 656 1771 709 mul·-
1810 669 1819 675 ·

170 740 256 787 tos
297 728 533 785 habetur
569 728 850 799 quispiam
873 728 948 783 .in
977 727 1121 783 bona
1146 728 1487 800 probataque
1516 730 1771 785 aestima—

143 844 146 849 ·
169 806 340 862 tione.
417 804 517 867 Est
543 811 726 859 autem
754 803 860 857 ista
887 820 1015 873 pars
1043 802 1369 867 laudabiliS,
1412 820 1523 875 qua
1541 812 1771 860 utuntur

170 880 260 935 illi
288 895 538 950 quoque,
579 878 679 949 qui
707 877 808 931 vix
835 885 964 933 sunt
991 876 1222 947 perfecti
1250 878 1559 933 secundum
1590 881 1771 934 virtu-

168 964 314 1011 tem:
376 954 548 1009 multo
575 952 754 1025 magis
782 953 970 1023 itaque
997 952 1281 1007 inducitur
1306 952 1547 1009 hocloco
1566 956 1769 1009 virtute

167 1026 484 1101 praeditum
523 1034 640 1082 tum
670 1027 730 1082 id
759 1026 1109 1083 desiderante
1136 1026 1355 1101 (patre),
1396 1035 1513 1083 tum
1543 1029 1771 1100 partici-

170 1110 343 1176 pante
364 1102 548 1157 eibum
565 1103 834 1176 mysterii.

174 1244 254 1311 [²]
299 1243 396 1294 Cur
432 1243 504 1293 sic
543 1242 640 1294 inci
669 1246 706 1295 it
750 1221 1119 1295 benedictiones.-
1179 1244 1367 1308 „Ecce
1400 1244 1517 1295 odor
1544 1246 1653 1308 filii
1682 1246 1775 1297 mei

309 1321 560 1445 ἒέιζιᾳιέατηι)
585 1262 702 1362 mgn-
735 1313 848 1379 aqri
869 1312 1026 1377 pleni,
1067 1328 1198 1377 quem
1229 1312 1461 1363 benedixit
1488 1312 1771 1365 dominus“‘?

403 1416 418 1443 ‚
522 1416 534 1429 .

283 1485 403 1538 244.
445 1482 650 1537 Plenus
670 1492 754 1537 est
775 1482 924 1537 locus
939 1524 952 1547 ‚
982 1484 1039 1537 in
1061 1500 1171 1555 quo
1192 1492 1321 1540 sunt
1339 1468 1533 1540 cuneta
1554 1487 1766 1540 semina

229 1722 392 1782 Quare
425 1742 526 1775 cum
563 1723 914 1787 manducasset,
977 1723 1203 1775 odoratus
1242 1726 1515 1775 vestimenta
1549 1725 1719 1775 dicitur

751 1792 1036 1842 benedixisse
1072 1796 1204 1841 eum?

287 1838 410 1949 243.
451 1892 600 1947 Dicta
629 1870 1014 1949 huiuscemodi
1044 1893 1259 1947 nullam
1287 1898 1521 1963 poscunt
1547 1890 1773 1946 dubita-

173 1970 406 2025 tionem.
485 1968 588 2023 Pro
616 1966 812 2025 mentis
842 1978 1023 2025 autem
1054 1968 1243 2023 intuiti
1263 1966 1427 2022 habet
1453 1966 1771 2021 relationem

170 2043 566 2099 necessariam.
652 2045 810 2099 Vestis
838 2045 1157 2123 auspicatur
1184 2058 1469 2097 censuram
1496 2040 1775 2113 spectabi-

175 2120 317 2183 lem,
356 2134 498 2189 quae
519 2126 603 2173 est
627 2118 776 2191 apud
796 2136 1001 2190 paucos
1021 2112 1349 2191 probabilis.
1425 2116 1773 2172 Existimatio

177 2204 262 2249 est
289 2194 457 2248 etiam
487 2194 658 2249 altera
685 2212 814 2265 pars
833 2196 1020 2249 minus
1039 2193 1455 2266 vituperabilia,
1498 2206 1665 2262 quam
1686 2206 1774 2244 se-

173 2277 394 2323 ctantur
437 2268 604 2323 etiam
651 2270 840 2325 minus
876 2268 1135 2340 perfecti.
1198 2269 1273 2323 ita
1320 2268 1542 2323 demum
1580 2264 1775 2321 merito

171 2352 431 2400 strenuus
459 2352 638 2399 utator
665 2343 854 2415 (mat-9.
885 2352 948 2398 ut
975 2344 1151 2416 autor)
1178 2344 1347 2402 huius
1381 2342 1551 2399 stolae
1587 2356 1777 2411 prose-

171 2418 364 2489 quitur
385 2418 452 2473 ad
467 2418 714 2483 ,fructum
740 2419 1042 2476 meliorem.

235 2556 400 2617 Quare
431 2560 502 2609 eie
539 2558 706 2625 incipit
745 2559 1038 2611 benedicere.-
1092 2560 1292 2623 ‚‚Ecce,
1350 2558 1469 2608 odor
1490 2558 1595 2621 filii
1634 2558 1726 2607 mei

332 2626 454 2677 sieut
491 2626 611 2676 odor
647 2626 760 2691 ayn·
783 2626 938 2691 pleni,
996 2644 1129 2692 quem
1168 2624 1401 2679 benadzaeit
1436 2626 1627 2675 deus“?

285 2730 410 2785 244.
445 2728 653 2784 Plenus
672 2730 860 2801 itaque
882 2746 1013 2804 ager
1031 2728 1387 2785 serendorum
1410 2729 1777 2800 arborumque
