2125 3084
149 166 236 232 [11,
259 162 380 228 383]
521 167 601 211 IN
641 167 993 213 GENESIN.
1041 168 1293 215 SERMO
1330 171 1419 219 Ν.
1520 196 1539 215 ο
1644 168 1745 222 205

151 277 378 341 paterna
399 267 472 322 sit
492 263 698 339 dignus
717 264 891 323 libera
912 266 1225 335 nobilitat03
1274 286 1383 324 non
1402 271 1551 325 enim
1571 271 1745 328 firmi-

153 353 233 399 ter
260 340 660 397 construxisset
691 342 810 412 ipse
838 342 1137 397 orationem
1166 358 1195 395 a
1222 351 1375 413 patre
1402 343 1597 399 factam
1618 364 1744 403 cum

155 420 460 472 iuramento
477 422 702 487 propter
730 413 908 469 filium
923 456 935 479 ,
980 416 1091 470 nisi
1113 416 1171 469 in
1192 417 1298 471 isto
1317 417 1547 473 eandem
1567 422 1744 477 virtu-

151 500 263 547 tem
284 496 617 546 contestatus
639 496 801 545 esset.
881 488 1100 544 Cessate
1129 490 1649 561 itaque‚lihertatem
1676 494 1742 566 (s.

153 563 514 637 nobilitatem)
525 560 832 618 secundum
853 580 912 618 se
931 564 1509 636 privatimlaudantes,
1526 566 1747 622 discen-

152 650 346 711 tesque
385 654 575 695 veram
607 632 684 724 [Ἴ
715 654 746 692 a
783 637 991 693 divinis
1030 640 1319 710 seripturis
1354 641 1747 711 poenitentiam

152 716 318 788 agite.
397 712 509 768 Hoc
537 726 688 767 emm
715 710 1005 768 manifeste
1031 712 1191 768 docet
1220 712 1529 770 diiudicare
1558 725 1611 771 et
1630 716 1749 771 dis-

151 802 376 845 cernere
403 784 748 842 nobilitatem
777 785 1045 851 filiorum,
1090 804 1199 842 non
1228 786 1378 859 quod
1406 806 1477 843 ex
1493 790 1746 863 patribus

145 865 336 936 potius
363 876 534 933 quam
559 861 631 915 ab
661 862 780 915 avis
809 860 971 915 bonis
999 861 1397 933 pullulaverint
1421 877 1597 935 eoque
1616 882 1747 920 con—

146 938 288 993 tenti
337 935 572 1000 fuerint,
631 934 732 990 sed
777 934 927 1007 quod
977 943 1029 990 et
1077 936 1187 1007 ip'si
1235 938 1595 994 aemulatores
1634 940 1747 994 sint

146 1012 374 1084 pietatis
403 1027 611 1065 eorum.
689 1010 862 1064 Immo
891 1008 1041 1081 quod
1061 1010 1363 1066 absurdum
1384 1020 1467 1067 est
1485 1013 1747 1069 involun-

145 1088 292 1141 taria
318 1086 458 1141 bona
488 1084 712 1139 laudare
742 1084 1280 1155 involuntariamque
1316 1088 1741 1159 generationem,

146 1177 328 1232 quum
367 1174 476 1213 non
513 1175 612 1229 per
649 1158 932 1231 propriam
975 1158 1313 1214 voluntatem
1359 1163 1745 1233 unusquisque

146 1235 327 1289 nostri
357 1231 532 1286 factus
559 1231 750 1301 fuerit3
806 1240 969 1305 atque
999 1232 1369 1289 voluntarium
1401 1236 1460 1289 in
1481 1236 1634 1290 nullo
1654 1254 1744 1291 or-

148 1310 288 1364 dine
326 1321 632 1362 recensere:
701 1306 1075 1362 voluntarium
1111 1316 1293 1365 autem
1331 1318 1415 1365 est
1451 1309 1651 1365 melius
1690 1320 1745 1366 et

147 1384 286 1440 bom·
325 1382 624 1454 acceptatio
659 1382 1022 1453 imitatioque.

151 1655 284 1710 dare
301 1653 488 1709 filium
503 1659 762 1725 paternae
777 1654 1157 1724 generositatis
1178 1653 1429 1727 dignum.
1495 1658 1573 1710 lta
1594 1660 1741 1711 enim

149 1728 541 1784 confirmentur
575 1726 690 1781 filio
725 1735 980 1798 paternae
1010 1727 1235 1782 foedens
1246 1728 1299 1800 ³⁵)
1326 1728 1575 1790 oracula,
1615 1746 1741 1782 eum

149 1802 357 1857 similis
395 1803 516 1857 eius
552 1806 832 1874 gestorum
868 1803 1047 1857 virtus
1088 1802 1263 1855 autori
1308 1800 1740 1855 commendatur.

149 1878 374 1933 Cessate
393 1876 779 1949 nunc‚generis
806 1874 1151 1930 nobilitatem
1181 1873 1495 1936 laudante3‚
1536 1872 1743 1929 divinis

151 1952 347 2013 literiS,
372 1950 560 2005 audita
580 1950 827 2014 veritate,
852 1948 1233 2021 poenitemini.
1288 1946 1618 2001 Instruimur
1636 1964 1742 2001 non

147 2025 277 2079 illos
299 2040 494 2080 vocare
519 2038 812 2097 generosos
827 2064 840 2088 ,
881 2026 982 2095 qui
1003 2040 1075 2077 ex
1094 2022 1253 2076 bonis
1273 2030 1627 2093 procreantur
1644 2038 1747 2093 pa-

148 2098 430 2163 rentibu5‚
471 2098 570 2153 sed
601 2098 960 2153 aemulatores
988 2105 1247 2169 paternae
1274 2097 1514 2169 pietatis.
1591 2096 1745 2152 Iniu—

147 2182 299 2228 stum
321 2180 404 2228 est
422 2175 608 2227 minus
628 2172 940 2227 ultroneum
960 2171 1163 2225 bonum
1186 2171 1434 2235 laudare,
1473 2187 1574 2225 nec
1596 2171 1745 2223 enim

145 2264 248 2319 per
275 2246 567 2302 cuiusdam
596 2246 890 2301 consilium
916 2247 1215 2300 nascimur.
1292 2246 1370 2300 Ita
1391 2247 1539 2300 enim
1560 2244 1745 2298 minus

148 2329 450 2392 spontanea
487 2321 706 2376 bonitas
745 2337 845 2392 pro
881 2320 1059 2375 nihilo
1098 2321 1425 2391 imputatur,
1484 2318 1745 2391 quoniam

151 2403 515 2465 spontaneum
551 2395 796 2451 melioris
832 2402 984 2451 actus
1010 2396 1387 2451 testimonium
1415 2401 1522 2456 est,
1567 2401 1620 2447 et
1644 2409 1747 2463 pa-

149 2477 301 2523 terna
322 2470 576 2524 imitatio,

249 2640 294 2689 ⁸)
329 2642 381 2681 In
407 2648 574 2690 mam..-
618 2641 670 2680 In
701 2644 882 2691 utroque
908 2642 1136 2689 exemplari
1160 2641 1275 2689 parts
1299 2642 1527 2681 vetustatis
1551 2641 1614 2681 ita
1629 2640 1745 2688 lege-

153 2690 291 2732 batur.
363 2690 503 2731 credo
537 2692 788 2739 legendum:
833 2694 1004 2739 pm
1019 2692 1224 2739 foedet-is.
