2125 3084
192 203 284 269 [Π,
308 200 429 266 211]
553 204 635 251 IN
676 204 1026 251 GENESIN.
1067 206 1322 252 smnio
1358 207 1446 255 111.
1739 204 1804 260 39

194 329 251 376 et
266 334 497 375 rursum
514 317 659 373 bene
680 317 1090 375 distribuuntur
1111 326 1166 373 et
1184 318 1575 377 discernuntur
1593 324 1800 379 omnia.

194 396 375 451 Huius
393 393 674 467 prototypi
696 392 932 449 foederis
954 393 1130 449 forma
1151 402 1234 449 est
1244 394 1314 448 ab
1323 394 1466 451 ideis
1478 404 1532 451 et
1543 397 1804 469 incorpo-

194 471 307 525 reis
327 470 611 523 mensuris
630 467 911 539 rebusque
930 476 1213 540 compacta
1230 510 1244 533 ‚
1289 469 1496 539 quibus
1522 471 1802 541 perfectu·

195 544 303 600 fuit
322 544 419 599 hic
439 542 706 598 mundus.
757 544 949 598 Nonne
970 560 1102 615 ergo
1123 543 1382 598 cumulus
1403 552 1485 598 est
1501 544 1802 603 beneficio-

194 636 341 682 rum,
364 635 512 689 quae
534 617 787 672 concedit
798 618 1047 689 Sapienti
1069 626 1243 690 pater,
1269 617 1506 673 educere
1525 636 1656 674 eum
1669 638 1802 677 eve-

194 702 345 749 ctum
356 710 466 748 non
478 692 827 747 solummodo
838 692 909 747 de
918 694 1134 748 terrain
1146 693 1380 756 caelum,
1397 709 1580 765 neque
1589 702 1802 750 tantum

194 768 269 824 de
284 768 439 823 caelo
460 768 532 823 ad
552 768 937 838 incorporeum
957 766 1486 839 intelligibilemque
1507 768 1797 836 mundum,

192 860 395 899 verum
414 843 581 897 etiam
602 841 735 897 hinc
756 842 825 896 ad
846 860 905 897 se
925 842 1116 914 ipsum
1135 842 1470 915 (attrahere),
1503 843 1800 899 ostendens

192 936 257 974 se
277 919 349 982 ei,
374 934 483 973 non
504 919 650 972 sicut
666 918 729 971 in
748 934 809 971 se
828 925 927 982 est,
958 916 1017 971 id
1039 917 1188 971 enim
1208 917 1328 973 fieri
1348 934 1454 972 non
1475 927 1672 990 potest,
1697 919 1798 974 sed

192 995 255 1048 in
277 1001 546 1065 quantum
564 993 725 1047 visus
752 992 995 1047 videntis
1024 993 1204 1064 ipsam
1233 993 1494 1047 virtutem
1524 994 1799 1067 intelligi·-

193 1068 378 1123 bilem
422 1068 637 1139 assequi
666 1065 901 1138 poterit?
956 1068 1246 1139 Propterea
1275 1067 1438 1131 dicit,
1481 1085 1590 1123 non
1620 1069 1794 1124 ultra:

196 1143 295 1198 Sis
326 1142 500 1206 filius,
540 1142 640 1197 sed
665 1151 848 1211 pater3
916 1150 1072 1213 pater
1101 1148 1283 1195 autem
1323 1158 1432 1196 non
1461 1143 1658 1206 unius,
1699 1143 1799 1197 sed

193 1220 545 1273 multitudinis
551 1238 572 1285 ;
615 1216 993 1271 multitudinis
1014 1224 1197 1271 autem
1217 1232 1324 1270 non
1343 1215 1652 1270 secundum
1670 1234 1800 1288 par-

192 1302 277 1348 tes
292 1334 305 1357 ‚
348 1292 449 1347 sed
473 1296 839 1347 universarum
865 1296 1110 1361 gentium.
1188 1291 1273 1345 Ex
1300 1291 1590 1363 promissis
1611 1292 1798 1364 itaque

198 1365 273 1443 [*]
298 1367 558 1423 revelatis
580 1366 691 1421 duo
712 1366 1005 1421 litteralem
1024 1365 1230 1422 habent
1247 1366 1516 1421 rationem
1529 1406 1542 1432 ,
1571 1368 1798 1423 tertium

192 1458 325 1498 vero
365 1442 675 1497 naturalem
713 1441 912 1513 magiae.
996 1441 1326 1497 Litterarum
1365 1459 1474 1497 una
1512 1441 1640 1497 talis
1681 1451 1793 1498 est:

192 1516 441 1573 Profecto
470 1517 579 1572 eris
609 1524 765 1587 pater
792 1517 1042 1588 gentium
1073 1526 1126 1571 et
1152 1525 1344 1589 gentes
1371 1516 1662 1589 generabis
1678 1558 1692 1581 ‚
1736 1517 1796 1575 id

194 1602 276 1647 est
302 1592 698 1663 unusquisque
736 1590 979 1646 filiorum
1018 1600 1237 1647 tuorum
1273 1592 1348 1647 sit
1385 1600 1552 1663 caput
1589 1593 1795 1664 gentis.

191 1666 378 1723 Altera
414 1684 547 1722 vero
585 1666 937 1722 huiusmodi:
997 1666 1172 1721 Patris
1201 1684 1350 1721 more
1379 1666 1628 1737 plurium
1657 1682 1799 1739 gen-

192 1743 333 1798 tium
360 1742 806 1814 procurationem
834 1750 889 1795 et
914 1742 1352 1813 praeposituram
1379 1740 1610 1808 induas;
1659 1740 1800 1795 solet

194 1818 343 1873 enim
371 1817 467 1872 dei
495 1824 702 1872 amator
728 1816 883 1871 illico
912 1824 967 1871 et
994 1816 1286 1871 hominum
1305 1822 1510 1868 amator
1529 1830 1652 1867 esse
1667 1854 1690 1877 ‚.
1724 1815 1800 1867 ita

192 1901 254 1947 ut
282 1909 392 1947 non
420 1892 605 1948 solum
636 1892 912 1965 cognatis,
954 1906 1152 1947 verum
1181 1890 1348 1942 etiam
1367 1887 1648 1941 universis
1667 1886 1802 1941 dili-—

194 1974 384 2039 genter
420 1984 611 2021 curam
652 1966 945 2029 adhibeat;
992 1964 1236 2019 maxime
1273 1961 1390 2016 illis
1432 1960 1532 2031 qui
1569 1970 1800 2032 possunt

196 2040 553 2113 disciplinam
574 2042 891 2097 attentionis
922 2041 1206 2111 excipere,
1251 2036 1462 2109 quique
1490 2052 1598 2091 non
1628 2036 1799 2092 inhu-

195 2132 389 2171 manae
410 2133 475 2171 ac
494 2116 665 2171 durae
686 2124 817 2172 sunt
836 2113 1040 2169 indolis
1056 2156 1070 2178 ,
1107 2112 1204 2169 sed
1229 2112 1392 2168 facile
1413 2111 1660 2169 cedentis
1681 2114 1800 2169 vir-

194 2192 295 2247 tuti
317 2191 863 2263 obtemperantisque
888 2198 1066 2244 rectae
1095 2189 1314 2244 rationi.
1394 2188 1638 2243 Tertium
1667 2204 1800 2244 vero

196 2262 299 2321 sub
318 2274 587 2337 sequente
605 2265 873 2338 allegoria
891 2265 1094 2335 exponi
1115 2264 1263 2319 licet.
1341 2262 1638 2319 Multitudo
1699 2280 1800 2317 en-

196 2342 335 2396 tium
362 2349 447 2395 est
472 2341 633 2396 velut
660 2341 721 2394 in
750 2340 991 2412 singulis
1017 2339 1220 2393 nostris
1253 2338 1454 2391 animis
1493 2336 1658 2392 multi
1685 2338 1802 2391 aria

197 2415 479 2471 inclinatio
509 2412 841 2479 voluntatiS,
882 2422 999 2469 tum
1030 2431 1098 2468 ea
1124 2429 1294 2484 quam
1321 2410 1392 2465 de
1421 2426 1482 2463 se
1511 2411 1801 2463 consuevit

198 2488 400 2563 fingere
414 2532 428 2554 ‚
459 2498 581 2545 tum
601 2488 785 2562 (aliae)
803 2505 940 2560 quas
960 2505 1059 2560 per
1080 2504 1280 2542 sensus
1298 2483 1692 2553 imaginatione
1712 2483 1805 2535 in-

197 2566 557 2622 ter-mediante
606 2564 677 2617 ab
728 2570 880 2619 extra
928 2564 1079 2617 intus
1127 2558 1492 2627 surripientes
1540 2554 1802 2609 admittit.

197 2636 441 2705 Quarum
479 2640 733 2693 omnium
778 2638 826 2691 si
872 2635 1156 2707 possideat
1201 2629 1578 2702 principatum
1624 2644 1802 2691 mene,

202 2722 483 2786 tamquam
505 2712 817 2769 communis
836 2719 991 2783 pater
1013 2704 1286 2763 convertit
1305 2700 1376 2756 ad
1393 2701 1637 2765 meliora,
1667 2716 1809 2771 pue·
