2125 3084
382 161 483 214 222
631 163 825 210 PHIL.
864 163 1010 207 IUD.
1050 162 1372 219 QUAEST.
1409 164 1510 209 ET
1560 165 1716 210 SOL.
1755 160 1840 226 [11,
1863 163 1986 227 395]

382 268 643 322 honorem
663 263 891 320 adhibet
908 279 1073 335 opere
1093 280 1194 319 suo
1213 263 1389 319 labori
1410 264 1561 333 eius;
1595 282 1708 337 qua
1727 265 1795 321 de
1816 283 1988 323 causa

382 352 437 398 et
454 344 575 415 ipse
595 342 653 396 in
674 339 1116 411 repurgationem
1137 337 1619 411 exfossionemque
1645 346 1983 414 properavit,

384 436 451 473 ne
480 418 549 473 ab
579 416 777 471 incolis
804 414 1045 487 regionis
1076 430 1294 485 semper
1333 415 1606 470 invidiam
1648 418 1981 473 lucraretur:

382 493 629 565 alioquin
649 506 988 561 consequens
1010 494 1126 543 e'rat
1139 530 1151 553 ‚
1190 488 1339 560 quod
1359 490 1436 552 is,
1469 492 1566 561 qui
1589 491 1738 545 cedit
1755 509 1979 563 operae,

382 568 547 623 simul
569 567 865 621 abstineret
890 581 949 619 se
979 564 1145 618 etiam
1173 564 1492 619 nominibus
1504 564 1577 636 *).
1659 566 1842 620 Unum
1874 570 1986 623 ita—

380 660 489 716 que
516 643 619 697 hoc
645 650 746 696 est.
824 639 1073 694 Alterum
1100 656 1230 694 vero
1259 638 1582 703 dicendum,
1623 640 1774 710 quod
1803 646 1982 697 amori

381 720 601 792 proprio
631 717 891 771 inimicus
922 723 1003 768 est
1032 712 1281 786 sapien3‚
1329 730 1515 768 amans
1555 730 1736 769 amore
1773 715 1980 789 dignas

382 795 651 849 iustitiam
681 800 733 846 et
761 790 1074 853 veritatem,
1117 804 1352 861 quarum
1382 798 1667 860 utramque
1687 790 1980 847 evidenter

380 868 704 924 monstravit
724 867 781 921 in
804 866 1116 919 iuventute:
1175 865 1472 929 iustitiam,
1517 865 1648 936 quia
1673 866 1814 920 nihil
1837 867 1978 921 alte-

379 946 495 999 rius
534 942 813 1017 auferens,
857 941 959 996 etsi
996 939 1246 994 consulto
1283 948 1398 995 erat
1427 940 1785 1013 depravatum
1815 940 1975 1015 (opus

378 1020 550 1092 patris
573 1019 641 1073 ab
661 1016 824 1090 aliis),
850 1017 970 1087 ipse
992 1015 1270 1070 multoties
1291 1032 1456 1087 opera
1474 1016 1601 1070 data
1622 1014 1838 1086 refecit3
1879 1035 1976 1072 ve-

378 1097 594 1151 ritatem
624 1102 805 1149 autem
834 1090 1082 1155 fatendo,
1123 1106 1263 1161 opus
1293 1092 1344 1145 ei
1376 1090 1804 1147 adscribendum
1833 1109 1974 1154 esse,

379 1172 477 1242 qui
506 1172 661 1243 prius
693 1183 985 1241 aggressus
1013 1178 1122 1229 est,
1163 1175 1326 1236 prout
1343 1182 1443 1237 per
1467 1164 1539 1240 [*]
1565 1168 1849 1222 nominum
1869 1170 1978 1223 im-

378 1246 709 1317 positionem
738 1243 1001 1298 denotans
1033 1239 1448 1297 fabricationem
1478 1242 1677 1313 ipsam.
1758 1242 1820 1298 Id
1849 1262 1976 1316 pro-

380 1322 472 1376 bat
490 1322 654 1374 etiam
674 1336 827 1373 mens
849 1318 1098 1390 egregia3
1139 1317 1426 1371 nominum
1449 1316 1597 1371 enim
1607 1319 1976 1389 positoresin-

482 1459 523 1506 ¹¹)
566 1460 770 1507 Exsurgit
808 1461 853 1499 et
892 1460 1103 1497 contraria
1143 1460 1356 1499 sententia
1395 1468 1519 1498 verat
1589 1470 1690 1509 erqo
1725 1472 1973 1510 consequens

379 1511 947 1600 gatguo‘knffiifeden‘
972 1511 1109 1558 operi,
1145 1510 1336 1551 &militer
1361 1511 1583 1549 abstineret
1607 1521 1652 1550 se
1685 1522 1714 1549 a
1746 1514 1864 1551 novis
1899 1524 1976 1551 no—

379 1799 559 1854 ferens
579 1814 677 1870 per
696 1798 882 1872 (mov-9.
906 1796 1072 1853 simul
1093 1796 1212 1871 pro)
1231 1798 1414 1869 operis
1433 1796 1734 1862 industria,
1779 1806 1832 1853 et
1859 1798 1971 1853 fos-

378 1876 540 1931 satim
578 1891 814 1948 purgare
853 1873 1125 1929 sollicitus
1155 1880 1265 1937 est,
1309 1889 1378 1927 ne
1407 1874 1628 1928 omnino
1657 1874 1971 1945 praevaleat

379 1950 591 2005 invidia
614 1952 890 2005 interram
912 1966 1120 2005 eorum.
1171 1947 1304 2003 Inde
1323 1964 1664 2019 consequens
1677 1957 1818 2014 erat,
1845 1967 1972 2021 pro-

378 2025 661 2080 cedentem
682 2027 739 2079 in
756 2024 1018 2097 operibus
1038 2025 1206 2080 etiam
1227 2024 1448 2078 nomina
1479 2023 1820 2079 confirmare.
1900 2026 1972 2079 11-

379 2101 477 2155 lud
498 2116 717 2172 quoque
738 2100 978 2165 dicetur,
1004 2099 1154 2171 quod
1173 2100 1498 2170 semetipsos
1520 2100 1834 2154 amantibus
1855 2108 1972 2154 stu-

379 2176 619 2239 diosiuS‚
662 2175 923 2229 inimicus
953 2175 1174 2230 videtur
1199 2176 1300 2246 qui
1330 2174 1564 2247 diligere
1603 2175 1740 2229 solet
1779 2176 1972 2245 merita

377 2252 546 2324 digna
566 2250 901 2305 iustitiarum
920 2258 975 2304 et
992 2251 1268 2315 veritatis,
1294 2266 1432 2321 quas
1453 2259 1714 2322 utrasque
1734 2259 1973 2305 sectatur

379 2334 583 2381 amator
621 2325 978 2397 integritatis,
1027 2323 1170 2378 nihil
1201 2324 1497 2380 auferendo
1529 2326 1798 2390 alienum,
1845 2325 1972 2380 licet

376 2402 477 2456 diu
497 2400 701 2455 obolita
720 2401 841 2473 ipse
861 2400 1034 2454 nimio
1054 2399 1254 2455 sudore
1274 2400 1452 2472 potuit
1472 2401 1743 2456 invenire.
1813 2400 1973 2455 Veri-

376 2486 543 2531 tatem
566 2492 690 2530 vero
712 2478 769 2530 in
790 2476 1046 2530 omnibus
1069 2475 1352 2539 imitando,
1378 2484 1430 2529 et
1449 2484 1732 2547 paternam
1742 2492 1968 2547 operum

378 2552 819 2605 constitutionem
848 2551 1244 2620 nominumque
1272 2550 1611 2612 firmitatem,
1652 2552 1859 2623 quibus
1887 2560 1971 2609 et-

378 2624 488 2675 iam
518 2641 671 2678 mens
702 2626 909 2679 cautior
938 2624 1240 2679 nuntiatur.
1317 2624 1682 2696 Proprietates
1703 2627 1854 2681 enim
1875 2644 1976 2681 no-

380 2697 593 2749 minum
620 2714 652 2751 a
680 2700 1023 2770 sapientibus
1052 2698 1262 2769 positae
1283 2700 1530 2770 ipsarum
1553 2718 1736 2756 rerum
1757 2700 1974 2757 indices
