2125 3084
334 211 430 262 ⁴02
577 213 773 259 PHIL.
813 211 961 257 ΠΗ).
1002 208 1324 268 QUAEs'r.
1361 209 1461 255 ET
1501 209 1660 255 SOL.
1713 204 1934 271 [11,284.]

328 313 553 385 aliquod
582 314 815 375 bonum,
856 311 956 366 sed
984 318 1195 365 tantum
1223 310 1563 382 restringens
1585 310 1929 377 aviditatem,

326 390 481 444 velut
509 388 769 461 exiguam
798 403 862 441 ac
888 402 1116 458 parvam
1135 385 1334 457 recipit
1353 385 1732 456 phantasiam,
1773 386 1936 442 illam

326 480 469 536 quae
488 464 622 518 olim
642 478 942 535 permagna
962 460 1279 531 putabatur.
1344 459 1491 514 Illud
1513 468 1697 515 autem
1718 459 1934 516 dictum

326 538 773 594 contradictionis
796 536 959 590 modo
974 577 986 599 ,
1030 535 1264 590 eandem
1283 534 1566 590 civitatem
1584 535 1931 591 denominari

325 631 551 686 parvam
579 621 632 668 et
659 629 768 666 non
798 627 1053 682 parvam,
1097 612 1364 665 rationem
1395 609 1563 665 habet
1581 610 1746 666 valde
1769 618 1932 665 natu-

327 689 525 754 ralem,
585 704 727 759 quae
764 694 915 758 patet
950 703 1021 740 ex
1062 682 1426 755 sequentibus
1471 702 1536 739 ac
1581 686 1926 756 praemissis,

324 766 462 818 Nam
503 764 618 818 vita
658 761 844 816 civilis
884 761 964 824 ei,
1016 761 1116 831 qui
1145 760 1299 832 cupit
1326 760 1533 830 populo
1563 759 1925 831 complacere,

325 856 523 913 magna
544 854 675 891 sane
696 836 916 890 videtur
930 876 942 899 ,
967 834 1277 905 proficienti
1297 842 1480 889 tamen
1498 851 1692 906 parva.
1753 836 1931 891 Habet

325 931 455 985 ergo
498 927 759 984 praesens
806 910 1055 983 quaestio
1105 908 1427 965 huiusmodi
1472 909 1926 966 satisfactionem.

324 987 552 1059 Triplex
586 994 669 1041 est
697 986 1135 1041 nominatissima
1169 986 1316 1040 vitae
1355 985 1519 1040 ratio:
1589 987 1930 1057 contempla-

322 1064 466 1128 tiva,
510 1062 790 1134 operativa
830 1068 884 1115 et
922 1060 1249 1117 condecenS.
1327 1060 1568 1115 Maxima
1608 1060 1928 1132 optimaque

325 1147 407 1193 est
433 1136 885 1209 contemplativa3
948 1152 1120 1207 parva
1159 1143 1214 1190 et
1250 1133 1548 1189 infor-mosa
1585 1132 1922 1203 condecens3

325 1230 493 1284 parva
524 1222 577 1267 et
606 1229 714 1266 non
744 1228 915 1281 parva
944 1207 1128 1264 media
1154 1208 1234 1282 (h.
1268 1226 1318 1263 e.
1348 1208 1678 1282 operativa),
1721 1208 1928 1265 adhae-

323 1305 450 1342 rens
478 1289 727 1357 utrique:
778 1302 950 1355 parva
969 1299 1209 1353 namque
1231 1292 1341 1348 est,
1377 1302 1440 1339 eo
1459 1283 1609 1357 quod
1632 1284 1701 1339 ad
1723 1286 1930 1340 conde-

324 1362 561 1416 centiam
583 1359 916 1429 comperitur
936 1357 1228 1413 familiaris
1249 1376 1314 1415 ac
1332 1360 1545 1428 vicina3
1580 1376 1779 1431 magna
1799 1378 1929 1415 vero

324 1444 433 1498 est,
484 1452 547 1489 eo
576 1433 727 1504 quod
755 1432 1098 1487 vicinitatem
1127 1440 1182 1490 et
1209 1436 1589 1507 cognationem
1627 1452 1755 1489 cum
1795 1453 1931 1491 con-

325 1509 681 1580 templatione
708 1524 839 1579 prae
868 1522 931 1561 se
964 1506 1089 1563 fert.

415 1673 544 1731 Quid
576 1684 645 1724 est
685 1710 717 1739 ‚,
731 1674 863 1725 Ecce
898 1674 1162 1727 admiratus
1196 1694 1296 1727 sum
1317 1676 1499 1741 faciem
1537 1685 1663 1725 tuam
1699 1677 1843 1727 etiam

760 1744 809 1792 in
844 1745 985 1794 verbo
1026 1744 1192 1795 hoc“?
1235 1746 1339 1809 (19,
1373 1746 1482 1804 21.)

438 1865 523 1917 48.
565 1862 820 1937 Aequum
842 1870 925 1919 est
944 1863 1260 1918 humaniter
1279 1861 1524 1932 recipere
1545 1878 1638 1917 eos
1652 1903 1665 1926 ,
1697 1863 1799 1933 qui
1819 1865 1932 1918 mi-

322 1938 473 1993 nime
511 1939 715 1993 iactant
748 1955 929 2010 neque
957 1938 1290 2010 pollicentur
1317 1936 1524 1991 maiora
1551 1936 1768 1991 viribus
1797 1954 1933 2009 pro-

322 2013 492 2082 priis:
530 2028 701 2081 quare
722 2021 776 2066 et
796 2012 1138 2067 dominicum
1157 2027 1486 2081 sacrumque
1506 2011 1741 2066 verbum
1763 2011 1931 2069 laude

322 2086 679 2155 prosequitur
703 2086 799 2139 illa
824 2085 960 2158 (Lot)
982 2086 1150 2141 dicta.
1229 2084 1500 2152 Quoniam
1529 2087 1692 2141 multi
1719 2088 1930 2143 maiora

326 2157 702 2212 desiderantes
717 2200 729 2222 ‚
764 2159 947 2214 media
967 2177 1189 2233 quoque
1210 2162 1332 2232 ipsa
1351 2161 1743 2233 perdiderunt,
1783 2179 1931 2234 quae

326 2240 584 2304 appetere
606 2230 687 2287 fas
708 2241 810 2288 est.

422 2392 496 2457 [2‘]
543 2390 673 2449 Quid
704 2401 771 2443 est
805 2391 1051 2463 „Festina
1082 2390 1268 2441 salvari
1300 2392 1552 2457 (t'duc)“?
1585 2398 1692 2455 (19,
1725 2398 1836 2457 22.)

440 2512 525 2563 49.
566 2511 989 2572 Dulcissimum‚
1023 2509 1322 2580 optimum,
1347 2509 1932 2582 humanissimumque

325 2582 561 2638 verbum
580 2583 836 2639 divinum
855 2589 1096 2655 praestat
1115 2589 1313 2637 sortem
1336 2584 1532 2637 salutis
1560 2585 1641 2649 ei,
1685 2585 1786 2655 qui
1817 2586 1934 2640 sal-

330 2657 445 2707 vari
476 2655 687 2721 studet,
735 2658 1027 2712 admittens
1058 2672 1224 2709 suum
1252 2656 1608 2711 infallibilem
1638 2666 1805 2729 atque
1840 2661 1935 2714 in-

327 2728 662 2783 exorabilem
692 2748 925 2794 morem,
969 2737 1238 2801 quantum
1256 2730 1480 2799 poterit,
1513 2731 1779 2801 proficere
1799 2750 1934 2803 pro-

1923 2906 1959 2916 u—
