2125 3084
370 184 940 233 PRINClPIoRmt
983 186 1652 236 PHILONIANORUM.
1705 185 1800 239 {65

216 300 417 350 Malitia
432 301 667 350 tenebrae
686 309 803 350 sunt
818 302 1112 365 profundae,
1132 303 1284 351 virtue
1300 316 1418 353 vero
1437 305 1667 367 splendor
1694 254 1796 304 Ρη.

287 368 564 417 luminosus
590 374 680 417 est.
690 405 1008 416 ....................
1012 406 1035 441 .-
1033 405 1666 420 .......................................
1707 378 1794 422 121

219 448 365 511 Quae
385 450 627 501 debentur
646 452 739 501 deo
757 452 1025 515 gratiarum
1045 452 1268 500 actiones
1283 488 1297 512 ,
1337 453 1444 501 sine
1461 452 1600 501 iussu
1619 460 1670 503 et

286 532 429 567 more
445 519 775 568 cunctationis
805 519 911 567 fleri
940 525 1137 583 oportet
1140 553 1665 569 ................................
1707 526 1794 573 131

217 602 431 653 Fructus
451 609 618 652 autem
636 602 748 652 fluis
768 608 866 662 est,
890 610 1093 667 propter
1111 616 1258 664 quem
1277 609 1328 652 et
1343 602 1515 666 plante
1533 610 1663 654 est...
1705 610 1797 655 132

220 683 381 747 Quasi
404 700 497 749 pm·
522 693 620 745 est,
658 686 930 735 secundum
950 686 1267 749 proverbium
1283 686 1478 747 tritum,
1515 686 1666 737 Late-

284 767 393 803 rem
406 752 573 806 lavare
592 753 668 801 vel
680 752 793 801 Reti
813 767 994 814 aquam
1010 753 1226 813 haurire,
1247 768 1306 801 ac
1323 754 1562 803 malitiam
1581 769 1666 803 cx-

282 820 468 883 pellere
486 820 549 869 ab
567 820 783 869 hominis
802 821 970 869 animo
990 834 1106 869 cum
1123 820 1227 869 suis
1257 821 1413 883 signis
1439 822 1663 885 signatis.
1705 828 1795 873 135

212 902 408 955 Natura
430 910 685 966 tunquam
711 903 975 954 limonia
998 905 1278 967 composita
1293 911 1372 953 est
1388 919 1453 953 ex
1471 912 1665 955 contra·

284 971 371 1019 riis
384 970 605 1031 vocibus,
624 972 760 1033 gravi
778 977 831 1019 et
847 977 1018 1034 acuta,
1054 972 1128 1021 sic
1147 972 1280 1021 enim
1299 978 1350 1020 et
1363 973 1578 1021 mundus
1598 987 1664 1023 ex

284 1037 543 1086 cona-ariis
566 1038 817 1087 coalescit.
825 1072 1660 1088 ...................................................
1703 1046 1794 1091 136

212 1103 523 1166 Principium
554 1105 705 1154 finem
736 1106 916 1169 exigit,
954 1111 1005 1155 et
1030 1105 1144 1155 fluis
1169 1120 1341 1155 versus
1366 1107 1666 1170 principium

283 1172 517 1221 acclivior
546 1178 637 1221 est.
643 1200 1660 1223 ..............................................................
1701 1178 1792 1225 137

210 1239 439 1289 Externa
454 1240 673 1289 serviunt
689 1241 908 1304 corpori,
931 1254 1132 1321 corpus·
1125 1241 1310 1301 animo,
1331 1241 1528 1291 unimus
1547 1242 1659 1292 deo.
1711 1268 1778 1281 -

210 1307 403 1371 Inpius
440 1306 573 1355 enim
609 1306 733 1356 nihil
768 1307 905 1357 alind
942 1314 1044 1369 est,
1082 1308 1181 1357 nisi
1205 1308 1438 1359 inimicus
1463 1316 1660 1359 certans

230 1428 239 1438 ‚
282 1376 416 1424 circe
446 1374 595 1423 deum
598 1409 1658 1425 .................................................................
1698 1382 1791 1425 166

212 1440 485 1491 Venatori·
508 1457 589 1491 ars
610 1456 759 1505 quam
774 1443 991 1493 maxime
1011 1444 1258 1493 alienatur
1273 1459 1308 1492 a
1324 1444 1554 1493 rationali
1571 1460 1659 1494 ns-

278 1510 411 1559 tura!
466 1507 568 1569 Qui
598 1511 730 1559 enim
765 1524 880 1559 cum
900 1510 1017 1560 feris
1036 1511 1198 1575 degit,
1235 1517 1376 1575 optat
1400 1512 1552 1561 vitam
1570 1513 1660 1561 ‹lu-

277 1590 391 1627 cere
411 1578 672 1627 bestialem
676 1612 1654 1628 ............................................................
1706 1604 1775 1617 -

208 1644 395 1693 Plenus
431 1657 491 1693 ac
516 1644 767 1706 perfectus
792 1656 1027 1694 numerus
1050 1652 1130 1695 est
1153 1646 1337 1707 trinus,
1379 1648 1659 1697 consistens

275 1710 548 1772 principio,
584 1710 750 1757 medio
790 1716 839 1757 et
864 1710 961 1759 fine
965 1744 1656 1760 ..........................................
1696 1716 1788 1761 169

210 1774 442 1835 Quatuor
478 1775 725 1824 elementa
757 1776 1002 1823 mixturae
1036 1784 1154 1825 sunt
1183 1778 1352 1839 potius
1383 1792 1534 1839 quam
1561 1779 1658 1825 ele·

276 1848 461 1890 menta.
549 1875 1655 1890 ....................................................................
1696 1846 1790 1891 178

208 1910 397 1959 Pruvus
416 1907 703 1971 opinionem
720 1907 881 1969 mgis
902 1920 1052 1968 quam
1070 1909 1328 1956 veritatem
1345 1908 1558 1957 admittit
1559 1942 1654 1956 ......
1697 1914 1788 1958 189

213 1975 445 2025 Sterilem
462 1987 700 2038 generare
717 1987 820 2021 non
838 1974 1063 2036 pariendi
1085 1973 1334 2022 facultatis
1354 1981 1432 2023 est
1444 2009 1458 2033 ,
1479 1974 1568 2023 sed
1587 1975 1658 2023 di-

274 2042 421 2091 vinae
437 2042 631 2090 virtutis
651 2054 776 2104 opus
780 2074 1654 2091 .....................................................
1704 2066 1775 2080 —

208 2109 324 2161 Non
358 2122 534 2159 omnes
562 2108 859 2158 afflictiones
882 2107 1066 2155 noxiae
1093 2113 1229 2167 sunt,
1263 2108 1360 2156 'sed
1389 2114 1464 2157 est
1488 2108 1656 2170 aliquo

276 2185 526 2239 tempore,
562 2176 649 2224 ubi
672 2174 821 2224 utiles
850 2178 979 2224 sunt.
1048 2172 1108 2222 Id
1139 2173 1381 2223 sufferunt
1403 2182 1454 2224 et
1469 2177 1604 2238 aegri
1625 2190 1658 2223 a

275 2244 481 2293 medicis
495 2278 510 2304 ,
551 2249 602 2292 et
632 2243 777 2306 pueri
802 2257 834 2290 s.
856 2241 1160 2321 paedagogis
1174 2274 1188 2301 ‚
1229 2249 1279 2291 et
1301 2242 1592 2305 insipientes
1623 2258 1655 2291 a

276 2310 662 2371 correctoribus,
698 2316 757 2389 ιιι
784 2309 997 2372 sapiant.
1004 2345 1654 2357 ........................................
1695 2312 1786 2357 196

210 2377 427 2429 obedire
461 2385 512 2427 et
546 2377 725 2427 subiici
759 2376 1048 2427 melioribus
1085 2376 1248 2439 magis
1283 2376 1510 2439 expedit·
1497 2412 1510 2438 ,
1568 2377 1652 2439 qui

276 2447 409 2496 enim
442 2444 669 2494 didicerit
702 2444 795 2494 sub
831 2450 1078 2507 potestate
1115 2458 1248 2504 esse,
1305 2444 1406 2493 cito
1435 2444 1578 2492 citius
1605 2450 1656 2493 et

272 2518 519 2577 potestate
558 2512 838 2561 exercenda
865 2510 1104 2560 imbuitur
1105 2546 1650 2561 .................................
1687 2516 1780 2561 201

210 2578 525 2643 Quicumque
541 2592 711 2643 regem
728 2593 831 2628 non
857 2578 1094 2639 viderint,
1131 2578 1386 2641 praefecto
1405 2586 1454 2628 et
1470 2578 1652 2629 submi·

212 2670 217 2679 ·
273 2648 442 2697 nistris
460 2647 697 2697 exhibent
708 2647 855 2710 primi
874 2646 1005 2709 reg-is
1032 2647 1322 2709 dignitatem
1325 2682 1645 2695 ....................
1649 2676 1668 2685 -
1681 2652 1780 2695 204

210 2713 341 2767 Satis
362 2723 437 2767 est
454 2716 651 2766 mortali
668 2722 874 2767 naturae
894 2714 959 2763 ad
985 2714 1299 2776 felicitatem,
1326 2729 1428 2765 non
1447 2729 1554 2776 esse
1571 2729 1648 2765 re-
