2125 3084
378 207 472 259 162
712 211 958 256 INDEX
994 209 1550 257 AucnmuAnus
1583 209 1620 254 1.

438 331 541 378 iam
566 329 629 377 ad
654 328 921 377 utilitatem
953 333 1160 376 utantur
1194 327 1463 390 (oportet):
1515 326 1708 376 utilitas
1745 343 1846 377 au·
1871 279 1974 328 m

438 404 543 446 tem
570 402 647 444 est
672 394 838 443 fluns
864 394 1169 458 sfillatioque
1193 394 1314 442 boni
1315 428 1841 442 ...............................
1955 401 1985 445 7

372 461 643 514 Gener-atio
656 497 670 522 ,
700 469 757 510 ut
776 462 1058 524 sapientum
1076 461 1174 510 fert
1190 461 1438 510 sententia
1449 495 1464 520 ,
1495 462 1845 524 corruptionis

438 537 515 579 est
534 529 839 594 principium
842 562 1840 577 ...........................................................
1915 558 1980 566 -

370 598 595 647 Medium
622 595 839 644 universi
862 601 995 644 terra
1010 603 1101 644 est.
1107 630 1839 644 ............................................
1911 622 1981 635 —-

370 663 577 728 optima
601 665 837 711 virtutum
861 663 1022 725 pietas
1036 697 1049 722 ,
1089 677 1190 724 qua
1216 662 1326 710 sola
1357 663 1526 724 potius
1559 675 1707 711 mens
1740 663 1839 711 im·

436 731 791 780 mortalitatem
823 730 1108 791 assequitur
1111 764 1838 778 ...........................................
1945 737 1974 779 8

369 798 589 854 Mixtum
616 805 694 846 est
718 811 834 848 eum
858 797 1080 848 humana
1107 796 1355 859 sapientia
1380 809 1540 858 genus
1577 797 1838 863 deceptio-

436 881 533 916 ms.
548 898 1834 914 .............................................................................
1905 889 1970 900 -—

372 931 517 982 Sicut
538 947 594 981 se
610 931 764 981 habet
781 931 957 980 oculus
976 931 1031 978 in
1048 944 1260 994 corpore
1271 965 1286 990 ,
1312 930 1386 979 ita
1400 943 1544 978 mens
1563 936 1613 978 et
1631 931 1837 994 sapien·

436 1001 509 1048 tia
526 1001 579 1048 in
606 999 775 1048 anima
779 1031 1833 1047 ...............................................................
1900 1024 1961 1034 --

368 1067 429 1117 Ιιι
448 1068 588 1116 nullo
606 1067 677 1115 ita
700 1067 912 1116 laetatur
938 1065 1158 1114 hominis
1183 1065 1422 1127 cogitatio
1443 1063 1632 1127 magis,
1677 1079 1835 1128 quam

434 1135 489 1182 in
519 1134 711 1182 iustitia
715 1165 1833 1182 ...................................................................
1903 1136 1958 1178 10

368 1201 536 1252 Unum
555 1214 621 1248 ex
640 1201 810 1249 multis
830 1200 1019 1249 factum
1036 1199 1226 1249 bonum
1249 1206 1341 1248 est.
1409 1199 1712 1248 Discordiae
1736 1199 1836 1248 ini-

433 1265 558 1314 tium
576 1273 655 1315 est
670 1267 834 1316 duitas
840 1302 1832 1318 ............................................................
1904 1269 1956 1316 12

366 1331 465 1382 Ubi
492 1330 681 1381 bonum
720 1340 769 1382 et
804 1335 993 1383 malum
1031 1335 1305 1383 commixta
1338 1339 1454 1382 sunt
1467 1369 1480 1394 ,
1523 1333 1835 1398 principium

433 1399 619 1448 habent
654 1401 901 1450 mixturae
926 1403 1106 1455 mortis
1107 1435 1830 1450 ...........................................
1904 1405 1956 1448 13

364 1465 646 1515 Proborum
662 1479 799 1515 mors
815 1467 1021 1516 alterius
1040 1469 1172 1518 vitae
1188 1467 1487 1532 principium
1499 1474 1580 1516 est
1581 1503 1830 1516 ...............
1897 1492 1958 1505 -

365 1533 529 1582 Amor
542 1545 648 1580 non
667 1533 828 1596 magis
844 1534 898 1581 in
918 1535 1134 1584 utilitate
1147 1571 1164 1598 ,
1189 1549 1338 1598 quam
1354 1535 1408 1584 in
1425 1535 1700 1624 concordia
1715 1534 1832 1584 har-

432 1599 636 1648 monica
655 1599 846 1648 stabilis
864 1601 1019 1648 moris
1039 1603 1271 1652 consistit
1274 1637 1831 1652 .................................
1895 1627 1956 1640 --

368 1665 683 1784 cooperartiur
700 1667 858 1716 ventri
879 1681 993 1717 esus
1014 1671 1182 1720 earnis
1201 1671 1264 1720 ad
1282 1667 1494 1744 salutem
1505 1669 1832 1740 vigoremque

435 1747 589 1800 corpo
635 1749 658 1784 s
694 1770 1830 1787 ....................................................................
1902 1743 1954 1785 14

366 1801 587 1852 Nomina
604 1817 669 1852 ex
689 1803 939 1868 positione
960 1812 1102 1868 sunt,
1121 1805 1326 1856 minime
1342 1817 1461 1855 vero
1482 1815 1549 1855 ex
1565 1811 1748 1854 natura
1749 1841 1830 1854 .....
1900 1809 1952 1852 15

370 1869 631 1921 Somnus
616 1887 671 1920 ιιι
696 1885 751 1921 se
768 1871 968 1936 proprie
987 1841 1194 1922 ecstasis
1215 1880 1292 1922 est
1294 1907 1831 1922 ................................
1900 1875 1950 1919 17

369 1935 687 2001 Quicumque
726 1946 891 1989 aetate
930 1948 1194 2003 provectas
1230 1940 1327 1989 sibi
1359 1940 1547 1988 ducunt
1555 1939 1829 2002 mulieres,

432 2005 743 2070 vituperandi
772 2014 888 2056 sunt
911 2009 1047 2056 velut
1072 1997 1390 2056 destruentes
1407 2005 1454 2055 le
1491 2019 1572 2054 em
1597 2013 1829 2056 naturae.
1900 2010 1950 2054 19

367 2071 667 2135 Depositum
696 2073 1098 2123 commendatum
1124 2074 1219 2124 sibi
1247 2075 1398 2124 sumit
1473 2085 1498 2121 r
1515 2073 1781 2123 mulierem
1799 2087 1833 2126 a

432 2140 747 2202 parentibus,
773 2143 954 2192 mulier
970 2149 1146 2192 autem·
1153 2143 1312 2190 virum
1331 2155 1362 2190 a
1379 2141 1564 2204 1030...ae
1559 2175 1828 2190 ................
1895 2144 1948 2190 20

368 2205 485 2272 (Vir
510 2213 561 2257 et
586 2207 787 2270 mulier)
826 2209 1001 2259 eadem
1036 2207 1312 2274 gaudeant,
1347 2207 1552 2258 doleant
1567 2208 1832 2280 sentiant-
2082 2247 2083 2284 ¹

436 2287 559 2336 que,
598 2275 701 2324 imo
736 2275 971 2338 cogitent.
979 2311 1829 2324 ...................................................
1893 2279 1942 2323 21
2081 2295 2083 2354 ἦ

367 2339 666 2392 callidiores
704 2350 821 2392 sunt
856 2344 1098 2406 voluptati
1135 2343 1286 2393 dediti
1321 2343 1712 2406 inventoresque
1747 2358 1830 2394 ar·-
2081 2355 2083 2420 4

434 2410 560 2458 tium
590 2421 649 2458 ae
674 2409 953 2470 mediorum
956 2444 1826 2460 ....................................................
1889 2412 1948 2456 22
2081 2421 2083 2446 ³

366 2473 583 2536 Quando
601 2477 729 2525 mira
746 2477 989 2538 quaedam
1004 2477 1253 2541 patranda
1279 2484 1420 2539 sunt,
1458 2477 1712 2536 subiectas
1735 2491 1828 2528 na·
2081 2449 2083 2502 Ι

432 2551 570 2592 tutas
596 2551 869 2595 commutat
894 2545 1015 2597 deus
1020 2579 1826 2594 ................................................
1888 2546 1954 2590 23

364 2607 547 2722 ΜιιΙίἓι·
582 2609 842 2734 §zonsuevit
872 2612 1039 2695 potius
1078 2627 1235 2690 quam
1263 2611 1338 2663 vir
1363 2613 1544 2676 decipi.
1583 2611 1828 2677 (Additur
1893 2682 1924 2725 2
2082 2677 2083 2706 1

432 2688 489 2721 ra
508 2689 575 2723 10.
628 2710 1773 2729 .....................................................................
1779 2691 1825 2728 ;..
1923 2685 1957 2726 4
2082 2709 2083 2746 ¹

364 2741 701 2804 Pugnantium
718 2757 829 2794 mos
846 2753 924 2796 est
942 2747 1140 2798 mentiri
1157 2754 1264 2798 arte
1275 2781 1289 2810 ,
1326 2755 1380 2798 ut
1402 2749 1696 2812 ignorentur
1719 2759 1821 2798 res.
1891 2772 1960 2783 -
