2125 3084
1690 186 1785 239 ⁴8¹⁷

262 306 377 353 271.
400 303 592 366 primus
615 301 797 353 Senior
812 302 973 352 dictus
1007 301 1492 366 Abundantiaquam
1502 307 1788 370 periculosa

258 371 304 431 1,
324 375 440 420 395.
467 370 537 431 11,
558 376 641 420 39.
678 370 895 434 procidit
918 370 975 418 in
1071 369 1142 430 11,
1163 374 1278 419 656.

258 438 441 487 faciem
473 437 518 498 1,
556 442 670 486 586.
716 441 829 486 602.
872 437 973 499 pri·
1004 451 1258 516 Abyssa,
1279 453 1425 518 quid,
1443 453 1489 515 1,
1511 459 1558 504 ⁶,

254 505 815 632 ffIngefrffldjdjff
852 503 973 620 (ἐξὲξ
1005 536 1270 587 Acerbitas
1318 537 1373 586 in
1414 537 1676 588 defunctos
1712 541 1781 602 Π,

259 639 407 688 simul
436 639 595 687 credit
610 645 661 688 et
680 639 911 702 desperet
924 637 969 698 1,
1121 687 1134 698 ,
1455 688 1466 700 ,
1508 689 1525 701 ,Λ

258 711 373 756 609.
400 706 531 755 ridet
545 705 727 756 Isaeco
748 707 972 755 nondum
1004 686 1279 749 Adumfflv
1331 701 1550 740 ¹²⁰m²¹¹¹³
1583 696 1783 755 ⁰35¹²¹0¹²

254 779 375 824 nuto
408 772 455 834 1,
496 777 610 822 802.
649 780 842 824 mutato
880 787 972 823 no-
1069 753 1114 815 1,
1137 759 1254 804 236.

255 841 391 891 mine
422 839 767 891 Abraamua
802 841 971 904 appel·
1003 838 1147 896 Ade.
1173 837 1600 902 Lamechi-uxon
1637 841 1784 892 malo-

254 906 970 968 letus1,139.588-.H,18.eius
1069 921 1176 956 runt
1231 914 1390 956 testem
1441 908 1692 972 significat
1737 910 1782 971 1,

257 979 459 1037 etymon
481 973 526 1035 I,
556 979 671 1024 588.
703 979 817 1024 589.
860 976 969 1026 eius
1071 978 1188 1022 240.

252 1054 421 1090 mores
455 1041 497 1102 1,
537 1045 655 1092 476.
694 1045 811 1092 477.
860 1044 969 1092 eius
1002 1039 1197 1100 Adam,
1233 1040 1452 1094 hominis
1478 1042 1582 1094 ficti
1598 1058 1783 1094 nomen

258 1114 311 1157 et
329 1106 481 1156 Lothi
506 1123 671 1160 mores
698 1109 881 1160 diversi
896 1110 965 1171 H,
1067 1106 1111 1168 1,
1159 1111 1240 1156 61.
1287 1109 1383 1158 sibi
1425 1125 1528 1159 non
1572 1112 1786 1176 imponit

256 1180 339 1224 32.
370 1175 688 1226 solitudinem
710 1177 968 1242 amplecti·
1026 1175 1029 1178 ’
1066 1189 1254 1224 nomen
1293 1175 1342 1237 1,
1379 1181 1461 1226 82.
1513 1178 1620 1228 eins
1665 1186 1784 1230 ante

586 184 945 233 nonnum
980 185 1080 232 m·
1115 187 1394 236 numm.
1473 177 1478 182 ’

254 1241 415 1301 tui-H,
432 1246 511 1292 14.
532 1243 639 1292 eius
650 1244 966 1308 hospitalitas

254 1309 325 1370 H,
346 1313 424 1358 16.
447 1323 565 1372 erga
578 1309 737 1361 filium
755 1312 965 1362 affectus

252 1376 320 1440 H,
350 1380 436 1426 25.
468 1377 719 1440 opulentia
746 1379 815 1440 11,
848 1382 960 1429 627.

253 1444 433 1494 lenitas
458 1444 527 1505 H,
558 1450 639 1495 30.
676 1446 833 1496 virtus
860 1447 965 1497 bel-

250 1513 415 1562 licosa
438 1511 507 1573 H,
538 1517 621 1562 82.
678 1513 965 1566 foederatos

250 1578 486 1644 profliget
501 1579 546 1640 1,
568 1584 683 1630 522.
722 1579 792 1642 11,
814 1587 895 1630 84.
934 1597 967 1631 a

249 1647 626 1695 Melchizedeco
656 1647 966 1698 benedicitur

250 1712 317 1761 ib.
338 1713 404 1760 ad
417 1711 575 1759 fllium
586 1713 966 1762 sacrificandum

254 1791 310 1827 se
340 1777 559 1839 accingit
584 1777 655 1837 H,
681 1783 765 1828 26.
800 1778 965 1828 luctus

254 1844 319 1892 ob
342 1857 555 1892 uxorem
583 1842 655 1903 H,
682 1845 765 1894 87.
806 1845 967 1894 scien-

254 1912 353 1959 tiae
381 1916 431 1960 et
456 1909 651 1958 virtutis
680 1925 746 1959 ex
771 1911 967 1960 institu-

1067 1242 1264 1306 lapsum
1315 1245 1556 1307 perfectio
1601 1245 1646 1307 1,
1695 1252 1778 1297 38.

1067 1308 1290 1358 omnium
1335 1313 1532 1375 generis
1575 1315 1653 1363 sui
1691 1327 1782 1378 po·

1068 1383 1312 1428 uterorum
1323 1381 1780 1442 praestantissimus

1063 1443 1110 1505 Ι,
1132 1449 1214 1493 82.
1232 1449 1314 1494 33.
1333 1447 1386 1496 iu
1406 1447 1640 1498 delictum
1656 1449 1782 1498 labi-

1065 1517 1148 1563 tm·
1171 1512 1216 1572 1,
1245 1515 1327 1562 37.
1361 1528 1427 1564 ex
1453 1515 1658 1566 arbitrio
1685 1531 1780 1566 suo

1065 1580 1239 1643 lapsus
1279 1579 1348 1641 11,
1384 1587 1501 1631 440.
1556 1591 1674 1647 post
1705 1584 1780 1632 la-

1062 1661 1213 1709 psum
1229 1649 1392 1696 nudus
1411 1649 1456 1705 1,
1480 1650 1557 1698 77.
1583 1664 1612 1699 e
1629 1650 1781 1699 Pura·

1067 1714 1176 1760 diso
1203 1715 1470 1775 expellitur
1494 1715 1539 1774 1,
1573 1720 1685 1764 140.
1713 1730 1782 1763 ex

1065 1778 1378 1826 nobilissimo
1405 1779 1464 1826 fit
1483 1794 1577 1842 per
1603 1795 1780 1842 pecc&

1066 1849 1174 1892 tum
1237 1843 1472 1905 ignobilis
1527 1845 1598 1907 H,
1660 1851 1775 1896 440.

1067 1909 1218 1958 morti
1255 1909 1518 1960 damnatus
1545 1912 1610 1961 ib.

252 1978 389 2028 tione
416 1983 731 2039 comparatae
769 1977 967 2042 symbo-
999 1975 1176 2038 Adeps
1192 1975 1468 2025 hostiarum
1494 1993 1609 2029 cum
1637 1995 1778 2040 sepa-

252 2045 358 2094 lum
390 2043 434 2104 1,
476 2047 589 2094 588.
636 2044 706 2105 H,
744 2050 861 2094 412.
900 2058 967 2094 ex
1065 2048 1220 2103 ratur,
1244 2057 1348 2092 non
1361 2047 1694 2098 comedendus
1705 2050 1775 2109 11,

250 2118 393 2174 putre
422 2111 641 2160 siderum
665 2112 855 2162 cultore
876 2127 966 2162 ne·

1066 2113 1183 2158 244.
1203 2113 1319 2159 356.
1359 2111 1541 2175 adeps,
1565 2125 1778 2165 reneset

252 2187 334 2227 tus
350 2177 419 2238 H,
439 2182 552 2226 441.
578 2183 691 2228 602.
710 2194 804 2243 pro
820 2171 964 2244 pree-
1062 2176 1245 2226 iecoris
1280 2177 1406 2226 fibra
1440 2180 1536 2230 deo
1563 2179 1776 2230 offerun-

250 2245 353 2294 mio
368 2237 521 2294 'fidem
536 2245 590 2293 in
608 2247 757 2296 deum
782 2247 965 2310 accipit
1062 2249 1146 2292 tur
1176 2242 1221 2304 1,
1261 2249 1374 2294 190.

250 2312 319 2371 11,
341 2317 454 2361 412.
479 2313 585 2361 eius
603 2313 778 2364 laudes
795 2314 863 2375 H,
878 2318 959 2365 37.
996 2310 1378 2362 Administratio
1434 2313 1640 2377 publiea
1687 2329 1785 2366 nse

251 2379 433 2429 ecstasi
466 2387 722 2442 correptus
760 2381 803 2442 Ι,
845 2386 958 2430 508.

1061 2385 1206 2428 turae
1232 2379 1510 2430 auctarium
1530 2381 1602 2442 H,
1622 2387 1704 2431 46.

252 2446 315 2496 sd
341 2453 508 2509 patres
536 2446 759 2497 abiturus
778 2448 822 2508 1,
845 2453 957 2497 513.
992 2444 1268 2509 Adoptatio
1289 2445 1332 2506 1,
1355 2451 1470 2499 301.

248 2513 437 2577 populo
455 2515 722 2577 apponitur
736 2516 779 2576 Ι,
807 2520 915 2564 184.
993 2512 1234 2562 Adulatio
1278 2515 1530 2566 amicitiae
1569 2520 1771 2568 morbus

1057 2579 1104 2640 Ι,
1144 2585 1255 2629 123.

185 2614 441 2664 Abscondi
459 2615 603 2664 “¹⁶⁰
621 2617 742 2679 quid
759 2617 802 2678 1,
825 2621 906 2668 ⁸⁸·
993 2646 1294 2699 Adulatoron
1338 2650 1382 2711 Ι,
1433 2657 1540 2702 153.
1583 2655 1770 2704 vitandi

150 2786 157 2791 μ
183 2715 500 2766 Abstinentie
518 2722 767 2768 ostentata
785 2717 827 2778 1,
846 2721 957 2767 195.

1058 2714 1128 2776 Π,
1166 2719 1273 2769 671.
