2125 3084
188 207 275 274 [1],
302 203 419 268 507.]
555 207 637 252 IN
674 207 1013 252 Exontm.
1065 207 1315 253 SERMO
1352 209 1415 252 11.
1682 206 1782 258 353

186 309 586 380 inexspectatis
646 314 809 377 atque
863 305 1358 369 inenarrabilibuS,
1436 306 1793 382 fontibusque

188 383 605 442 abundantibus
628 389 962 436 caeterorum
982 381 1277 448 bonorum;
1301 382 1562 451 quoniam
1581 386 1794 455 princi-

185 462 350 534 pium
378 466 433 514 et
460 457 588 512 finis
615 457 895 513 felicitatis
922 465 1005 511 est
1024 473 1186 528 posse
1207 454 1398 510 videre
1416 455 1604 512 deum.
1681 462 1794 516 Hoc

185 546 372 591 tamen
409 533 605 605 nequit
642 533 694 586 ei
732 531 880 595 fieri,
943 532 1043 602 qui
1081 547 1190 586 non
1233 532 1510 602 paraverit
1553 533 1792 590 animam

186 627 349 666 suam
363 650 375 674 ,
409 611 554 664 sicut
572 608 786 663 dictum
804 615 917 710 θεῖ’,
952 611 1316 662 sanctuarium
1333 607 1453 661 sive
1471 607 1636 679 plane
1654 617 1795 664 tem-

124 726 133 732 .
186 686 347 758 plum
368 684 486 739 dei.
1431 684 1434 688 ’

194 841 328 900 Quid
359 851 430 891 est
471 877 505 904 „
519 826 693 891 Facies
726 839 977 889 secundum
1012 828 1190 902 omnia,
1245 849 1472 902 quantum
1511 857 1598 905 ⁰9⁰
1645 851 1794 890 osten-

326 909 388 958 do
453 909 541 959 tibi
586 909 639 958 in
692 917 845 958 monte
896 906 1080 956 andicia
1131 907 1428 957 tabernaculi
1479 918 1524 958 et
1576 925 1794 959 vasorum

328 976 507 1026 eius‘w
559 977 779 1042 (25,9.)·

304 1091 391 1145 52.
412 1086 571 1154 Quod
591 1104 723 1143 sane
736 1088 925 1143 omnis
946 1085 1232 1141 sensibilis
1253 1087 1562 1144 similitudo
1582 1090 1794 1161 princi-

182 1166 351 1239 pium
369 1163 535 1218 habet
561 1161 919 1236 intelligibile
940 1163 999 1216 in
1019 1169 1212 1217 natura
1231 1162 1531 1229 indicium,
1575 1166 1721 1220 sicut
1742 1175 1795 1220 et

184 1241 332 1297 alias
362 1255 523 1310 saepe
551 1240 803 1311 saepiuS,
852 1255 1001 1292 nunc
1030 1253 1252 1312 quoque
1286 1238 1606 1295 declaravit.
1685 1240 1794 1295 Ve—

182 1320 500 1372 rumtamen
544 1315 751 1387 optime
798 1314 1124 1387 magistrum
1172 1314 1616 1386 incorporeorum
1665 1324 1718 1370 et
1763 1334 1794 1369 a

182 1389 471 1464 principio
505 1389 891 1444 exsistentium
921 1387 1326 1461 exemplorum,
1379 1391 1598 1446 nullum
1633 1391 1794 1463 geni-

182 1476 311 1522 tum
340 1465 460 1520 sive
486 1472 730 1520 creatum
759 1462 1041 1528 adhibuit,
1087 1465 1185 1519 sed
1213 1465 1524 1538 ingenitum
1553 1468 1673 1522 sive
1704 1468 1794 1521 in-

184 1550 436 1598 creatum
461 1549 695 1613 patrem.
772 1537 1043 1606 Quoniam
1073 1542 1406 1596 conveniens
1435 1544 1628 1616 utique
1656 1552 1788 1607 erat,

184 1626 250 1673 ut
279 1617 601 1689 intelligens
628 1614 856 1670 referret
884 1613 1037 1670 ideas
1067 1615 1526 1672 intellectualium
1566 1635 1794 1673 mensu-

183 1709 391 1763 rasque
412 1692 799 1746 universorum
814 1732 826 1756 ,
853 1689 922 1745 ad
942 1707 1177 1763 quarum
1196 1690 1424 1746 formam
1445 1692 1688 1748 mundus
1711 1692 1794 1746 fa—

185 1775 314 1824 ctus
352 1765 479 1821 fuit.
556 1766 847 1836 Propterea
876 1773 931 1820 et
956 1767 1108 1820 solus
1146 1767 1412 1838 propheta
1450 1783 1673 1820 sursum
1705 1784 1794 1820 as-

186 1849 451 1912 sumptus
480 1839 587 1894 fuit
614 1856 714 1911 per
742 1842 1123 1904 vocationem,
1161 1848 1221 1894 ut
1250 1841 1352 1894 nec
1381 1840 1626 1896 mortalis
1657 1857 1793 1912 gens

186 1917 507 1990 privaretur
526 1915 841 1986 incorrupta
860 1915 1019 1981 facie,
1045 1931 1224 1985 neque
1242 1914 1469 1986 publice
1491 1931 1795 1987 exponere-

185 2003 283 2048 tur
328 1990 478 2063 apud
526 1990 727 2044 multos
776 1989 969 2046 divina
1004 2006 1271 2060 sacraque
1310 1990 1548 2044 essentia
1585 2007 1791 2044 rerum.

186 2067 525 2138 Assumptus
556 2061 739 2121 autem
769 2065 876 2121 fuit
902 2067 961 2120 in
991 2073 1232 2121 montem
1267 2065 1576 2129 excelsum,
1627 2081 1794 2136 quem

188 2141 489 2198 ascendere
515 2143 755 2200 ‚caeteris
796 2142 1027 2196 minime
1069 2137 1142 2214 [³¹⁵]
1189 2140 1408 2195 licebat.
1505 2141 1574 2195 Et
1616 2139 1794 2194 nubes

188 2217 365 2272 densa
393 2223 687 2288 crassaque
716 2224 891 2270 totum
914 2216 1098 2271 locum
1117 2216 1341 2280 clausit,
1384 2215 1796 2288 perceptionem

186 2310 291 2366 per
322 2293 441 2348 loca
467 2291 811 2365 impediens:
856 2308 963 2346 non
990 2292 1300 2362 quasivero
1321 2291 1595 2362 corporeis
1617 2289 1794 2344 oculis

188 2376 387 2423 natura
414 2365 793 2424 invisibilium
822 2365 1002 2420 videri
1032 2375 1244 2437 posset,
1288 2366 1386 2421 sed
1405 2367 1537 2438 quia
1558 2365 1798 2438 multum¹

189 2445 419 2515 signum
438 2441 884 2516 intelligibilium
904 2457 1005 2512 per
1025 2441 1373 2496 manifestam
1397 2442 1682 2497 oculorum
1706 2441 1800 2496 via

189 2519 407 2573 sionem
426 2517 788 2581 describitur,
832 2525 1102 2588 quatenus
1130 2524 1428 2588 utcumque
1455 2517 1638 2590 typice
1667 2518 1795 2587 quis

189 2593 393 2649 videns
408 2634 421 2656 ,
463 2593 563 2665 qui
590 2592 784 2656 discit,
826 2599 1006 2662 potest
1031 2592 1337 2646 secundum
1357 2593 1670 2665 symbolum
1693 2591 1795 2646 ali-

189 2685 363 2741 quam
390 2666 621 2722 formam
652 2665 987 2738 adaptando,
1031 2666 1238 2722 directe
1265 2675 1318 2722 et
1339 2670 1584 2740 apposite
1607 2684 1795 2723 eorum

190 2745 463 2799 rationem
483 2743 773 2814 attingere.
1126 2813 1128 2815 ‚

262 2817 309 2869 P
323 2833 365 2869 ιι
378 2832 398 2868 1
409 2832 445 2867 ι,
461 2832 495 2868 o
532 2816 653 2868 Vn.
1343 2817 1384 2868 z
