2125 3084
198 206 419 277 [11,489.]
564 211 644 256 ΙΝ
682 208 1023 256 ΕΧΟΒΠΜ.
1063 211 1316 257 smum
1353 214 1415 258 11.
1681 181 1780 260 33’5

198 331 341 376 rum,
384 313 483 385 qui
504 312 943 366 communionem
963 327 1094 382 prae
1115 328 1174 366 se
1196 311 1376 366 ferunt
1395 329 1523 367 cum
1543 311 1782 368 dualita-

196 401 266 446 te
314 387 421 454 Qui
439 403 571 442 vero
591 388 651 441 in
671 387 899 441 unitatis
918 395 1168 440 naturam
1185 386 1512 452 inhaeserit,
1535 389 1594 442 in
1615 387 1781 444 deum

198 465 397 520 dicitur
442 463 915 534 appropinquasse
954 463 1240 534 cognativa
1268 461 1506 549 quadam
1543 461 1784 518 familia-

199 543 379 607 ritate3
442 537 724 592 derelictis
759 538 909 591 enim
936 537 1261 591 mortalibus
1300 538 1578 592 universis
1616 553 1785 610 gene-

196 615 376 678 ribus,
426 619 819 668 transmutatur
850 607 924 686 [³¹²]
958 613 1017 667 in
1046 612 1329 676 divinum,
1370 613 1448 666 ita
1475 620 1537 667 ut
1565 611 1658 667 fiat
1683 612 1784 668 deo

96 761 100 764 ⁴
196 697 453 762 cognatus
476 704 713 760 vereque
734 685 981 742 divinuS.

204 811 410 876 Quare,
416 811 599 875 ‚Mane
628 828 825 877 ειη-96ης
846 809 1015 862 Moses
1049 809 1160 859 aed
1147 810 1277 872 ficat
1310 810 1464 861 altare
1496 813 1582 862 sub
1615 823 1780 875 monte,

326 889 372 928 et
423 880 667 930 duodecim
718 879 901 944 lapides
950 879 1000 928 in
1053 877 1298 952 duodecim
1358 880 1506 929 tribus
1553 879 1788 929 Ιεναεί449

329 953 436 1011 (24,
457 948 533 1011 ⁴·)

304 1035 385 1086 30.
437 1029 589 1087 Aut
572 1048 761 1103 ipsum
789 1029 958 1086 altare
984 1047 1054 1085 ex
1083 1030 1376 1088 duodecim
1397 1031 1678 1102 lapidibus
1697 1049 1788 1086 so-

194 1109 267 1165 lis
288 1105 634 1162 aedificatum
652 1105 784 1169 fuit,
806 1112 868 1160 ut
885 1107 1178 1160 universae
1197 1107 1378 1178 gentis
1398 1123 1586 1162 omnes
1607 1106 1785 1162 tribus

192 1181 594 1254 quodammodo
621 1181 812 1236 fierent
839 1198 930 1235 ara
963 1180 1055 1236 dei
1085 1199 1263 1250 sacra3
1321 1189 1414 1236 aut
1451 1188 1666 1253 praeter
1706 1181 1788 1236 al-

192 1267 310 1312 tare
347 1273 591 1310 seorsum
630 1256 924 1310 duodecim
964 1255 1180 1328 lapides
1219 1257 1385 1311 erecti
1427 1256 1666 1312 fuerant:
1726 1265 1788 1311 ut

192 1333 403 1420 quippe
443 1333 545 1386 etsi
584 1332 911 1386 desisterent
938 1331 1192 1386 nonnulli
1220 1331 1290 1387 de
1315 1332 1635 1403 quotidiano
1663 1321 1787 1386 offi-

192 1409 309 1470 cio,
354 1402 563 1461 ibidem
592 1423 712 1462 esse
741 1403 1090 1494 putarentur,
1131 1407 1435 1462 absentiam
1475 1408 1785 1480 aliquorum

190 1482 484 1554 supplente
532 1482 800 1537 constanti
844 1482 1118 1537 erectione
1165 1482 1456 1539 duodecim
1513 1483 1781 1556 lapidum,

188 1575 329 1629 quos
350 1558 581 1630 contigit
597 1564 1010 1613 monumentum
1030 1557 1150 1612 fieri
1168 1558 1412 1614 tribuum
1427 1600 1440 1624 ,
1482 1576 1620 1631 quas
1639 1577 1787 1615 sem-

186 1649 289 1704 per
308 1632 431 1690 vult
450 1633 767 1687 assistentes
787 1632 929 1704 patri
950 1632 1228 1688 ministros
1251 1649 1390 1689 esse.

240 1771 402 1832 Quare
438 1771 777 1836 adolescentes,
816 1789 911 1824 non
942 1790 1054 1825 vero
1089 1775 1296 1823 seniores
1330 1773 1498 1822 mittit?
1533 1775 1640 1834 (24,
1669 1775 1743 1833 5.)

306 1878 393 1928 34.
444 1872 713 1940 Quoniam
740 1891 899 1931 senes
930 1891 1220 1930 numerum
1249 1874 1430 1946 gentis
1467 1875 1787 1946 septuagin-

183 1949 311 2022 ta*)
340 1965 473 2020 prae
502 1966 562 2002 se
592 1947 823 2005 ferentes
852 1949 1170 2010 obtulerunt
1203 1948 1274 2002 ad
1311 1946 1526 2002 radices
1561 1949 1781 2012 montis,

182 2023 379 2082 officio
417 2022 665 2080 adhibito
706 2025 765 2080 in
804 2025 1124 2080 ascensione
1159 2022 1481 2096 prophetae,
1525 2023 1786 2080 inconve-

182 2101 353 2156 niens
386 2107 501 2155 erat
530 2101 664 2156 istos
693 2101 893 2156 iterum
919 2102 980 2155 in
1009 2099 1163 2155 aliud
1189 2115 1330 2171 opus
1347 2113 1543 2152 vocare
1561 2098 1785 2153 iamiam

180 2183 412 2233 vocatos
450 2184 605 2230 antea
644 2177 703 2230 in
740 2177 1041 2242 visionem3
1121 2181 1215 2230 aut
1253 2173 1556 2229 coaetaneis
1597 2189 1784 2228 eorum

180 2251 385 2306 iubere
406 2250 739 2306 sacrificium
756 2249 949 2307 offerre
962 2293 975 2316 ‚
1004 2267 1105 2322 pro
1124 2250 1226 2306 vili
1243 2249 1534 2304 haberetur
1554 2249 1636 2316 eis
1650 2289 1662 2312 ‚
1685 2250 1783 2319 qui

180 2343 299 2382 non
328 2343 455 2381 cum
486 2327 603 2382 illis
632 2325 904 2382 offerrent.
984 2325 1238 2381 Secundo
1262 2326 1402 2397 quia=
1415 2323 1618 2378 seniles
1631 2331 1784 2378 aeta—

178 2410 269 2456 tes
300 2402 580 2472 primitiae
609 2401 881 2473 quaedam
912 2401 1063 2456 fuere
1079 2441 1092 2466 ‚
1135 2403 1474 2456 incruentam
1493 2397 1784 2470 perficien-

178 2485 269 2531 tes
293 2475 726 2532 immolationem
740 2518 753 2542 ,
785 2493 927 2548 quae
947 2477 1124 2549 magis
1146 2485 1228 2531 est
1247 2475 1536 2531 familiaris
1555 2473 1781 2528 senibus

180 2558 367 2606 aetate
386 2553 682 2623 provectis.
750 2551 858 2618 Qui
879 2568 1009 2606 vero
1028 2553 1100 2606 e'x
1117 2551 1302 2606 adulta
1321 2551 1606 2605 iuventute
1623 2550 1780 2604 missi

178 2634 323 2680 sunt
362 2625 733 2682 adolescentes
773 2626 843 2682 ad
878 2625 1210 2682 sacrificium
1248 2623 1582 2681 offerendum
1595 2666 1608 2690 ,
1651 2625 1781 2697 quia

289 2767 337 2814 ³³)
364 2768 455 2806 slve
482 2769 543 2815 72,
570 2768 685 2816 quod
710 2767 929 2808 constituit
954 2767 978 2807 6
994 2775 1044 2814 ><
1061 2767 1110 2806 12
1135 2770 1210 2807 aut
1235 2769 1282 2807 12
1300 2775 1347 2811 ><
1364 2767 1402 2806 6.

255 2816 303 2868 Ρ
318 2833 360 2868 n
376 2833 489 2868 1120
527 2818 649 2870 Vll.
1323 2818 1372 2866 Y
