2125 3084
154 206 227 271 [1‚
252 202 369 268 isa]
572 206 707 250 Lm.
744 204 843 250 nn
880 203 1361 250 ANIHALOEUS.
1665 200 1758 255 ⁴25

160 310 278 364 alto
299 310 409 362 situ
432 303 1228 374 ambulantem‚tripudientem
1255 312 1308 358 et
1325 321 1424 374 per
1442 321 1618 359 armos
1640 306 1758 377 (pe-

160 384 268 438 des
300 380 613 453 anteriores)
643 378 885 451 globulis
924 377 1230 443 ludentem3
1279 378 1426 447 quod
1463 380 1758 435 mirificum

160 460 355 513 visum
374 465 483 520 est,
520 472 697 527 quum
716 468 916 507 manus
930 470 1039 507 non
1062 452 1260 507 habeat
1279 451 1348 507 ad
1369 452 1758 523 prehendenda

161 550 231 588 ea
247 574 259 597 ,
286 546 427 603 quae
444 534 643 586 iactata
662 536 809 583 sunt.
860 528 1001 581 Ecce
1022 529 1154 583 etin
1176 526 1444 581 circulum
1464 528 1758 597 quemdam

164 607 471 663 ascendens
508 606 607 660 diu
646 618 841 677 magna
878 602 1132 675 prodigia
1169 618 1234 656 ac
1271 600 1536 657 miracula
1575 604 1758 673 potius

164 682 510 738 monstravit.
587 678 855 747 Quoniam
884 677 1108 732 clausus
1127 676 1358 748 sphaera
1375 685 1626 740 externa,
1671 678 1758 733 in·-

162 769 257 814 tus
279 758 337 811 in
430 757 518 811 cio
538 764 645 810 tota
664 753 897 825 sphaera
914 753 1118 825 agitata
1137 751 1456 807 movebatur
1474 752 1760 807 continen-

162 842 277 895 ter,
318 842 371 887 et
422 848 548 886 aces-
572 832 633 885 in
658 828 897 901 singulis
919 826 1282 883 foraminibus
1301 827 1760 881 connectebantur

164 908 427 979 sparsim.
502 906 626 976 Ipse
646 920 775 959 vero
792 903 936 957 intra
952 902 1264 957 machinam
1283 902 1442 972 quasi
1464 910 1710 973 captatus
1728 918 1758 955 a

160 981 405 1036 flammis
424 980 601 1035 stabat
618 980 677 1033 in
694 976 901 1033 medio.
978 976 1180 1032 Callias
1190 976 1243 1048 *)
1275 984 1454 1032 autem
1475 975 1760 1047 praeside·-

162 1058 292 1117 bat,
334 1063 387 1109 et
414 1055 512 1111 ille
538 1056 659 1109 viso
696 1052 903 1107 circulo
941 1051 1262 1107 versabatur
1301 1051 1755 1125 circumquaque.

162 1130 395 1185 Adhaec
414 1129 670 1183 animalia
690 1129 800 1181 iam
824 1135 1013 1198 parata
1041 1136 1194 1182 erant
1223 1126 1292 1181 ad
1319 1126 1752 1188 ostentationem,

164 1220 406 1276 quorum
434 1215 607 1257 unum
634 1218 725 1257 ore
756 1201 901 1256 faces
938 1203 1182 1257 evellens
1211 1201 1406 1257 eduxit
1437 1209 1492 1256 et
1521 1201 1590 1256 ad
1619 1200 1758 1255 dex-

164 1289 309 1335 tram
338 1294 531 1333 versus
562 1277 763 1333 collum
789 1276 1017 1332 detorsit
1054 1286 1108 1331 et
1145 1276 1407 1340 elevavit,
1449 1284 1512 1331 ut
1543 1275 1758 1331 offerret

166 1354 397 1410 Calliae.
470 1353 571 1407 Ille
610 1368 741 1407 vero
775 1351 1023 1425 (haedus)
1065 1349 1138 1426 [*]
1181 1352 1440 1407 cornibus
1477 1360 1756 1423 tamquam

166 1429 427 1483 manibus
446 1426 608 1484 facile
628 1428 786 1499 quasi
806 1428 1096 1497 recipiens,
1129 1435 1182 1481 at
1201 1444 1366 1482 manu
1384 1426 1751 1499 prehendens,

164 1504 614 1559 circumducebat
632 1518 871 1567 sursum,
893 1503 1037 1557 sicut
1054 1504 1214 1574 pueri
1235 1502 1514 1575 lampadas
1535 1510 1756 1576 gestan·-

164 1589 278 1643 teS,
321 1580 493 1634 nimia
519 1578 875 1635 ostentatione
904 1576 1071 1645 facta3
1115 1578 1257 1633 circa
1282 1595 1431 1633 oram
1452 1578 1755 1633 forinsecus

165 1671 369 1709 cavens
384 1694 397 1718 ,
428 1671 497 1709 ne
515 1652 733 1709 flamma
752 1654 1009 1721 cuiquam
1033 1661 1248 1707 noceret
1267 1668 1453 1709 eorum
1468 1694 1480 1717 ,
1519 1655 1617 1724 qui
1646 1655 1754 1707 cir-

166 1736 503 1782 cumstantes
520 1726 859 1809 spectabant.
936 1726 1137 1779 Mirum
1165 1734 1344 1781 autem
1374 1727 1511 1782 mihi
1541 1736 1594 1782 et
1614 1726 1756 1781 illud

168 1802 319 1857 factu
338 1803 521 1857 visum
540 1809 623 1855 est
636 1840 649 1863 ,
692 1798 841 1869 quod
856 1838 869 1861 ,
916 1815 1089 1868 quum
1109 1799 1244 1853 haec
1265 1808 1473 1871 ageret,
1516 1800 1682 1854 simul
1703 1810 1758 1853 et

166 1880 231 1932 in
252 1874 373 1929 ludi
392 1875 716 1945 magistrum
735 1871 923 1927 oculos
948 1870 1170 1935 fixerat,
1211 1874 1447 1936 veritus,
1485 1882 1646 1943 puto,
1687 1892 1756 1927 ne

170 1949 311 2022 quid
336 1949 707 2019 delinquen-en
750 1955 913 2017 atque
944 1945 1112 1999 simul
1139 1954 1465 2016 spectatores
1494 1948 1759 2017 respicie-

169 2028 291 2088 bat,
344 2041 413 2082 an
460 2022 822 2079 exsultatione
870 2018 1213 2075 afficerentur
1258 2020 1344 2073 vel
1386 2020 1610 2075 moleste
1648 2021 1756 2075 fer-

171 2107 319 2163 rent,
344 2098 793 2171 investigaturus.
872 2096 1163 2164 Postquam
1185 2102 1364 2147 autem
1385 2096 1756 2165 spectaculum

170 2172 428 2247 perfecit,
452 2175 644 2228 timore
666 2170 975 2232 absolutuS,
998 2169 1142 2222 sicut
1163 2168 1392 2222 bellator
1414 2168 1638 2224 victoria
1657 2187 1757 2241 po—

170 2252 305 2305 titus
326 2246 653 2304 iactabunde
673 2246 1033 2319 gloriabatur:
1092 2242 1239 2313 quod
1267 2242 1616 2298 manifestum
1645 2252 1757 2298 erat
1793 2266 1800 2273 ·

173 2342 243 2380 ex
262 2325 407 2379 saltu
426 2333 481 2379 et
496 2324 751 2379 continua
774 2320 1066 2394 agitatione
1092 2318 1377 2389 oculisque
1406 2318 1664 2373 laetitiam
1696 2336 1757 2371 ac

173 2400 503 2456 hilaritatem
542 2407 819 2469 tamquam
868 2396 1013 2450 risus
1052 2411 1181 2466 prae
1219 2410 1278 2447 se
1313 2392 1639 2460 ferentibus3
1706 2402 1758 2447 et

174 2484 386 2547 praeter
415 2477 519 2529 ista
550 2473 855 2529 communis
886 2468 1263 2527 exsultationis
1294 2468 1499 2523 indicia
1529 2467 1756 2523 caudam

273 2646 317 2695 ⁴⁸)
359 2646 455 2686 Vox
478 2648 575 2696 ipsa
598 2647 761 2687 Graeca
784 2646 954 2685 videtur
989 2647 1160 2684 servata
1199 2644 1254 2683 ab
1289 2645 1538 2693 interprete3
1584 2645 1636 2682 de
1673 2654 1757 2692 qna

177 2699 354 2737 studiosi
378 2698 559 2738 lectores
590 2698 895 2737 diiudicabunt.
927 2692 1098 2734 κάλλαια
1121 2695 1190 2733 vel
1215 2692 1356 2741 κάλλος
1379 2699 1546 2744 praeter
1574 2696 1656 2735 alin
1691 2698 1756 2733 est

178 2751 300 2789 etiam
330 2750 463 2790 barba
491 2760 566 2791 seu
596 2751 783 2799 palearia
812 2749 911 2798 gam
940 2747 1176 2797 gallinacei.
1229 2746 1374 2787 Auch
1721 2770 1738 2788 s
