2125 3084
181 219 281 284 [IL
308 213 428 280 472]
576 219 660 265 IN
696 219 1032 265 Exontm.
1073 221 1328 266 SERMO
1365 223 1429 267 11.
1697 217 1792 270 324

184 337 370 394 gnum
410 327 495 374 est
532 319 742 374 malum
757 360 769 383 ‚
831 319 931 373 vix
968 321 1313 374 memoravit.
1391 321 1632 377 Malitiae
1667 341 1800 380 vero

185 395 589 450 detrimentum
610 408 843 447 noscens
856 431 871 457 ,
912 409 983 446 ex
1004 393 1144 464 ipsis
1163 393 1450 449 radicibus
1472 395 1801 454 fundamen·-

181 472 357 540 toque
378 476 546 522 totam
564 468 737 521 vitam
758 476 1005 522 evertere
1025 466 1220 532 solere,
1248 478 1566 539 praemonet
1585 470 1795 537 dicens,

184 543 404 598 nemini
426 541 545 595 fieri
567 541 817 596 doctores
838 542 1194 611 insipientiae
1213 542 1302 596 vel
1327 542 1582 598 libidinis
1600 545 1690 599 vel
1709 547 1800 601 in·-

184 618 437 672 iustitiae
458 616 548 670 vel
571 616 813 670 alicuius
832 616 1037 670 similis
1054 622 1112 670 et
1129 615 1454 672 maledictae
1473 618 1794 684 voluntatis,

182 691 495 761 sedpotius
522 689 845 744 huiusmodi
866 707 1053 744 rerum
1075 689 1238 745 sedes
1259 691 1570 756 destruere.
1615 695 1800 748 consi-

185 766 253 822 lii
280 782 408 819 vero
428 765 734 835 sapientiae
748 805 761 828 ,
792 765 1039 820 iustitiae
1057 773 1507 837 caeterarumque
1528 767 1798 823 virtutum

184 839 407 894 scholas
426 839 765 894 unanimiter
784 847 1102 894 construere
1121 838 1191 893 ad
1211 839 1466 896 meliores
1487 839 1797 898 reddendos

184 917 423 968 iuvenes
438 954 451 976 ,
480 920 543 967 ut
562 912 787 968 illorum
806 912 1024 968 indoles
1044 922 1337 984 antequam
1359 914 1604 970 indurati
1622 913 1801 971 obsti-

184 987 417 1057 natique
450 985 685 1052 fuerint‚
722 988 943 1060 possint
966 985 1136 1043 facile
1164 989 1414 1060 accipere
1443 987 1713 1045 bonorum
1731 989 1802 1044 fi-

182 1079 357 1135 guras
382 1060 707 1118 efformatae.

348 1207 444 1260 Cur
474 1210 619 1260 dicit.-
671 1207 854 1273 „Deos
888 1225 945 1258 ne
984 1207 1353 1274 blaspheme-rw
1405 1209 1511 1274 (22,
1535 1211 1644 1272 27.)

304 1313 357 1365 5.
398 1313 696 1382 Hucusque
726 1325 857 1384 ergo
884 1311 1294 1365 calumnientur
1321 1310 1572 1366 divinam
1593 1312 1792 1383 legem,

184 1385 353 1456 quasi
390 1401 521 1441 vero
558 1386 792 1440 aliorum
831 1384 1288 1440 consuetudinem
1326 1385 1608 1440 destruat?
1654 1387 1797 1442 Ecce

187 1460 343 1531 enim
370 1475 479 1513 non
506 1461 688 1515 solum
720 1459 1138 1514 affirmationem
1174 1467 1414 1531 praestat
1443 1460 1796 1516 heterodoxis

184 1551 290 1606 pro
318 1534 657 1590 admissione
684 1543 739 1590 et
768 1535 973 1592 honore
1006 1549 1225 1598 eorum,
1275 1551 1417 1606 quos
1453 1553 1483 1590 a
1517 1537 1796 1608 principio

184 1609 582 1664 existimarunt
601 1607 733 1664 deos
752 1625 875 1663 esse
890 1650 902 1673 ‚
932 1623 1129 1664 verum
1151 1610 1316 1668 etiam
1337 1609 1644 1680 discipulos
1665 1627 1796 1666 suos

185 1685 428 1747 coercet,
472 1699 582 1737 non
610 1685 933 1754 permittens
963 1683 1140 1738 libera
1170 1683 1362 1756 lingua
1381 1686 1464 1738 eis
1485 1683 1792 1746 detrahere,

88 1835 95 1842 ι
186 1758 397 1812 melius
416 1765 571 1811 ratus
588 1757 762 1812 bonae
785 1757 960 1813 famae
980 1755 1223 1812 laudem.
1293 1756 1577 1819 Secundo,
1607 1758 1704 1826 qui
1727 1757 1798 1810 ad

184 1832 399 1904 patrios
429 1832 787 1902 propriosque
818 1831 951 1887 deos
980 1833 1292 1894 insaniunt,
1343 1829 1482 1884 falso
1507 1829 1662 1882 fictos
1697 1845 1797 1900 pro

187 1904 485 1961 infallibili
507 1906 735 1960 veritate
753 1914 1071 1977 reputantes
1081 1911 1304 1974 propter
1316 1902 1792 1966 consuetudinem,

186 1999 219 2035 a
252 1995 363 2051 qua
394 1980 560 2034 etiam
592 1987 779 2034 acutae
806 1989 1019 2034 mentes
1044 1977 1435 2039 obcaecantur,
1479 1991 1572 2030 eos
1601 1992 1796 2030 versus

186 2055 289 2126 qui
336 2071 445 2108 non
490 2052 631 2108 laeto
666 2056 850 2109 animo
894 2053 1193 2107 admittunt
1229 2066 1416 2105 eorum
1455 2050 1791 2121 opinionem,

186 2128 607 2199 implacabilem
645 2129 1004 2183 hostilitatem
1040 2127 1248 2181 colunt.
1333 2125 1458 2178 Hoc
1493 2131 1675 2178 autem
1715 2133 1798 2178 est

188 2204 531 2275 principium
568 2211 625 2258 et
651 2205 808 2275 origo
842 2200 1144 2258 bellorum:
1199 2197 1273 2274 [³¹⁶]
1315 2198 1476 2254 nobis
1516 2206 1698 2253 autem
1736 2207 1800 2252 ut

186 2277 628 2349 pulcherrimam
671 2278 1082 2348 possessionem
1123 2275 1411 2330 nunciavit
1457 2271 1549 2326 lex
1593 2271 1798 2327 fontem

187 2353 366 2423 paci&
448 2353 657 2417 Tertio,
696 2352 798 2422 qui
828 2349 1140 2413 maledicit,
1183 2350 1243 2403 in
1269 2347 1552 2402 similibus
1571 2362 1797 2400 necesse

186 2425 359 2481 habet
402 2428 810 2482 accusationem
858 2425 1107 2495 recipere
1157 2423 1506 2478 contrariam.
1607 2421 1798 2490 Itaque

187 2499 399 2571 quibus
429 2501 563 2554 insit
588 2501 873 2555 mentibus
904 2514 1035 2553 cura
1065 2497 1378 2570 dignitatis,
1423 2497 1704 2550 cocrceant
1735 2511 1797 2548 ee

186 2575 343 2644 ipsos
362 2573 434 2628 de
452 2574 792 2630 detractione
812 2573 1047 2628 aliorum
1065 2571 1295 2626 deorum
1311 2611 1323 2633 ,
1354 2578 1540 2640 utpote
1561 2569 1679 2622 veri
1699 2585 1800 2623 en-

186 2649 261 2702 tis
284 2650 465 2702 virtus
486 2665 518 2702 a
538 2650 755 2704 cunctis
775 2648 969 2702 oribus
988 2646 1154 2700 laude
1171 2645 1504 2700 celebretur:
1545 2645 1630 2698 eic
1649 2645 1800 2698 enim

188 2731 452 2845 pultJemur
472 2723 822 2848 noxlssffmfioe'
858 2720 961 2777 sed
978 2719 1166 2776 dicere
1179 2761 1193 2783 ,
1226 2725 1410 2842 nostia
1428 2735 1557 2774 sane
1577 2735 1710 2776 voce
1729 2717 1800 2772 ab

320 2809 361 2846 n
374 2811 393 2846 1
406 2811 439 2845 ι.
455 2811 488 2846 o
630 2832 644 2845 .

1508 2876 1538 2892 Q
