<?xml version="1.0" encoding="UTF-8"?>
<!DOCTYPE html PUBLIC "-//W3C//DTD XHTML 1.0 Transitional//EN"
    "http://www.w3.org/TR/xhtml1/DTD/xhtml1-transitional.dtd">
<html xmlns="http://www.w3.org/1999/xhtml" xml:lang="en" lang="en">
 <head>
  <title>
</title>
<meta http-equiv="Content-Type" content="text/html;charset=utf-8" />
  <meta name='ocr-system' content='tesseract 3.04.00' />
  <meta name='ocr-capabilities' content='ocr_page ocr_carea ocr_par ocr_line ocrx_word'/>
</head>
<body>
  <div class='ocr_page' id='page_1' title='image "./philonisiudaeio00alejgoog_0553.png"; bbox 0 0 2125 3084; ppageno 0'>
   <div class='ocr_carea' id='block_1_1' title="bbox 346 31 2055 414">
    <p class='ocr_par' dir='ltr' id='par_1_1' title="bbox 346 31 2055 414">
     <span class='ocr_line' id='line_1_1' title="bbox 2053 31 2055 88; baseline 0 0"><span class='ocrx_word' id='word_1_1' title='bbox 2053 31 2055 88; x_wconf 63' lang='lat'><em>1</em></span> 
     </span>
     <span class='ocr_line' id='line_1_2' title="bbox 346 157 1968 228; baseline -0.001 -15"><span class='ocrx_word' id='word_1_2' title='bbox 346 161 411 214; x_wconf 81' lang='lat'><strong>80</strong></span> <span class='ocrx_word' id='word_1_3' title='bbox 796 165 1172 212; x_wconf 76' lang='lat' dir='ltr'><strong>PHILoms</strong></span> <span class='ocrx_word' id='word_1_4' title='bbox 1215 165 1490 212; x_wconf 68' lang='lat' dir='ltr'><strong>mnam</strong></span> <span class='ocrx_word' id='word_1_5' title='bbox 1685 157 1754 225; x_wconf 90' lang='lat'><strong>[1‚</strong></span> <span class='ocrx_word' id='word_1_6' title='bbox 1775 167 1850 210; x_wconf 74' lang='grc' dir='ltr'><strong>ει.</strong></span> <span class='ocrx_word' id='word_1_7' title='bbox 1873 163 1968 228; x_wconf 75' lang='lat'><strong>82]</strong></span> 
     </span>
     <span class='ocr_line' id='line_1_3' title="bbox 346 264 1962 338; baseline 0 -17"><span class='ocrx_word' id='word_1_8' title='bbox 346 267 633 338; x_wconf 76' lang='lat' dir='ltr'><strong>bilemque</strong></span> <span class='ocrx_word' id='word_1_9' title='bbox 648 265 895 321; x_wconf 73' lang='lat' dir='ltr'><strong>admittit</strong></span> <span class='ocrx_word' id='word_1_10' title='bbox 904 274 965 320; x_wconf 76' lang='lat' dir='ltr'><strong>et</strong></span> <span class='ocrx_word' id='word_1_11' title='bbox 980 275 1272 321; x_wconf 71' lang='lat' dir='ltr'><strong>conservat</strong></span> <span class='ocrx_word' id='word_1_12' title='bbox 1283 307 1296 330; x_wconf 89' lang='lat'><strong>,</strong></span> <span class='ocrx_word' id='word_1_13' title='bbox 1341 281 1532 320; x_wconf 74' lang='lat' dir='ltr'><strong>eur-an</strong></span> <span class='ocrx_word' id='word_1_14' title='bbox 1547 264 1838 321; x_wconf 71' lang='lat' dir='ltr'><strong>adhibe·</strong></span> <span class='ocrx_word' id='word_1_15' title='bbox 1855 267 1962 321; x_wconf 72' lang='lat' dir='ltr'><strong>eiS.</strong></span> 
     </span>
     <span class='ocr_line' id='line_1_4' title="bbox 346 342 813 414; baseline -0.009 -16"><span class='ocrx_word' id='word_1_16' title='bbox 346 343 491 398; x_wconf 83' lang='lat' dir='ltr'><strong>Haec</strong></span> <span class='ocrx_word' id='word_1_17' title='bbox 508 357 639 414; x_wconf 84' lang='lat' dir='ltr'><strong>ergo</strong></span> <span class='ocrx_word' id='word_1_18' title='bbox 658 342 813 396; x_wconf 81' lang='lat' dir='ltr'><strong>satis.</strong></span> 
     </span>
    </p>
   </div>
   <div class='ocr_carea' id='block_1_2' title="bbox 342 447 2055 1650">
    <p class='ocr_par' dir='ltr' id='par_1_2' title="bbox 342 447 2055 1634">
     <span class='ocr_line' id='line_1_5' title="bbox 458 447 2055 522; baseline -0.001 -17"><span class='ocrx_word' id='word_1_19' title='bbox 458 453 545 506; x_wconf 84' lang='lat'><strong>50.</strong></span> <span class='ocrx_word' id='word_1_20' title='bbox 595 451 669 505; x_wconf 89' lang='lat' dir='ltr'><strong>De</strong></span> <span class='ocrx_word' id='word_1_21' title='bbox 707 447 1011 522; x_wconf 76' lang='lat' dir='ltr'><strong>quantitate</strong></span> <span class='ocrx_word' id='word_1_22' title='bbox 1022 447 1078 522; x_wconf 78' lang='lat'><strong>⁴¹²)</strong></span> <span class='ocrx_word' id='word_1_23' title='bbox 1113 457 1296 504; x_wconf 86' lang='lat' dir='ltr'><strong>autem</strong></span> <span class='ocrx_word' id='word_1_24' title='bbox 1331 449 1594 502; x_wconf 85' lang='lat' dir='ltr'><strong>materiae</strong></span> <span class='ocrx_word' id='word_1_25' title='bbox 1634 449 1964 520; x_wconf 78' lang='lat' dir='ltr'>specialiter</span> <span class='ocrx_word' id='word_1_26' title='bbox 2054 515 2055 522; x_wconf 8' lang='grc' dir='ltr'>ἵ</span> 
     </span>
     <span class='ocr_line' id='line_1_6' title="bbox 347 521 2055 596; baseline -0.002 -13"><span class='ocrx_word' id='word_1_27' title='bbox 347 526 521 583; x_wconf 82' lang='lat' dir='ltr'><strong>factae</strong></span> <span class='ocrx_word' id='word_1_28' title='bbox 550 524 610 582; x_wconf 91' lang='lat' dir='ltr'><strong>id</strong></span> <span class='ocrx_word' id='word_1_29' title='bbox 639 525 885 596; x_wconf 82' lang='lat' dir='ltr'><strong>profecto</strong></span> <span class='ocrx_word' id='word_1_30' title='bbox 914 523 1214 579; x_wconf 83' lang='lat' dir='ltr'><strong>dicendum</strong></span> <span class='ocrx_word' id='word_1_31' title='bbox 1233 532 1336 577; x_wconf 87' lang='lat' dir='ltr'><strong>est.</strong></span> <span class='ocrx_word' id='word_1_32' title='bbox 1413 521 1701 595; x_wconf 82' lang='lat' dir='ltr'><strong>Expendit</strong></span> <span class='ocrx_word' id='word_1_33' title='bbox 1723 523 1872 580; x_wconf 90' lang='lat' dir='ltr'><strong>deus</strong></span> <span class='ocrx_word' id='word_1_34' title='bbox 1893 525 1960 579; x_wconf 90' lang='lat' dir='ltr'><strong>ad</strong></span> <span class='ocrx_word' id='word_1_35' title='bbox 2054 585 2055 590; x_wconf 7' lang='grc' dir='ltr'>ἵ</span> 
     </span>
     <span class='ocr_line' id='line_1_7' title="bbox 346 597 1960 663; baseline -0.001 -7"><span class='ocrx_word' id='word_1_36' title='bbox 346 599 542 657; x_wconf 89' lang='lat' dir='ltr'><strong>mundi</strong></span> <span class='ocrx_word' id='word_1_37' title='bbox 569 598 835 655; x_wconf 75' lang='lat' dir='ltr'><strong>facturam</strong></span> <span class='ocrx_word' id='word_1_38' title='bbox 852 600 1136 654; x_wconf 83' lang='lat' dir='ltr'><strong>materiam</strong></span> <span class='ocrx_word' id='word_1_39' title='bbox 1157 597 1553 663; x_wconf 86' lang='lat' dir='ltr'><strong>sufficientem,</strong></span> <span class='ocrx_word' id='word_1_40' title='bbox 1594 598 1749 653; x_wconf 88' lang='lat' dir='ltr'><strong>nihil</strong></span> <span class='ocrx_word' id='word_1_41' title='bbox 1779 609 1846 654; x_wconf 90' lang='lat' dir='ltr'><strong>ut</strong></span> <span class='ocrx_word' id='word_1_42' title='bbox 1866 599 1960 655; x_wconf 80' lang='lat' dir='ltr'><strong>de·-</strong></span> 
     </span>
     <span class='ocr_line' id='line_1_8' title="bbox 346 671 2055 805; baseline -0.002 -73"><span class='ocrx_word' id='word_1_43' title='bbox 346 685 490 732; x_wconf 86' lang='lat' dir='ltr'><strong>esset</strong></span> <span class='ocrx_word' id='word_1_44' title='bbox 514 671 588 805; x_wconf 56' lang='lat' dir='ltr'><strong>g]</strong></span> <span class='ocrx_word' id='word_1_45' title='bbox 612 692 793 746; x_wconf 85' lang='lat' dir='ltr'><strong>neque</strong></span> <span class='ocrx_word' id='word_1_46' title='bbox 811 673 1211 746; x_wconf 80' lang='lat' dir='ltr'><strong>redundasset(</strong></span> <span class='ocrx_word' id='word_1_47' title='bbox 1213 691 1260 727; x_wconf 89' lang='lat' dir='ltr'><strong>s.</strong></span> <span class='ocrx_word' id='word_1_48' title='bbox 1281 673 1526 745; x_wconf 78' lang='lat' dir='ltr'><strong>amplius</strong></span> <span class='ocrx_word' id='word_1_49' title='bbox 1551 673 1757 746; x_wconf 86' lang='lat' dir='ltr'><strong>esset):</strong></span> <span class='ocrx_word' id='word_1_50' title='bbox 1825 676 1958 730; x_wconf 85' lang='lat' dir='ltr'><strong>alias</strong></span> <span class='ocrx_word' id='word_1_51' title='bbox 2037 679 2055 719; x_wconf 76' lang='grc' dir='ltr'><strong>ι’</strong></span> 
     </span>
     <span class='ocr_line' id='line_1_9' title="bbox 346 748 1957 836; baseline -0.002 -29"><span class='ocrx_word' id='word_1_52' title='bbox 346 753 513 808; x_wconf 85' lang='lat' dir='ltr'><strong>absur</strong></span> <span class='ocrx_word' id='word_1_53' title='bbox 555 767 617 805; x_wconf 89' lang='lat' dir='ltr'><strong>ae</strong></span> <span class='ocrx_word' id='word_1_54' title='bbox 638 751 906 805; x_wconf 82' lang='lat' dir='ltr'><strong>amentiae</strong></span> <span class='ocrx_word' id='word_1_55' title='bbox 925 757 1099 813; x_wconf 81' lang='lat' dir='ltr'><strong>esset,</strong></span> <span class='ocrx_word' id='word_1_56' title='bbox 1133 749 1492 836; x_wconf 75' lang='lat' dir='ltr'><strong>particulares</strong></span> <span class='ocrx_word' id='word_1_57' title='bbox 1514 748 1766 803; x_wconf 84' lang='lat' dir='ltr'><strong>artifices</strong></span> <span class='ocrx_word' id='word_1_58' title='bbox 1787 767 1957 822; x_wconf 88' lang='lat' dir='ltr'><strong>quum</strong></span> 
     </span>
     <span class='ocr_line' id='line_1_10' title="bbox 346 824 1954 913; baseline -0.002 -31"><span class='ocrx_word' id='word_1_59' title='bbox 346 826 563 898; x_wconf 88' lang='lat' dir='ltr'><strong>aliquid</strong></span> <span class='ocrx_word' id='word_1_60' title='bbox 582 825 809 890; x_wconf 76' lang='lat' dir='ltr'><strong>faciant,</strong></span> <span class='ocrx_word' id='word_1_61' title='bbox 839 825 1163 913; x_wconf 85' lang='lat' dir='ltr'><strong>praesertim</strong></span> <span class='ocrx_word' id='word_1_62' title='bbox 1185 839 1254 878; x_wconf 79' lang='lat' dir='ltr'><strong>ex</strong></span> <span class='ocrx_word' id='word_1_63' title='bbox 1275 824 1374 886; x_wconf 88' lang='lat' dir='ltr'><strong>iis,</strong></span> <span class='ocrx_word' id='word_1_64' title='bbox 1397 838 1542 894; x_wconf 83' lang='lat' dir='ltr'><strong>quae</strong></span> <span class='ocrx_word' id='word_1_65' title='bbox 1561 824 1818 878; x_wconf 84' lang='lat' dir='ltr'><strong>multum</strong></span> <span class='ocrx_word' id='word_1_66' title='bbox 1835 841 1954 896; x_wconf 85' lang='lat' dir='ltr'><strong>pre—</strong></span> 
     </span>
     <span class='ocr_line' id='line_1_11' title="bbox 344 897 2052 972; baseline -0.002 -15"><span class='ocrx_word' id='word_1_67' title='bbox 344 903 484 957; x_wconf 84' lang='lat' dir='ltr'><strong>tiosa</strong></span> <span class='ocrx_word' id='word_1_68' title='bbox 502 903 640 966; x_wconf 89' lang='lat' dir='ltr'><strong>sint,</strong></span> <span class='ocrx_word' id='word_1_69' title='bbox 674 902 957 956; x_wconf 88' lang='lat' dir='ltr'><strong>materiam</strong></span> <span class='ocrx_word' id='word_1_70' title='bbox 975 900 1200 954; x_wconf 85' lang='lat' dir='ltr'><strong>omnino</strong></span> <span class='ocrx_word' id='word_1_71' title='bbox 1220 897 1590 953; x_wconf 85' lang='lat' dir='ltr'><strong>sufficientem</strong></span> <span class='ocrx_word' id='word_1_72' title='bbox 1609 901 1945 970; x_wconf 80' lang='lat' dir='ltr'><strong>expendere,</strong></span> <span class='ocrx_word' id='word_1_73' title='bbox 2050 957 2052 972; x_wconf 34' lang='lat' dir='ltr'><strong>j</strong></span> 
     </span>
     <span class='ocr_line' id='line_1_12' title="bbox 344 975 1949 1062; baseline -0.001 -30"><span class='ocrx_word' id='word_1_74' title='bbox 344 977 507 1033; x_wconf 89' lang='lat' dir='ltr'><strong>illum</strong></span> <span class='ocrx_word' id='word_1_75' title='bbox 526 994 684 1040; x_wconf 85' lang='lat' dir='ltr'><strong>ver0,</strong></span> <span class='ocrx_word' id='word_1_76' title='bbox 726 976 825 1048; x_wconf 91' lang='lat' dir='ltr'><strong>qui</strong></span> <span class='ocrx_word' id='word_1_77' title='bbox 853 991 1108 1030; x_wconf 89' lang='lat' dir='ltr'><strong>numeros</strong></span> <span class='ocrx_word' id='word_1_78' title='bbox 1129 981 1183 1028; x_wconf 88' lang='lat' dir='ltr'><strong>et</strong></span> <span class='ocrx_word' id='word_1_79' title='bbox 1201 990 1485 1028; x_wconf 85' lang='lat' dir='ltr'><strong>mensuras</strong></span> <span class='ocrx_word' id='word_1_80' title='bbox 1513 982 1685 1062; x_wconf 84' lang='lat' dir='ltr'><strong>atque</strong></span> <span class='ocrx_word' id='word_1_81' title='bbox 1705 975 1949 1047; x_wconf 90' lang='lat' dir='ltr'><strong>aequali-</strong></span> 
     </span>
     <span class='ocr_line' id='line_1_13' title="bbox 344 1043 2052 1120; baseline -0.001 -13"><span class='ocrx_word' id='word_1_82' title='bbox 344 1061 482 1107; x_wconf 87' lang='lat' dir='ltr'><strong>tates</strong></span> <span class='ocrx_word' id='word_1_83' title='bbox 502 1053 561 1108; x_wconf 90' lang='lat' dir='ltr'><strong>in</strong></span> <span class='ocrx_word' id='word_1_84' title='bbox 579 1051 695 1107; x_wconf 88' lang='lat' dir='ltr'><strong>illis</strong></span> <span class='ocrx_word' id='word_1_85' title='bbox 714 1060 1061 1106; x_wconf 87' lang='lat' dir='ltr'><strong>occurrentes</strong></span> <span class='ocrx_word' id='word_1_86' title='bbox 1080 1050 1294 1120; x_wconf 89' lang='lat' dir='ltr'><strong>primus</strong></span> <span class='ocrx_word' id='word_1_87' title='bbox 1316 1043 1631 1114; x_wconf 82' lang='lat' dir='ltr'><strong>adinvenit,</strong></span> <span class='ocrx_word' id='word_1_88' title='bbox 1678 1050 1833 1105; x_wconf 83' lang='lat' dir='ltr'><strong>nihil</strong></span> <span class='ocrx_word' id='word_1_89' title='bbox 1863 1067 1947 1105; x_wconf 82' lang='lat' dir='ltr'><strong>cu·</strong></span> <span class='ocrx_word' id='word_1_90' title='bbox 2050 1051 2052 1074; x_wconf 75' lang='lat'>⁵</span> 
     </span>
     <span class='ocr_line' id='line_1_14' title="bbox 344 1123 1947 1198; baseline -0.001 -16"><span class='ocrx_word' id='word_1_91' title='bbox 344 1145 496 1182; x_wconf 88' lang='lat' dir='ltr'><strong>rasse</strong></span> <span class='ocrx_word' id='word_1_92' title='bbox 524 1125 594 1181; x_wconf 91' lang='lat' dir='ltr'><strong>de</strong></span> <span class='ocrx_word' id='word_1_93' title='bbox 622 1125 975 1182; x_wconf 80' lang='lat' dir='ltr'><strong>sufficientia.</strong></span> <span class='ocrx_word' id='word_1_94' title='bbox 1058 1125 1250 1180; x_wconf 88' lang='lat' dir='ltr'><strong>Dicam</strong></span> <span class='ocrx_word' id='word_1_95' title='bbox 1276 1133 1458 1179; x_wconf 87' lang='lat' dir='ltr'><strong>autem</strong></span> <span class='ocrx_word' id='word_1_96' title='bbox 1486 1123 1761 1191; x_wconf 83' lang='lat' dir='ltr'><strong>fidenter,</strong></span> <span class='ocrx_word' id='word_1_97' title='bbox 1811 1123 1947 1198; x_wconf 77' lang='lat' dir='ltr'><strong>quod</strong></span> 
     </span>
     <span class='ocr_line' id='line_1_15' title="bbox 344 1199 1944 1273; baseline -0.002 -17"><span class='ocrx_word' id='word_1_98' title='bbox 344 1218 447 1256; x_wconf 87' lang='lat' dir='ltr'><strong>nec</strong></span> <span class='ocrx_word' id='word_1_99' title='bbox 494 1202 724 1272; x_wconf 68' lang='lat' dir='ltr'><strong>miporis</strong></span> <span class='ocrx_word' id='word_1_100' title='bbox 770 1219 872 1256; x_wconf 88' lang='lat' dir='ltr'><strong>nec</strong></span> <span class='ocrx_word' id='word_1_101' title='bbox 918 1200 1204 1273; x_wconf 86' lang='lat' dir='ltr'><strong>amplioris</strong></span> <span class='ocrx_word' id='word_1_102' title='bbox 1241 1200 1499 1254; x_wconf 87' lang='lat' dir='ltr'><strong>materiae</strong></span> <span class='ocrx_word' id='word_1_103' title='bbox 1537 1215 1686 1272; x_wconf 87' lang='lat' dir='ltr'><strong>opus</strong></span> <span class='ocrx_word' id='word_1_104' title='bbox 1729 1211 1856 1257; x_wconf 84' lang='lat' dir='ltr'><strong>erat</strong></span> <span class='ocrx_word' id='word_1_105' title='bbox 1887 1199 1944 1254; x_wconf 86' lang='lat' dir='ltr'><strong>ad</strong></span> 
     </span>
     <span class='ocr_line' id='line_1_16' title="bbox 344 1273 1942 1363; baseline -0.001 -33"><span class='ocrx_word' id='word_1_106' title='bbox 344 1275 541 1330; x_wconf 91' lang='lat' dir='ltr'><strong>mundi</strong></span> <span class='ocrx_word' id='word_1_107' title='bbox 580 1275 1021 1344; x_wconf 87' lang='lat' dir='ltr'><strong>fabricationem;</strong></span> <span class='ocrx_word' id='word_1_108' title='bbox 1086 1274 1333 1362; x_wconf 80' lang='lat' dir='ltr'><strong>alioquin</strong></span> <span class='ocrx_word' id='word_1_109' title='bbox 1367 1273 1577 1330; x_wconf 71' lang='lat' dir='ltr'><strong>tactum</strong></span> <span class='ocrx_word' id='word_1_110' title='bbox 1617 1277 1824 1363; x_wconf 84' lang='lat' dir='ltr'><strong>ipsum</strong></span> <span class='ocrx_word' id='word_1_111' title='bbox 1853 1293 1942 1332; x_wconf 84' lang='lat' dir='ltr'><strong>non</strong></span> 
     </span>
     <span class='ocr_line' id='line_1_17' title="bbox 345 1347 1940 1426; baseline 0.001 -20"><span class='ocrx_word' id='word_1_112' title='bbox 345 1349 541 1406; x_wconf 82' lang='lat' dir='ltr'><strong>fuisset</strong></span> <span class='ocrx_word' id='word_1_113' title='bbox 557 1349 903 1421; x_wconf 52' lang='lat' dir='ltr'><strong>perfectum(</strong></span> <span class='ocrx_word' id='word_1_114' title='bbox 932 1367 1112 1422; x_wconf 88' lang='lat' dir='ltr'><strong>neque</strong></span> <span class='ocrx_word' id='word_1_115' title='bbox 1134 1351 1347 1406; x_wconf 83' lang='lat' dir='ltr'><strong>cunc-tis</strong></span> <span class='ocrx_word' id='word_1_116' title='bbox 1365 1347 1624 1422; x_wconf 89' lang='lat' dir='ltr'><strong>partibus</strong></span> <span class='ocrx_word' id='word_1_117' title='bbox 1644 1351 1940 1426; x_wconf 78' lang='lat' dir='ltr'><strong>integrum,</strong></span> 
     </span>
     <span class='ocr_line' id='line_1_18' title="bbox 342 1423 1942 1513; baseline 0.001 -35"><span class='ocrx_word' id='word_1_118' title='bbox 342 1423 781 1498; x_wconf 86' lang='lat' dir='ltr'><strong>pulcherrimum</strong></span> <span class='ocrx_word' id='word_1_119' title='bbox 800 1442 939 1511; x_wconf 88' lang='lat' dir='ltr'><strong>opus</strong></span> <span class='ocrx_word' id='word_1_120' title='bbox 958 1425 1332 1498; x_wconf 85' lang='lat' dir='ltr'><strong>perficeretur.</strong></span> <span class='ocrx_word' id='word_1_121' title='bbox 1371 1424 1799 1513; x_wconf 84' lang='lat' dir='ltr'><strong>Sapientissimi</strong></span> <span class='ocrx_word' id='word_1_122' title='bbox 1811 1429 1942 1482; x_wconf 86' lang='lat' dir='ltr'><strong>enim</strong></span> 
     </span>
     <span class='ocr_line' id='line_1_19' title="bbox 344 1499 1944 1576; baseline 0.001 -22"><span class='ocrx_word' id='word_1_123' title='bbox 344 1500 506 1556; x_wconf 86' lang='lat' dir='ltr'><strong>estin</strong></span> <span class='ocrx_word' id='word_1_124' title='bbox 529 1507 639 1554; x_wconf 89' lang='lat' dir='ltr'><strong>arte</strong></span> <span class='ocrx_word' id='word_1_125' title='bbox 666 1501 915 1572; x_wconf 89' lang='lat' dir='ltr'><strong>propria,</strong></span> <span class='ocrx_word' id='word_1_126' title='bbox 960 1509 1254 1572; x_wconf 86' lang='lat' dir='ltr'><strong>antequam</strong></span> <span class='ocrx_word' id='word_1_127' title='bbox 1283 1501 1513 1571; x_wconf 84' lang='lat' dir='ltr'><strong>incipiat</strong></span> <span class='ocrx_word' id='word_1_128' title='bbox 1533 1499 1776 1572; x_wconf 88' lang='lat' dir='ltr'><strong>aliquod</strong></span> <span class='ocrx_word' id='word_1_129' title='bbox 1797 1501 1944 1576; x_wconf 88' lang='lat' dir='ltr'><strong>opifi-</strong></span> 
     </span>
     <span class='ocr_line' id='line_1_20' title="bbox 346 1573 1427 1650; baseline 0 -20"><span class='ocrx_word' id='word_1_130' title='bbox 346 1577 521 1640; x_wconf 88' lang='lat' dir='ltr'><strong>cium,</strong></span> <span class='ocrx_word' id='word_1_131' title='bbox 554 1573 923 1634; x_wconf 82' lang='lat' dir='ltr'><strong>sufficientem</strong></span> <span class='ocrx_word' id='word_1_132' title='bbox 943 1592 1104 1634; x_wconf 85' lang='lat' dir='ltr'><strong>nosse</strong></span> <span class='ocrx_word' id='word_1_133' title='bbox 1126 1577 1427 1650; x_wconf 80' lang='lat' dir='ltr'><strong>materiam.</strong></span> 
     </span>
    </p>
   </div>
   <div class='ocr_carea' id='block_1_3' title="bbox 340 1693 1958 2598">
    <p class='ocr_par' dir='ltr' id='par_1_3' title="bbox 340 1693 1958 2598">
     <span class='ocr_line' id='line_1_21' title="bbox 456 1693 1944 1774; baseline -0.001 -18"><span class='ocrx_word' id='word_1_134' title='bbox 456 1704 544 1756; x_wconf 72' lang='lat'><strong>5⁴.</strong></span> <span class='ocrx_word' id='word_1_135' title='bbox 584 1701 787 1757; x_wconf 86' lang='lat' dir='ltr'><strong>Verum</strong></span> <span class='ocrx_word' id='word_1_136' title='bbox 806 1703 952 1756; x_wconf 89' lang='lat' dir='ltr'><strong>enim</strong></span> <span class='ocrx_word' id='word_1_137' title='bbox 976 1715 1106 1757; x_wconf 87' lang='lat' dir='ltr'><strong>vero</strong></span> <span class='ocrx_word' id='word_1_138' title='bbox 1121 1702 1289 1756; x_wconf 84' lang='lat' dir='ltr'><strong>homo</strong></span> <span class='ocrx_word' id='word_1_139' title='bbox 1307 1702 1413 1756; x_wconf 88' lang='lat' dir='ltr'><strong>etsi</strong></span> <span class='ocrx_word' id='word_1_140' title='bbox 1444 1693 1681 1755; x_wconf 75' lang='lat' dir='ltr'><strong>caeteris</strong></span> <span class='ocrx_word' id='word_1_141' title='bbox 1710 1709 1944 1774; x_wconf 81' lang='lat' dir='ltr'><strong>praestet</strong></span> 
     </span>
     <span class='ocr_line' id='line_1_22' title="bbox 345 1777 1945 1866; baseline -0.003 -32"><span class='ocrx_word' id='word_1_142' title='bbox 345 1777 745 1866; x_wconf 84' lang='lat' dir='ltr'><strong>intelligentia</strong></span> <span class='ocrx_word' id='word_1_143' title='bbox 729 1778 1043 1850; x_wconf 81' lang='lat' dir='ltr'><strong>ingeniosa,</strong></span> <span class='ocrx_word' id='word_1_144' title='bbox 1068 1793 1242 1848; x_wconf 87' lang='lat' dir='ltr'><strong>quum</strong></span> <span class='ocrx_word' id='word_1_145' title='bbox 1261 1785 1442 1832; x_wconf 88' lang='lat' dir='ltr'><strong>tamen</strong></span> <span class='ocrx_word' id='word_1_146' title='bbox 1460 1786 1709 1846; x_wconf 87' lang='lat' dir='ltr'><strong>nequeat</strong></span> <span class='ocrx_word' id='word_1_147' title='bbox 1725 1779 1945 1832; x_wconf 87' lang='lat' dir='ltr'><strong>omnino</strong></span> 
     </span>
     <span class='ocr_line' id='line_1_23' title="bbox 344 1850 1946 1926; baseline -0.001 -18"><span class='ocrx_word' id='word_1_148' title='bbox 344 1870 405 1908; x_wconf 86' lang='lat' dir='ltr'><strong>se</strong></span> <span class='ocrx_word' id='word_1_149' title='bbox 432 1854 673 1908; x_wconf 84' lang='lat' dir='ltr'><strong>eximere</strong></span> <span class='ocrx_word' id='word_1_150' title='bbox 693 1861 921 1926; x_wconf 83' lang='lat' dir='ltr'><strong>cognato</strong></span> <span class='ocrx_word' id='word_1_151' title='bbox 941 1853 1268 1908; x_wconf 86' lang='lat' dir='ltr'><strong>mortalibus</strong></span> <span class='ocrx_word' id='word_1_152' title='bbox 1283 1867 1490 1916; x_wconf 86' lang='lat' dir='ltr'><strong>errore,</strong></span> <span class='ocrx_word' id='word_1_153' title='bbox 1523 1850 1828 1908; x_wconf 85' lang='lat' dir='ltr'><strong>deluditur</strong></span> <span class='ocrx_word' id='word_1_154' title='bbox 1847 1853 1946 1908; x_wconf 80' lang='lat' dir='ltr'><strong>for-</strong></span> 
     </span>
     <span class='ocr_line' id='line_1_24' title="bbox 343 1927 1946 2000; baseline 0 -18"><span class='ocrx_word' id='word_1_155' title='bbox 343 1937 489 1983; x_wconf 85' lang='lat' dir='ltr'><strong>tasse</strong></span> <span class='ocrx_word' id='word_1_156' title='bbox 518 1928 663 1984; x_wconf 87' lang='lat' dir='ltr'><strong>circa</strong></span> <span class='ocrx_word' id='word_1_157' title='bbox 691 1929 1048 2000; x_wconf 86' lang='lat' dir='ltr'><strong>quantitatem</strong></span> <span class='ocrx_word' id='word_1_158' title='bbox 1079 1928 1363 1982; x_wconf 87' lang='lat' dir='ltr'><strong>materiae:</strong></span> <span class='ocrx_word' id='word_1_159' title='bbox 1434 1927 1509 1980; x_wconf 87' lang='lat' dir='ltr'><strong>ita</strong></span> <span class='ocrx_word' id='word_1_160' title='bbox 1529 1934 1617 1990; x_wconf 90' lang='lat' dir='ltr'><strong>ut,</strong></span> <span class='ocrx_word' id='word_1_161' title='bbox 1653 1943 1841 1998; x_wconf 87' lang='lat' dir='ltr'><strong>quum</strong></span> <span class='ocrx_word' id='word_1_162' title='bbox 1857 1944 1946 2000; x_wconf 82' lang='lat' dir='ltr'><strong>per</strong></span> 
     </span>
     <span class='ocr_line' id='line_1_25' title="bbox 344 2000 1941 2074; baseline -0.003 -15"><span class='ocrx_word' id='word_1_163' title='bbox 344 2012 518 2060; x_wconf 87' lang='lat' dir='ltr'><strong>artem</strong></span> <span class='ocrx_word' id='word_1_164' title='bbox 551 2003 769 2074; x_wconf 87' lang='lat' dir='ltr'><strong>aliquid</strong></span> <span class='ocrx_word' id='word_1_165' title='bbox 804 2003 963 2068; x_wconf 82' lang='lat' dir='ltr'><strong>facit,</strong></span> <span class='ocrx_word' id='word_1_166' title='bbox 1004 2021 1153 2058; x_wconf 88' lang='lat' dir='ltr'><strong>nunc</strong></span> <span class='ocrx_word' id='word_1_167' title='bbox 1181 2002 1332 2074; x_wconf 89' lang='lat' dir='ltr'><strong>quod</strong></span> <span class='ocrx_word' id='word_1_168' title='bbox 1361 2000 1540 2064; x_wconf 82' lang='lat' dir='ltr'><strong>deest,</strong></span> <span class='ocrx_word' id='word_1_169' title='bbox 1582 2003 1941 2073; x_wconf 83' lang='lat' dir='ltr'><strong>superaddat,</strong></span> 
     </span>
     <span class='ocr_line' id='line_1_26' title="bbox 345 2045 1942 2150; baseline -0.001 -18"><span class='ocrx_word' id='word_1_170' title='bbox 345 2095 493 2133; x_wconf 90' lang='lat' dir='ltr'><strong>nunc</strong></span> <span class='ocrx_word' id='word_1_171' title='bbox 514 2087 692 2134; x_wconf 86' lang='lat' dir='ltr'><strong>autem</strong></span> <span class='ocrx_word' id='word_1_172' title='bbox 713 2078 863 2150; x_wconf 87' lang='lat' dir='ltr'><strong>quod</strong></span> <span class='ocrx_word' id='word_1_173' title='bbox 881 2045 1182 2142; x_wconf 81' lang='lat' dir='ltr'><strong>redundat,</strong></span> <span class='ocrx_word' id='word_1_174' title='bbox 1225 2077 1494 2133; x_wconf 86' lang='lat' dir='ltr'><strong>detrahat.</strong></span> <span class='ocrx_word' id='word_1_175' title='bbox 1571 2073 1643 2130; x_wconf 81' lang='lat' dir='ltr'><strong>At</strong></span> <span class='ocrx_word' id='word_1_176' title='bbox 1675 2077 1812 2143; x_wconf 81' lang='lat' dir='ltr'><strong>ille,</strong></span> <span class='ocrx_word' id='word_1_177' title='bbox 1857 2077 1942 2150; x_wconf 87' lang='lat' dir='ltr'><strong>qui</strong></span> 
     </span>
     <span class='ocr_line' id='line_1_27' title="bbox 345 2150 1948 2241; baseline -0.001 -32"><span class='ocrx_word' id='word_1_178' title='bbox 345 2152 466 2209; x_wconf 82' lang='lat' dir='ltr'><strong>fons</strong></span> <span class='ocrx_word' id='word_1_179' title='bbox 495 2162 580 2208; x_wconf 90' lang='lat' dir='ltr'><strong>est</strong></span> <span class='ocrx_word' id='word_1_180' title='bbox 606 2152 1033 2241; x_wconf 81' lang='lat' dir='ltr'><strong>intelligentiae,</strong></span> <span class='ocrx_word' id='word_1_181' title='bbox 1073 2153 1216 2208; x_wconf 90' lang='lat' dir='ltr'><strong>nihil</strong></span> <span class='ocrx_word' id='word_1_182' title='bbox 1248 2153 1433 2207; x_wconf 89' lang='lat' dir='ltr'><strong>minus</strong></span> <span class='ocrx_word' id='word_1_183' title='bbox 1461 2150 1550 2206; x_wconf 79' lang='lat' dir='ltr'><strong>vel</strong></span> <span class='ocrx_word' id='word_1_184' title='bbox 1580 2153 1838 2226; x_wconf 70' lang='lat' dir='ltr'><strong>amplius</strong></span> <span class='ocrx_word' id='word_1_185' title='bbox 1855 2169 1948 2224; x_wconf 87' lang='lat' dir='ltr'><strong>ap-</strong></span> 
     </span>
     <span class='ocr_line' id='line_1_28' title="bbox 342 2227 1947 2302; baseline -0.001 -20"><span class='ocrx_word' id='word_1_186' title='bbox 342 2227 525 2299; x_wconf 86' lang='lat' dir='ltr'><strong>ponit,</strong></span> <span class='ocrx_word' id='word_1_187' title='bbox 548 2229 823 2284; x_wconf 86' lang='lat' dir='ltr'><strong>mensuris</strong></span> <span class='ocrx_word' id='word_1_188' title='bbox 844 2230 1110 2283; x_wconf 89' lang='lat' dir='ltr'><strong>nimirum</strong></span> <span class='ocrx_word' id='word_1_189' title='bbox 1127 2227 1495 2282; x_wconf 84' lang='lat' dir='ltr'><strong>sufficientiae</strong></span> <span class='ocrx_word' id='word_1_190' title='bbox 1515 2243 1675 2292; x_wconf 86' lang='lat' dir='ltr'><strong>usus,</strong></span> <span class='ocrx_word' id='word_1_191' title='bbox 1703 2227 1947 2302; x_wconf 85' lang='lat' dir='ltr'><strong>diligen-</strong></span> 
     </span>
     <span class='ocr_line' id='line_1_29' title="bbox 340 2302 1950 2375; baseline -0.001 -18"><span class='ocrx_word' id='word_1_192' title='bbox 340 2303 419 2357; x_wconf 88' lang='lat' dir='ltr'><strong>tia</strong></span> <span class='ocrx_word' id='word_1_193' title='bbox 454 2313 704 2358; x_wconf 88' lang='lat' dir='ltr'><strong>naturam</strong></span> <span class='ocrx_word' id='word_1_194' title='bbox 742 2304 921 2374; x_wconf 89' lang='lat' dir='ltr'><strong>ipsam</strong></span> <span class='ocrx_word' id='word_1_195' title='bbox 959 2311 1254 2374; x_wconf 85' lang='lat' dir='ltr'><strong>superante</strong></span> <span class='ocrx_word' id='word_1_196' title='bbox 1293 2310 1347 2357; x_wconf 88' lang='lat' dir='ltr'><strong>et</strong></span> <span class='ocrx_word' id='word_1_197' title='bbox 1380 2303 1440 2357; x_wconf 90' lang='lat' dir='ltr'><strong>in</strong></span> <span class='ocrx_word' id='word_1_198' title='bbox 1469 2317 1610 2374; x_wconf 90' lang='lat' dir='ltr'><strong>opus</strong></span> <span class='ocrx_word' id='word_1_199' title='bbox 1639 2302 1950 2375; x_wconf 85' lang='lat' dir='ltr'><strong>insumptis</strong></span> 
     </span>
     <span class='ocr_line' id='line_1_30' title="bbox 340 2376 1952 2448; baseline 0.002 -20"><span class='ocrx_word' id='word_1_200' title='bbox 340 2377 600 2430; x_wconf 86' lang='lat' dir='ltr'><strong>omnibus</strong></span> <span class='ocrx_word' id='word_1_201' title='bbox 619 2394 787 2448; x_wconf 88' lang='lat' dir='ltr'><strong>quam</strong></span> <span class='ocrx_word' id='word_1_202' title='bbox 807 2377 1179 2432; x_wconf 85' lang='lat' dir='ltr'><strong>laudabiliter.</strong></span> <span class='ocrx_word' id='word_1_203' title='bbox 1221 2376 1328 2443; x_wconf 86' lang='lat' dir='ltr'><strong>Qui</strong></span> <span class='ocrx_word' id='word_1_204' title='bbox 1349 2394 1477 2432; x_wconf 80' lang='lat' dir='ltr'><strong>vero</strong></span> <span class='ocrx_word' id='word_1_205' title='bbox 1498 2376 1636 2430; x_wconf 87' lang='lat' dir='ltr'><strong>velit</strong></span> <span class='ocrx_word' id='word_1_206' title='bbox 1657 2377 1828 2434; x_wconf 87' lang='lat' dir='ltr'><strong>aliter</strong></span> <span class='ocrx_word' id='word_1_207' title='bbox 1847 2395 1952 2432; x_wconf 87' lang='lat' dir='ltr'><strong>nu-</strong></span> 
     </span>
     <span class='ocr_line' id='line_1_31' title="bbox 340 2449 1954 2526; baseline 0.004 -26"><span class='ocrx_word' id='word_1_208' title='bbox 340 2450 487 2516; x_wconf 85' lang='lat' dir='ltr'><strong>gari,</strong></span> <span class='ocrx_word' id='word_1_209' title='bbox 532 2467 833 2522; x_wconf 83' lang='lat' dir='ltr'><strong>numquam</strong></span> <span class='ocrx_word' id='word_1_210' title='bbox 864 2451 1027 2506; x_wconf 81' lang='lat' dir='ltr'><strong>suem</strong></span> <span class='ocrx_word' id='word_1_211' title='bbox 1058 2451 1223 2506; x_wconf 87' lang='lat' dir='ltr'><strong>faciet</strong></span> <span class='ocrx_word' id='word_1_212' title='bbox 1251 2460 1304 2508; x_wconf 90' lang='lat' dir='ltr'><strong>et</strong></span> <span class='ocrx_word' id='word_1_213' title='bbox 1327 2449 1400 2526; x_wconf 80' lang='lat'><strong>[*]</strong></span> <span class='ocrx_word' id='word_1_214' title='bbox 1426 2459 1756 2524; x_wconf 86' lang='lat' dir='ltr'><strong>cunctorum</strong></span> <span class='ocrx_word' id='word_1_215' title='bbox 1785 2469 1954 2525; x_wconf 82' lang='lat' dir='ltr'><strong>opera</strong></span> 
     </span>
     <span class='ocr_line' id='line_1_32' title="bbox 343 2521 1958 2598; baseline 0.007 -28"><span class='ocrx_word' id='word_1_216' title='bbox 343 2521 613 2576; x_wconf 79' lang='lat' dir='ltr'><strong>artificum</strong></span> <span class='ocrx_word' id='word_1_217' title='bbox 654 2526 961 2596; x_wconf 87' lang='lat' dir='ltr'><strong>accusabit;</strong></span> <span class='ocrx_word' id='word_1_218' title='bbox 1022 2527 1258 2598; x_wconf 85' lang='lat' dir='ltr'><strong>perinde</strong></span> <span class='ocrx_word' id='word_1_219' title='bbox 1297 2544 1359 2581; x_wconf 89' lang='lat' dir='ltr'><strong>ac</strong></span> <span class='ocrx_word' id='word_1_220' title='bbox 1393 2527 1446 2580; x_wconf 89' lang='lat' dir='ltr'><strong>si</strong></span> <span class='ocrx_word' id='word_1_221' title='bbox 1481 2527 1612 2597; x_wconf 88' lang='lat' dir='ltr'><strong>quis</strong></span> <span class='ocrx_word' id='word_1_222' title='bbox 1653 2527 1958 2598; x_wconf 85' lang='lat' dir='ltr'><strong>opificium</strong></span> 
     </span>
    </p>
   </div>
   <div class='ocr_carea' id='block_1_4' title="bbox 341 2653 1962 2769">
    <p class='ocr_par' dir='ltr' id='par_1_4' title="bbox 341 2653 1962 2766">
     <span class='ocr_line' id='line_1_33' title="bbox 440 2653 1962 2718; baseline 0.011 -24.278"><span class='ocrx_word' id='word_1_223' title='bbox 440 2653 483 2701; x_wconf 69' lang='lat'><strong>*)</strong></span> <span class='ocrx_word' id='word_1_224' title='bbox 510 2655 605 2698; x_wconf 81' lang='lat' dir='ltr'><strong>Huc</strong></span> <span class='ocrx_word' id='word_1_225' title='bbox 630 2665 817 2710; x_wconf 80' lang='lat' dir='ltr'><strong>pertinet</strong></span> <span class='ocrx_word' id='word_1_226' title='bbox 842 2666 1022 2704; x_wconf 63' lang='lat' dir='ltr'><strong>alterum</strong></span> <span class='ocrx_word' id='word_1_227' title='bbox 1050 2664 1124 2705; x_wconf 85' lang='lat' dir='ltr'><strong>Gr.</strong></span> <span class='ocrx_word' id='word_1_228' title='bbox 1154 2667 1437 2714; x_wconf 59' lang='lat' dir='ltr'><strong>augmentum</strong></span> <span class='ocrx_word' id='word_1_229' title='bbox 1463 2666 1578 2714; x_wconf 76' lang='lat' dir='ltr'><strong>apud</strong></span> <span class='ocrx_word' id='word_1_230' title='bbox 1601 2663 1773 2709; x_wconf 67' lang='lat' dir='ltr'><strong>Euseb.</strong></span> <span class='ocrx_word' id='word_1_231' title='bbox 1807 2671 1962 2718; x_wconf 71' lang='lat' dir='ltr'><strong>&lt;supra</strong></span> 
     </span>
     <span class='ocr_line' id='line_1_34' title="bbox 341 2703 1582 2769; baseline 0.013 -30"><span class='ocrx_word' id='word_1_232' title='bbox 341 2703 783 2758; x_wconf 74' lang='lat' dir='ltr'><strong>Tem-V1.p.108)·</strong></span> <span class='ocrx_word' id='word_1_233' title='bbox 828 2712 1162 2766; x_wconf 41' lang='lat' dir='ltr'><strong>fiammae</strong></span> <span class='ocrx_word' id='word_1_234' title='bbox 1191 2715 1582 2769; x_wconf 54' lang='lat' dir='ltr'><strong>owen-cam.</strong></span> 
     </span>
    </p>
   </div>
   <div class='ocr_carea' id='block_1_5' title="bbox 2045 685 2060 2999">
    <p class='ocr_par' dir='ltr' id='par_1_5' title="bbox 2045 685 2060 2999">
     <span class='ocr_line' id='line_1_35' title="bbox 2045 685 2060 2999; baseline 0 0"><span class='ocrx_word' id='word_1_235' title='bbox 2045 685 2060 2999; x_wconf 95' lang='lat' dir='ltr'><strong> </strong></span> 
     </span>
    </p>
   </div>
  </div>
 </body>
</html>
