2125 3084
384 197 442 249 {8
827 200 1200 246 PHILONIS
1239 198 1512 244 IUDARI
1825 194 1896 259 [ῐ,
1927 197 1996 261 9.]

382 301 531 357 modi
552 298 993 355 dissolutionem.
1071 300 1260 369 ltaque
1280 299 1386 353 hoc
1405 297 1570 353 modo
1591 298 2010 356 universorum

384 385 631 432 naturam
660 376 1091 447 contemplantes
1111 374 1511 445 adversamque
1531 376 1870 429 sententiam
1891 393 2010 447 op·

380 458 689 525 pugnantes
714 458 927 521 oportet
952 450 1230 521 sapienter
1257 466 1322 503 ac
1339 466 1468 504 cum
1489 448 1710 503 delectu
1731 466 1798 504 ea
1815 468 2008 521 quae—

380 545 497 582 rere
514 568 526 589 ,
574 542 717 596 quae
744 526 813 578 ad
844 527 963 579 veri
990 525 1240 579 notitiam
1281 532 1496 579 nosmet
1521 523 1864 595 perducant,
1913 537 2005 580 at-

378 619 491 674 que
534 601 775 671 seposito
808 599 1152 671 praeiudicio
1189 600 1558 653 certissimam
1599 600 2004 673 investigatio-

382 694 505 732 nem
535 676 706 731 adire.

498 805 578 856 ⁴5.
608 803 805 856 Terrae
829 802 1015 871 itaque
1038 808 1092 855 et
1111 801 1251 855 ae‘ris
1272 806 1466 854 natura
1485 801 1804 855 examinata
1827 809 1997 871 atque

381 892 652 951 perpensa
702 876 913 931 nullam
962 876 1020 929 in
1070 876 1194 929 istis
1241 875 1494 930 invenies
1543 873 1915 939 differentiam
1960 894 1992 929 a

382 952 613 1007 caeteris
641 951 837 1006 mundi
866 949 1146 1022 partibuS,
1190 950 1300 1003 nisi
1327 949 1479 1020 quod
1505 951 1676 1004 unius
1704 950 1992 1005 eiusdem-

379 1044 491 1099 que
510 1034 735 1082 naturae
754 1034 839 1081 est
856 1033 1027 1081 totum
1050 1026 1110 1079 in
1129 1041 1330 1097 genere
1355 1024 1432 1097 (ut
1457 1034 1567 1079 tota
1586 1035 1735 1080 terra
1755 1036 1992 1095 totusque

381 1102 523 1174 ae‘r),·
562 1109 615 1156 et
642 1110 824 1156 tamen
862 1101 1155 1172 utriusque
1191 1100 1461 1154 terminus
1497 1102 1784 1171 generatio
1817 1110 1898 1156 est
1926 1118 1989 1154 ac

382 1177 677 1247 corruptio.
754 1175 936 1242 Quum
966 1176 1115 1229 enim
1144 1176 1248 1229 ista
1267 1172 1516 1229 subiecta
1537 1175 1652 1229 sint
1668 1175 1984 1238 mutationi,

380 1251 671 1305 variationi
703 1260 757 1304 et
782 1249 1263 1313 conversionibus,
1305 1249 1468 1303 finem
1499 1251 1665 1304 etiam
1699 1250 1906 1307 habent
1933 1260 1990 1305 et

380 1325 837 1396 permutationem
857 1334 1084 1379 naturae
1103 1342 1236 1379 suae
1258 1323 1327 1379 ab
1348 1326 1478 1396 igne
1491 1365 1504 1387 ‚
1547 1326 1624 1379 ita
1641 1334 1707 1379 ut
1727 1343 1988 1381 consum-

380 1408 474 1470 pta
506 1397 667 1471 longo
694 1416 860 1470 opere
888 1417 953 1454 ac
981 1399 1270 1455 deficiente
1299 1407 1408 1454 tota
1435 1400 1672 1454 naturali
1705 1400 1987 1457 fertilitate

382 1473 836 1546 germinationem
856 1491 965 1529 non
985 1476 1219 1530 ulterius
1241 1483 1380 1529 terra
1401 1490 1532 1546 prae
1551 1491 1612 1529 se
1634 1474 1802 1530 ferat:
1845 1494 1988 1550 quae

382 1564 513 1603 sane
534 1557 750 1619 semper
766 1550 843 1603 ita
864 1549 1069 1605 habere
1089 1550 1382 1614 voluisset,
1399 1550 1521 1603 ·sed
1541 1566 1648 1604 non
1671 1553 1859 1621 potuit
1874 1594 1889 1617 ‚
1921 1553 1987 1606 ab

382 1625 513 1697 igne
532 1623 797 1695 impedita
813 1666 825 1687 ‚
856 1642 925 1679 ne
946 1627 1194 1698 germina
1215 1625 1498 1698 producat,
1521 1626 1612 1679 vel
1633 1628 1988 1699 corruptione

384 1716 649 1771 aquarum
678 1716 908 1755 coenosa
927 1701 1144 1755 reddita
1159 1742 1171 1765 ,
1211 1708 1264 1754 et
1285 1700 1444 1755 aliter
1463 1700 1628 1754 etiam
1651 1692 1782 1756 aliis
1804 1704 1988 1757 varia-

382 1775 629 1831 tionibus
647 1784 973 1847 permutata.
1012 1774 1298 1842 Quomodo
1317 1776 1472 1829 illam
1490 1776 1680 1846 itaque
1702 1778 1985 1833 immorta-

384 1852 493 1907 lem
524 1852 707 1969 dicege
736 1860 1115 1924 praesumant,
1161 1852 1260 1923 qui
1288 1851 1591 1923 sapientiae
1617 1853 1880 1926 vestigiis
1899 1854 1984 1907 in·-

384 1930 664 1983 stiterunt.

502 2056 581 2109 ⁴6.
623 2055 786 2109 Porro
814 2053 1081 2109 theoriam
1111 2071 1140 2108 a
1170 2070 1257 2108 me
1284 2054 1551 2125 prolatam
1572 2070 1674 2107 nec
1695 2071 1726 2107 a
1749 2055 1983 2109 Graeco-

384 2146 505 2183 rum
526 2128 822 2200 disciplina
840 2130 998 2183 reiici
1026 2129 1429 2184 animadverto:
1472 2130 1684 2200 quippe
1704 2130 1806 2200 qui
1827 2130 1986 2183 dixe-

384 2205 495 2258 rint
513 2202 801 2258 sensibilia
822 2204 1017 2258 mundi
1040 2220 1264 2275 corpora
1285 2204 1391 2257 sub
1411 2202 1567 2259 fluxu
1594 2220 1657 2257 ac
1679 2204 1987 2275 corruptio-

386 2296 455 2333 ne
477 2296 616 2341 esse,
642 2286 828 2349 utpote
851 2279 987 2344 loco,
1018 2280 1212 2343 motui,
1237 2278 1548 2349 tribusque,
1573 2290 1713 2349 quas
1735 2279 1983 2343 exhibet,

385 2353 826 2409 dimensionibus
845 2354 1104 2409 obnoxia.
1157 2346 1264 2408 Ubi
1285 2355 1384 2425 qui
1410 2350 1482 2429 [⁴¹⁶]
1509 2356 1741 2408 caeteris
1763 2356 1992 2426 sapien-

382 2432 549 2485 tiores
578 2428 731 2483 fuere
758 2436 920 2499 atque
949 2446 1206 2502 magnam
1243 2430 1546 2500 sapientiae
1582 2430 1806 2483 laudem
1837 2430 1993 2484 obti-

384 2520 553 2559 nuere
568 2545 580 2568 ‚
623 2512 825 2577 negant
851 2521 1075 2575 corpora
1096 2504 1384 2559 sensibilia
1404 2513 1670 2578 perpetuo
1691 2522 1804 2560 uno
1819 2502 2014 2562 modo=

384 2596 443 2630 se
474 2578 699 2642 habere,
748 2579 983 2633 naturali
1012 2581 1335 2635 necessitate
1375 2588 1618 2647 vetante3
1661 2579 1762 2635 sed
1790 2580 1846 2635 id
1879 2582 1993 2637 soli

383 2650 487 2702 deo
524 2652 644 2704 iure
683 2652 1037 2708 tribuendum
1077 2672 1224 2719 esse,
1287 2672 1485 2727 nempe
1521 2663 1582 2710 ut
1617 2665 1886 2727 perpetuo
1930 2676 1993 2712 se

384 2722 581 2775 habeat
608 2725 799 2778 eodem
830 2728 1008 2783 mode.
