2125 3084
189 197 409 264 [11,266.]
527 203 608 247 IN
650 204 1009 249 GENESIN.
1062 204 1318 249 SERMO
1355 206 1444 251 IV.
1734 199 1801 251 87

187 304 325 358 iusti
366 303 733 357 commixtum
772 304 871 369 sit,
921 304 1143 359 interim
1176 321 1206 358 a
1235 305 1510 376 praesenti
1549 321 1801 361 sermone

186 394 487 449 seponere,
520 394 822 448 persuasus
843 380 1108 434 nimirum
1128 379 1294 433 talem
1315 378 1546 451 dignum
1566 397 1690 434 esse
1711 398 1802 435 sa-
1869 370 1888 385 '

188 453 305 507 lute
320 492 335 516 ,
376 460 441 506 ut
465 453 691 507 omnino
712 452 974 508 salvetur.
1055 456 1251 508 Terror
1271 462 1454 508 autem
1473 471 1607 509 suus
1629 464 1712 509 est
1731 455 1800 511 de

189 528 493 582 commixto
522 528 641 590 vel,
685 529 734 581 si
764 528 1058 598 velitquis
1080 528 1294 593 dicere,
1339 528 1408 583 de
1429 530 1712 600 coagulato
1731 548 1802 585 ex

187 604 337 657 iusto
359 611 415 657 et
436 602 673 670 iniust03
718 604 981 672 quoniam
1002 604 1188 667 talem,
1213 604 1314 675 qui
1333 604 1478 675 gerit
1497 604 1556 656 in
1573 621 1632 657 se
1653 606 1803 658 scin-

187 677 371 732 tillam
411 676 727 747 splendoris
758 678 1017 749 ignisque
1046 678 1294 733 iustitiae
1323 679 1423 734 vix
1454 679 1798 741 exstinctam,

186 760 377 823 sperat
406 752 655 806 converti
682 768 845 823 posse
868 753 925 806 in
946 753 1234 807 sanitatem
1263 752 1632 825 spiritualem.
1715 752 1805 807 Si·-

186 826 425 897 quidem
446 826 649 880 melius
671 835 724 881 et
744 826 1035 882 decentius
1052 827 1347 883 arbitratur
1361 867 1374 893 ‚
1407 844 1508 899 per
1526 827 1804 883 beneficas

188 901 285 957 dei
317 902 553 956 virtutes
580 918 681 973 pro
711 902 857 956 iusto
890 898 963 976 [³¹⁶]
998 901 1237 957 diminui
1265 903 1537 974 supplicia
1567 919 1670 973 pro
1693 902 1803 957 ini-

190 978 323 1048 quis
342 976 614 1048 deposita,
631 992 807 1049 quam
827 976 1128 1048 impiorum
1149 995 1311 1032 causa
1333 977 1797 1048 detrahioiustum.

198 1168 365 1225 Quare
413 1186 471 1219 ex
515 1169 865 1233 quinquaqinta
919 1169 1150 1219 inchoans
1194 1169 1240 1217 in
1289 1169 1446 1219 decem
1495 1169 1803 1219 determinat?

338 1235 435 1285 Cur
474 1246 629 1286 autem
670 1238 758 1286 sub
791 1237 1030 1301 principio
1075 1237 1222 1300 quina
1259 1237 1330 1286 bis
1363 1238 1522 1302 aufert
1555 1252 1702 1301 usque
1737 1237 1806 1285 ad

332 1304 683 1368 quadr-aquata,
724 1313 837 1369 post
870 1320 981 1353 vero
1010 1304 1168 1355 decem
1203 1304 1360 1353 decem
1387 1307 1536 1369 usque
1565 1304 1636 1353 ad
1648 1304 1799 1366 finem

328 1372 430 1419 sive
466 1370 721 1421 decimum?
765 1370 901 1421 Dicit
926 1372 1070 1421 enim.-
1106 1371 1216 1435 „Si
1231 1372 1422 1437 fiacr-int
1451 1372 1800 1437 quinquaqinta

329 1438 445 1487 iusti
474 1438 525 1493 in
560 1439 776 1502 civitate,
816 1440 993 1502 perdes
1026 1439 1163 1489 illos?
1216 1456 1368 1489 nonne
1413 1440 1615 1491 dimittes
1651 1440 1798 1489 locum

330 1505 536 1555 illum?“
591 1516 661 1555 et.-
712 1503 899 1570 „Quid
926 1507 972 1557 εἰ
1002 1508 1328 1573 quadrayinta
1368 1518 1412 1557 et
1449 1509 1652 1573 quinque
1685 1508 1800 1573 sue·

328 1573 505 1622 rintw
558 1582 629 1623 et.-
701 1572 815 1636 „Si
853 1590 962 1623 vero
1009 1574 1408 1640 quadraqinta?“
1463 1585 1536 1625 et:
1593 1611 1632 1637 ,‚
1653 1572 1796 1636 Quid,

331 1641 379 1689 ai
413 1640 641 1705 triqinta?
705 1639 837 1697 Quid
867 1658 1001 1704 vero,
1044 1643 1092 1693 si
1120 1642 1366 1708 viyinffW
1400 1652 1472 1693 et.-
1535 1640 1722 1705 „Quid
1759 1644 1804 1689 si

332 1708 570 1757 ἀπανθ’(
606 1709 714 1773 (18,
737 1710 995 1771 24—32.)

306 1828 395 1883 27.
436 1828 551 1882 Duo
579 1828 745 1901 petit:
790 1837 843 1883 et
868 1830 1045 1884 iustos
1066 1828 1300 1891 salvari,
1344 1836 1398 1881 et
1417 1842 1607 1880 eorum
1627 1826 1800 1896 gratia

200 1909 462 1956 caeteros.
528 1903 759 1957 Numeri
776 1921 905 1959 vero
924 1920 1118 1959 omnes
1137 1902 1282 1957 sacri
1302 1909 1451 1956 sunt.
1517 1898 1806 1970 Quinqua-

200 1976 348 2048 ginta
392 1994 465 2031 ex
500 1978 820 2050 rectangulo
854 1978 1150 2051 trianguli3
1211 1976 1392 2031 virtus
1434 1983 1617 2029 autem
1653 1975 1806 2028 eius-

198 2050 377 2115 modi,
427 2059 491 2106 ut
517 2054 982 2125 quinquagesimo
1017 2051 1199 2126 (anno)
1237 2051 1638 2106 remissiomem
1672 2066 1805 2121 pro-

198 2126 362 2196 pheta
390 2127 691 2197 praedicat.
768 2128 1144 2201 Quadraginta
1172 2144 1303 2183 vero
1333 2134 1386 2181 et
1415 2127 1664 2199 quinque
1692 2123 1804 2180 fer-

199 2201 313 2255 tilis
344 2209 429 2256 est
457 2218 753 2267 numerus,
804 2213 1058 2259 constans
1087 2221 1158 2259 ex
1184 2202 1444 2259 laterculo
1470 2203 1798 2275 triplicium,

200 2284 471 2347 quatenus
519 2278 701 2333 tribus
744 2278 1051 2333 rationibus
1099 2280 1344 2350 primum
1378 2278 1640 2347 videntur
1677 2276 1804 2331 Ari-

198 2348 458 2406 thmetica
474 2392 486 2416 ,
518 2352 863 2410 Geometrica
884 2362 937 2407 et
955 2355 1298 2410 Har-monica.
1347 2351 1696 2419 ,Laterculus
1723 2358 1806 2403 est

197 2427 343 2480 enim
383 2427 477 2483 VI.
516 2428 618 2482 IX.
661 2428 783 2482 XII.
824 2428 1022 2493 XVIII,
1076 2444 1312 2499 quorum
1349 2425 1684 2479 constructio
1723 2432 1808 2477 est

198 2500 360 2557 XLV.
439 2502 509 2556 Et
546 2502 607 2557 in
645 2509 723 2557 tot
765 2502 965 2558 diebus
1005 2504 1188 2573 iisque
1227 2500 1540 2570 imparibus
1579 2496 1809 2567 fingitur

200 2574 373 2632 foetus
416 2592 622 2632 novem
661 2578 936 2633 mensium
954 2618 967 2641 ,
1028 2578 1208 2631 rarius
1250 2580 1432 2627 autem
1467 2574 1526 2625 in
1567 2569 1809 2641 quadra·
1907 2615 1916 2625 .

199 2652 377 2723 ginta,
432 2660 489 2707 et
526 2652 719 2705 minus
748 2653 807 2705 in
838 2652 1124 2721 ampliori,
1175 2646 1436 2717 quoniam
1473 2644 1674 2699 fertilis
1705 2651 1809 2697 est.

198 2724 485 2781 Praeterea
504 2734 586 2781 tot
606 2724 807 2781 diebus
829 2727 887 2780 in
917 2732 1074 2779 utero
1101 2722 1412 2775 delineatur
1442 2718 1619 2774 foetus
1635 2759 1648 2782 ,
1697 2718 1814 2771 fere
