2125 3084
336 215 399 263 88
600 214 795 260 PHIL.
834 214 983 259 1151).
1024 212 1350 271 QUAEST.
1387 212 1488 256 ET
1527 212 1686 257 801..
1728 208 1950 275 [aasz]

238 364 253 379 ,
334 320 396 371 in
426 316 621 388 paucis
648 330 845 370 novem
874 314 1179 375 mensium:
1224 314 1488 385 quoniam
1509 315 1867 385 septimensis
1887 317 1951 369 in

336 392 562 465 triginta
584 391 862 461 quinque,
904 397 967 443 ut
988 390 1171 452 aiunt,
1215 388 1474 443 similiter
1499 388 1755 444 habetur.
1825 392 1953 444 Tri—

338 468 493 539 ginta
520 483 653 521 vero
688 464 973 519 mensuale
1006 473 1092 517 est
1128 464 1370 535 spatium
1409 464 1606 518 circuli
1647 463 1838 528 lunae;
1895 476 1954 519 et

336 542 541 614 viginti
565 543 756 595 aetatis
776 556 963 594 norma
979 580 991 603 ,
1026 536 1100 612 [³⁸]
1119 552 1229 607 qua
1241 544 1510 593 transacta
1539 540 1685 593 inter
1710 540 1950 593 maiores

338 625 711 688 computatur,
763 614 913 669 unde
948 622 1112 667 estet
1149 630 1413 667 numerus
1451 614 1706 668 militiae.
1787 616 1951 669 Deci—

338 709 493 747 mum
520 709 653 747 vero
681 688 1169 762 perfectissimum.
1247 689 1448 743 Verum
1477 704 1580 760 per
1597 688 1726 743 illos
1748 706 1950 743 nume—

337 785 446 832 τοῦ,
471 768 569 839 qui
590 769 747 821 iuxta
768 766 1014 819 musicen
1037 762 1355 835 praeferunt
1375 763 1737 827 harmoniam,
1753 782 1948 819 omnes

339 850 638 897 cernuntur
666 840 802 894 tales
832 856 981 903 esse,
1025 839 1221 910 quales
1252 845 1380 892 sunt
1407 839 1507 909 qui
1537 854 1638 910 per
1666 855 1858 893 omnes
1887 842 1947 893 in

339 918 617 988 duplicata
656 916 892 969 ratione:
954 922 1017 969 ut
1054 913 1420 986 quadraginta
1451 912 1521 967 ad
1561 914 1791 985 viginti,
1855 916 1944 969 vel

336 992 539 1064 viginti
563 990 632 1045 ad
661 990 881 1057 decem3
932 1007 1033 1061 per
1053 990 1305 1061 quinque
1323 1004 1456 1043 vero
1475 988 1709 1043 dimidia
1733 990 1948 1043 ratione

336 1068 565 1139 triginta
596 1065 665 1120 ad
701 1065 931 1137 viginti3
974 1073 1030 1118 et
1061 1082 1162 1136 per
1197 1072 1458 1135 quatuor,
1496 1065 1825 1135 supertertia
1857 1082 1947 1118 ra-

336 1143 485 1197 tione
500 1183 513 1205 ‚
555 1140 923 1213 quadraginta
949 1139 1018 1194 ad
1039 1141 1293 1211 triginta3
1339 1138 1620 1210 angularis
1641 1146 1826 1193 autem
1849 1156 1947 1193 su-

335 1216 648 1288 peradditio
668 1215 946 1271 disiuncta
960 1254 975 1279 ,
1006 1230 1105 1284 per
1123 1212 1488 1285 quadraginta
1512 1212 1581 1269 ad
1600 1213 1948 1286 quadragin-

338 1302 411 1345 ta.
482 1291 848 1345 Familiariter
866 1305 997 1359 ergo
1018 1296 1074 1342 et
1091 1289 1314 1358 proprie
1332 1306 1420 1343 res
1441 1289 1646 1360 agitur:
1678 1290 1946 1359 quoniam

336 1374 491 1436 rogat
519 1372 741 1435 propter
778 1364 1013 1417 salutem
1049 1363 1320 1428 civitatis,
1371 1363 1639 1418 salutares
1681 1380 1948 1418 numeros

337 1439 654 1508 usurpavit,
724 1439 854 1507 quia
894 1445 947 1491 et
986 1437 1272 1492 harmonia
1311 1439 1652 1501 coalescunt,
1721 1438 1949 1493 harmo-

339 1514 428 1567 nia
451 1521 634 1570 autem
655 1512 915 1576 salubris,
946 1513 1092 1567 sicut
1111 1530 1332 1567 rursum
1353 1513 1602 1569 defectus
1623 1513 1948 1568 harmoniae

338 1605 503 1642 causa
525 1596 607 1642 est
626 1587 1010 1643 dissolutionis
1032 1597 1087 1644 et
1107 1589 1494 1661 corruptionis,

344 1744 505 1804 Quare
534 1745 680 1795 dixit:
726 1743 916 1809 „Nunc
952 1746 1089 1809 coepi
1118 1744 1248 1809 loqui
1274 1744 1343 1794 ad
1367 1744 1621 1807 dominum,
1669 1762 1757 1810 eqo
1789 1756 1946 1796 autem

733 1831 833 1863 aum
858 1824 987 1863 terra
1004 1824 1049 1863 et
1069 1814 1267 1863 cim'a“?
1303 1816 1410 1875 (18,
1432 1814 1542 1874 27.)

450 1921 535 1975 28.
566 1916 674 1984 Qui
695 1916 920 1971 mundis
942 1916 1190 1971 moribus
1213 1914 1283 1969 ad
1303 1914 1469 1969 deum
1491 1914 1786 1979 accedunt²
1813 1932 1946 1969 sen·-

336 1992 481 2046 tiunt
518 1994 696 2064 magis
738 2008 800 2045 ac
848 1993 1026 2063 magis
1075 1992 1353 2063 propriam
1393 1990 1833 2044 imbecillitatem
1885 1992 1942 2044 in

338 2067 741 2134 comparatione
762 2065 1164 2136 magnitudinis
1186 2067 1334 2129 eius,
1362 2065 1430 2119 ad
1451 2082 1617 2136 quem
1641 2067 1945 2135 appropin—

336 2146 532 2208 quant3
570 2139 788 2191 animus
816 2140 962 2192 enim
984 2139 1075 2193 dei
1098 2141 1508 2195 amantissimus
1530 2156 1687 2193 suam
1707 2139 1946 2194 humili-

336 2220 499 2266 tatem
522 2211 816 2282 superbiae
842 2214 1085 2267 nesciam
1110 2232 1274 2286 opere
1301 2216 1422 2287 ipso
1448 2214 1775 2286 praedicens
1805 2214 1946 2269 fate-

338 2296 445 2341 tur.
524 2286 635 2341 Nos
667 2295 849 2340 autem
883 2289 1253 2358 precationem
1291 2291 1440 2353 eiuS‚
1496 2289 1774 2343 adiunctis
1812 2290 1945 2360 pul-

338 2378 466 2417 vere
506 2370 561 2416 et
612 2363 823 2424 cinere,
892 2362 1135 2416 nobilem
1177 2382 1239 2418 ac
1281 2364 1578 2437 gloriosam
1617 2363 1939 2429 reddamuS,

334 2438 625 2507 pulverem
655 2452 871 2491 sacrum
901 2452 963 2489 ac
992 2436 1234 2492 cinerem
1271 2448 1574 2493 asserentes
1602 2456 1724 2493 esse
1752 2447 1815 2493 ut
1852 2456 1944 2492 sa-

336 2528 553 2565 crorum
588 2520 1138 2581 consecratorumque
1176 2511 1635 2567 holocaustorum.
1715 2513 1944 2567 Utrum-

338 2600 447 2653 que
468 2603 598 2640 vero
617 2587 849 2640 istorum
869 2585 1182 2659 symbolum
1208 2593 1290 2639 est
1318 2587 1558 2640 animae:
1614 2587 1758 2641 bona
1789 2589 1942 2641 enim

339 2673 401 2710 ac
422 2657 621 2712 fertilis
643 2659 764 2732 (est)
783 2661 971 2732 pulvis
991 2669 1165 2714 terrae
1183 2699 1194 2721 ‚
1235 2660 1497 2729 quoniam
1527 2662 1796 2730 sapientis
1819 2665 1941 2715 ani-

338 2747 463 2785 mus
505 2730 753 2788 fructifer
790 2744 871 2789 est
910 2735 975 2806 (s.
1019 2734 1284 2804 sapientis
1321 2741 1559 2787 mentem
1601 2734 1937 2808 fructificat).
