2125 3084
341 172 408 224 76
607 174 792 219 PHIL.
829 172 979 218 IUD.
1015 170 1340 229 QUAEsT.
1374 168 1473 215 ET
1521 170 1676 217 ⁸01...
1723 160 1947 233 [11,254,]

417 324 516 375 Cur
545 323 741 373 dicimr:
791 356 826 385 ,‚
839 320 954 386 Ipse
989 329 1143 371 autem
1178 320 1341 369 stabat
1370 334 1531 369 coram
1574 321 1641 369 eis
1672 322 1759 369 sub
1796 338 1877 369 aa·b

956 388 1144 437 horest?
1190 388 1323 451 (ib.)

461 495 542 546 40.
583 490 764 557 Quum
785 488 1199 544 multitudinem
1216 488 1507 543 habuisset
1526 504 1811 543 servorum
1826 530 1839 552 ‚
1884 500 1952 545 ut

347 568 524 639 liquet
551 582 624 621 ex
649 565 868 638 agmine
895 562 1322 619 domesticorum
1356 562 1657 619 CCCXVII!
1671 604 1683 627 ,
1734 564 1951 634 quibus

347 642 650 698 debellavit
670 640 920 713 gentium
939 654 1099 713 reges
1114 680 1127 703 ,
1166 637 1531 693 nihilominus
1550 638 1671 709 ipse
1691 639 1954 693 minister

349 718 411 773 fit
443 716 687 779 servitii,
739 721 802 770 ut
836 713 1093 785 probaret
1106 756 1119 777 ,
1169 712 1321 785 quod
1334 754 1348 778 ‚
1400 713 1451 766 si
1489 712 1741 767 homines
1779 722 1952 785 puta-

348 793 522 847 visset
550 790 704 853 illos,
746 788 1138 859 hospitalitatis
1167 787 1307 843 foret
1332 786 1689 860 (indicium);
1736 789 1787 843 si
1812 804 1951 843 vero

349 865 570 920 divinas
599 863 892 919 arbitratus
922 870 1007 917 est
1031 864 1267 919 virtutes
1294 878 1405 917 una
1432 878 1561 917 oum
1588 871 1747 934 patre
1774 880 1951 935 appa-

349 946 558 1002 rentes,
610 936 811 1009 probae
839 938 988 993 vitae
1015 946 1183 1009 atque
1210 938 1413 993 amoris
1450 936 1631 992 divini
1664 936 1949 1010 (signum)

351 1022 460 1078 est,
509 1014 610 1085 qui
647 1029 750 1085 per
783 1029 844 1067 se
879 1013 1073 1087 peragi
1109 1012 1333 1085 pietatis
1366 1028 1529 1085 opera
1567 1011 1950 1067 honorabilem

352 1090 602 1145 aestimat
619 1088 853 1144 cultum«

391 1244 552 1302 Quare
585 1246 750 1295 iterum
781 1243 1087 1309 sinyulan'ter
1118 1242 1261 1293 dieit:
1312 1278 1347 1305 ‚‚
1371 1240 1470 1293 Ubi
1498 1252 1567 1293 est
1600 1220 1763 1292 Sarra
1795 1260 1917 1293 uxor

445 1322 554 1373 ωας
610 1322 656 1361 et
688 1311 767 1362 ille
799 1310 1070 1375 respondit.-
1118 1310 1185 1361 In
1216 1310 1601 1362 tabernaculou?
1635 1312 1744 1377 (18,
1778 1312 1853 1375 9.)

472 1416 551 1465 Η.
612 1413 814 1467 Littera
851 1419 999 1485 patet
1039 1429 1111 1467 ex
1148 1412 1490 1485 praemissis.
1586 1410 1672 1467 Ad
1710 1421 1951 1467 mentem

356 1503 513 1550 vet-0,
554 1487 682 1558 quia
700 1528 713 1551 ,
755 1495 818 1541 ut
847 1488 925 1542 ita
951 1487 1219 1551 dixerim,
1262 1504 1403 1542 uxor
1430 1494 1485 1541 et
1503 1488 1737 1542 conviva
1757 1495 1841 1542 est
1861 1504 1953 1541 sa-

353 1561 560 1633 pientis
587 1562 766 1616 virtus
782 1604 795 1627 ‚
837 1579 936 1634 per
963 1580 1131 1635 quam
1156 1558 1231 1690 [³3]
1254 1561 1555 1616 sententiae
1580 1578 1877 1635 generosae
1898 1572 1954 1617 et

354 1636 588 1707 pulchra
615 1653 778 1708 opera
809 1645 862 1692 et
890 1636 1059 1692 verba
1091 1638 1183 1691 lau
1226 1653 1256 1690 e
1276 1634 1446 1708 digna
1467 1646 1785 1691 nascuntur.
1866 1636 1952 1691 Ad

355 1712 836 1784 interrogationem
874 1729 1004 1785 ergo
1040 1710 1361 1783 respondet:
1441 1711 1584 1765 Ecce
1630 1712 1803 1765 virtus
1843 1728 1953 1766 non

354 1794 569 1843 tantum
596 1789 656 1843 in
684 1806 774 1845 me
799 1788 1085 1843 intellectu
1113 1793 1223 1850 est,
1270 1801 1467 1839 verum
1494 1785 1659 1841 etiam
1688 1786 1747 1839 in
1775 1802 1953 1841 vacuo

355 1880 659 1936 securoque
681 1862 1031 1919 tabernaculo
1056 1861 1301 1932 eorporis
1316 1900 1329 1924 ,
1372 1859 1673 1914 extendens
1694 1876 1753 1913 se
1774 1877 1953 1931 usque

358 1936 427 1991 ad
447 1954 644 1992 sensus
666 1940 884 2008 aliaque
903 1939 1267 1991 instrumenta
1286 1934 1561 2006 partialia.
1629 1936 1767 1989 Nam
1790 1934 1952 1990 video

355 2010 664 2065 secundum
688 2013 974 2074 virtutem,
1007 2018 1067 2065 et
1082 2010 1274 2075 audio,
1304 2008 1529 2074 olfaci0‚
1554 2016 1715 2082 gusto
1730 2050 1743 2073 ,
1766 2018 1948 2085 tangO,

359 2090 710 2153 caeterosque
747 2092 928 2139 motus
963 2101 1192 2140 exerceo
1230 2082 1537 2139 secundum
1579 2083 1947 2157 prudentiam,

359 2157 663 2211 castitatem
679 2198 691 2221 ,
736 2156 1113 2215 fortitudinem
1144 2166 1202 2214 et
1227 2159 1519 2214 iustitiam.

365 2296 461 2347 Cur
503 2295 617 2347 dicit
658 2296 708 2346 in
749 2297 1010 2363 sinqulari:
1078 2298 1387 2361 „Revertens
1428 2300 1611 2351 veniam
1654 2300 1725 2351 ad
1764 2312 1809 2351 te
1842 2310 1951 2351 ten·

485 2382 607 2429 pore
652 2364 760 2427 hoc,
817 2366 913 2414 ista
953 2366 1101 2429 Ιιονας
1172 2375 1219 2415 et
1254 2368 1359 2428 fiat
1396 2368 1539 2431 filius
1578 2366 1768 2421 Sarrae
1816 2368 1957 2419 ωεστ-ι’

495 2436 684 2481 τααεῑῑὲ
725 2436 832 2509 (JS,
865 2435 968 2495 10.)

478 2538 558 2592 ⁴2.
609 2534 787 2601 Quare
817 2534 1201 2607 singulariter,
1242 2536 1355 2591 iam
1382 2534 1593 2591 dictum
1623 2544 1731 2602 est3
1776 2552 1952 2607 quon·

364 2609 472 2661 iam
493 2608 598 2662 hoe
617 2610 924 2681 significato
943 2626 1051 2665 non
1073 2610 1324 2665 homines
1338 2651 1351 2674 ,
1380 2610 1479 2663 sed
1499 2618 1709 2679 patrem
1728 2611 1953 2663 univer-

363 2697 549 2734 sorum
571 2684 794 2737 coniicit
813 2702 924 2738 una
943 2701 1071 2738 cum
1101 2685 1399 2740 virtutibus
1426 2682 1738 2738 advenisse.
1816 2683 1952 2737 Gra-

2094 236 2097 347 ⁹
