2125 3084
353 165 452 221 20⁴
705 172 952 219 INDEX
995 170 1519 221 uANGEYANUS
1554 173 1593 215 1.

355 288 546 341 Currus
574 290 824 339 secundus
837 322 852 349 ,
889 288 1034 339 cuins
1059 290 1133 339 rei
1236 288 1553 347 sumendoIL
1571 290 1966 341 lude-,sabba-

419 356 579 421 flgnra
595 356 668 415 11,
690 362 772 405 62.
1233 356 1323 406 tho
1354 370 1455 406 non
1484 356 1728 407 violando
1746 358 1827 418 11,
1854 363 1957 409 197.

353 422 632 541 Cyclops11
603 424 674 483 11,
696 426 812 473 477.
853 420 1133 487 Cyclopum
1236 428 1351 472 206.
1382 424 1443 473 de
1466 430 1744 486 parentum
1768 425 1957 475 honore

422 490 632 555 region
635 494 785 553 ,6.46
1232 491 1301 552 11,
1330 496 1440 539 198.
1460 494 1577 541 207.
1610 492 1675 540 de
1712 494 1958 543 adulterio

353 558 688 623 cynomyiae,
713 556 988 621 Aegyptios
1007 554 1132 605 infe·
1232 558 1303 617 11,
1324 564 1439 607 201.
1462 561 1579 607 207.
1601 559 1675 610 'de
1690 574 1803 609 non
1830 562 1957 611 occi·

422 634 554 675 stant
577 626 648 687 Π,
681 630 792 674 101.
832 638 1003 673 earum
1029 632 1132 687 ety-
1234 626 1398 675 dendo
1415 626 1485 684 Π,
1508 630 1627 674 202.
1638 631 1761 675 208.
1782 628 1851 677 de
1860 643 1959 677 non

419 708 540 743 mon
563 701 614 742 et
635 691 903 755 descriptio
929 690 995 739 ib.
1233 692 1447 744 furando
1470 692 1536 741 ib.
1565 694 1631 743 de
1656 692 1795 745 falso
1822 696 1959 743 testi·

709 760 776 809 D.
1232 760 1405 809 monio
1448 758 1513 807 ib.
1570 760 1635 809 de
1680 762 1955 825 cupiditate

350 828 592 877 Damasci
613 834 814 891 etymon
829 826 874 885 1,
893 831 1009 875 480.
1232 826 1502 877 avertenda
1527 826 1597 887 11,
1627 831 1748 877 204.
1782 834 1900 879 208.

351 896 607 945 Damnum
651 910 717 943 ex
759 906 880 959 agro
921 894 1131 956 depasto
1166 894 1352 953 Deciis,
1376 906 1617 943 numerus
1634 894 1892 957 perfectus
1908 896 1947 955 1,

419 963 734 1013 sarciendam
783 960 853 1021 11,
897 966 1011 1009 sss.
1066 975 1132 1009 ex
1233 965 1349 1009 343.
1382 965 1503 1011 259.
1524 965 1641 1011 532.
1668 962 1743 1023 11,
1764 968 1849 1013 33.
1870 968 1945 1011 35.

417 1032 534 1093 igne
561 1032 692 1079 inter
715 1036 882 1079 sentes
915 1040 1130 1078 accenso
1234 1030 1351 1077 355.
1390 1028 1566 1077 eadem
1604 1044 1726 1078 cum
1756 1036 1945 1092 quater-

416 1098 488 1158 11,
507 1103 623 1149 340.
1232 1096 1377 1144 nario
1392 1094 1436 1154 1,
1458 1098 1575 1145 347.
1604 1110 1639 1144 a
1652 1096 1807 1147 Mose
1825 1098 1945 1147 3313·

351 1166 470 1215 Dan
515 1164 689 1214 iudicii
737 1164 932 1226 signum
965 1162 1009 1221 1,
1044 1167 1127 1213 84.
1233 1162 1456 1222 litatur-I,
1471 1167 1586 1211 532.
1606 1165 1831 1213 nominis
1850 1172 1943 1227 ety-

415 1236 532 1281 314.
563 1236 678 1281 663.
719 1232 828 1281 eius
855 1244 1059 1293 serpens
1084 1230 1127 1289 I,
1231 1244 1353 1277 mon
1374 1229 1443 1288 11,
1470 1234 1583 1277 184.

417 1303 499 1347 33.
526 1302 642 1347 315.
1164 1296 1406 1347 Decimae
1477 1296 1841 1359 persolvendae
1901 1297 1941 1355 1,

349 1364 670 1415 Dardanidae
713 1364 897 1414 liberos
939 1365 992 1415 in
1036 1363 1129 1413 flu·
1233 1368 1347 1413 532.
1385 1368 1501 1411 533.
1550 1365 1725 1426 populi
1756 1364 1942 1415 Levitis

413 1446 532 1481 men
569 1432 840 1493 proficiunt
875 1446 940 1481 ne
977 1433 1129 1483 servi·
1230 1442 1501 1479 concessae
1526 1430 1597 1489 11,
1616 1435 1743 1491 23⁶3
1797 1432 1942 1481 Levi·

415 1504 502 1545 ant
535 1497 604 1557 11,
642 1502 759 1545 463.
1230 1505 1393 1547 tarum
1416 1498 1750 1547 sacerdotibus
1770 1497 1835 1547 ib.
1882 1513 1945 1547 ex

347 1564 613 1623 Debitones
639 1562 857 1613 humane
880 1566 1129 1615 tractandi
1230 1566 1345 1613 vino
1359 1600 1373 1624 ,
1399 1564 1513 1614 oleo
1534 1571 1584 1615 et
1596 1564 1709 1611 lana
1722 1562 1797 1623 Π,
1820 1570 1945 1615 391.

413 1631 482 1691 11,
508 1635 623 1679 285.
1031 1640 1036 1647 ·
1163 1632 1476 1681 Decmiones
1504 1646 1547 1693 -a
1571 1631 1714 1680 Mose
1749 1633 1945 1682 consti·

347 1698 645 1749 Debitorum
703 1698 933 1747 remissio
991 1714 1129 1751 anno
1229 1700 1324 1749 tuti
1350 1698 1394 1759 1,
1416 1704 1530 1751 535.

418 1768 632 1833 septimo
664 1766 733 1827 11,
771 1770 887 1815 284.
1162 1765 1442 1817 Delubrnm
1504 1766 1817 1819 tabernaculi
1874 1767 1941 1827 11,

350 1835 560 1896 Debon,
595 1832 828 1885 contentio
855 1834 898 1894 1,
929 1839 1040 1885 133.
1235 1839 1349 1883 149.

348 1902 637 1967 Decalogns
673 1902 928 1951 Mosaicus
965 1918 996 1950 a
1031 1903 1126 1951 deo
1161 1902 1323 1952 Delus
1348 1901 1516 1951 insula
1542 1916 1609 1959 ex
1632 1902 1763 1951 mari
1790 1917 1942 1953 emer·

411 1971 756 2034 promulgatus
782 1970 852 2029 11,
877 1974 986 2019 183.
1007 1974 1122 2019 390.
1228 1970 1303 2032 git
1332 1970 1402 2029 Π,
1433 1974 1547 2019 510.
1586 1968 1808 2034 Anaphe
1826 1971 1942 2020 olim

415 2038 582 2100 capita
622 2037 792 2099 legum
833 2037 1127 2100 specialium
1228 2038 1363 2085 dicta
1380 2035 1443 2085 ib.

415 2105 672 2153 continent
687 2103 752 2152 ib.
779 2118 866 2153 cur
883 2113 1026 2153 extra
1045 2119 1127 2151 nr·
1160 2103 1485 2155 Democratia
1538 2104 1769 2167 regimen
1820 2106 1942 2169 opti·

412 2172 530 2222 bem
550 2171 620 2231 Π,
650 2174 762 2221 185.
793 2185 881 2219 cur
907 2170 1126 2235 singula-
1226 2186 1366 2220 mum
1414 2170 1483 2230 Π,
1529 2175 1609 2219 35.
1658 2176 1780 2223 374.
1827 2176 1939 2221 406.

413 2240 534 2288 riter
575 2237 846 2301 alloquitur
885 2238 955 2299 Π,
1011 2242 1121 2287 186.
1227 2241 1346 2288 473.

413 2306 590 2357 divisio
635 2305 689 2354 in
723 2305 846 2355 duas
881 2304 1123 2369 pentadas
1158 2305 1479 2355 Democritus
1492 2341 1506 2365 ,
1534 2305 1851 2369 improbatur
1871 2304 1936 2364 Π,

412 2374 483 2435 11,
516 2378 627 2423 188.
657 2372 764 2421 eius
795 2380 1062 2436 praecepta
1078 2372 1121 2433 1,
1213 2375 1343 2423 472.
1398 2373 1505 2421 eius
1550 2379 1601 2421 et
1632 2372 1847 2435 Epicuri
1882 2373 1938 2420 de

411 2446 529 2491 496.
559 2445 676 2491 536.
712 2449 1034 2503 praeceptum
1060 2440 1124 2490 de
1223 2440 1412 2489 mundo
1446 2439 1697 2501 sententia
1724 2440 1795 2500 ΙΙ,
1823 2443 1935 2488 489.

413 2508 494 2555 dei
512 2507 796 2570 principatu
808 2508 1121 2571 singular-ill,
1158 2506 1369 2557 Denarii
1406 2507 1599 2556 numeri
1625 2507 1843 2569 dignitas
1868 2506 1938 2566 11,

413 2577 526 2619 191.
544 2578 661 2622 203.
682 2574 743 2622 de
759 2588 864 2623 non
881 2574 1124 2629 faciendis
1230 2578 1599 2623 183.184.185.
1619 2574 1936 2623 vid-Decas-

407 2636 556 2686 idolis
581 2639 652 2697 11,
677 2643 788 2687 193.
809 2646 922 2691 205.
953 2642 1014 2691 de
1031 2656 1122 2690 no·
1156 2641 1376 2690 Dent-em
1395 2642 1521 2689 servi
1538 2640 1777 2704 frangens
1794 2640 1939 2705 puni-

405 2699 541 2749 mine
559 2703 673 2751 dei
657 2718 711 2751 in
728 2720 909 2753 vanum
927 2722 1030 2765 non
1043 2722 1120 2759 33·
1222 2715 1304 2757 tur
1319 2706 1389 2768 11,
1408 2712 1523 2757 332.

2086 32 2093 260 Ι
