2125 3084
328 157 429 212 398
782 161 1152 210 rumoms
1197 163 1474 224 IUDAEI
1703 163 1789 230 [m
1813 164 1932 231 sea]

326 271 382 319 et
409 263 605 318 Manue
632 277 693 320 se
718 265 1117 336 praesentavit,
1166 263 1265 320 sed
1297 267 1531 322 venit'et
1564 265 1780 324 adstitit
1822 270 1934 334 hu,-

325 353 489 393 mano
510 338 673 394 oculo
698 340 970 395 visibilis:
1022 357 1133 394 non
1165 341 1312 395 sicut
1330 342 1462 395 solis
1492 341 1618 396 halo
1645 343 1932 400 intuentes

324 413 385 468 in
422 419 483 468 se
520 415 763 470 concutit
798 414 1121 486 splendore,
1173 415 1272 470 sed
1309 414 1404 470 hic
1437 417 1632 471 Manue
1667 421 1932 490 apparuit

324 497 637 544 mensurata
656 490 871 545 visione
885 532 898 555 ‚
925 489 1218 545 artificiose
1232 532 1245 555 ‚
1273 499 1337 546 ut
1353 491 1472 546 dixi
1486 532 1499 555 ‚
1519 499 1574 546 et
1589 503 1927 564 opportune.

323 563 431 618 Ubi
454 564 602 626 enim
620 573 774 620 erant
792 566 1090 638 promissio
1107 573 1160 620 et
1181 565 1389 620 donum
1405 574 1458 621 et
1475 566 1735 621 donatum
1750 608 1765 632 ‚
1791 586 1929 624 ana-

326 637 503 711 logice
529 639 811 711 oportebat
838 640 1222 714 magnitudine
1251 640 1460 696 donum
1477 642 1728 707 exaltari,
1772 652 1836 698 ut
1857 643 1926 698 fi-

328 713 452 769 dem
476 731 507 768 a
526 716 732 770 maiore
750 716 1012 770 maiorem
1034 717 1332 787 acciperet:
1377 717 1477 772 ulfi
1501 733 1629 772 vero
1648 717 1926 789 simplicis

326 789 596 844 sermonis
626 790 875 862 nudique
910 791 1156 846 mandati
1194 792 1369 864 (locus
1411 792 1573 866 erat),
1623 792 1923 863 tranquilla

324 865 541 920 visione
578 865 882 936 opus'fuit‚
935 866 1208 922 dictorum
1245 868 1449 940 gratia,
1501 884 1570 924 ne
1605 868 1918 922 memoriam

324 948 739 1012 praeceptorum
770 942 932 996 timor
956 941 1257 996 obvelaret.
1335 943 1450 997 Imo
1483 945 1667 1014 potius
1705 942 1924 998 videtur

325 1015 465 1069 mihi
486 1015 669 1070 dividi
690 1016 835 1072 visio
855 1017 1039 1090 angeli
1057 1016 1127 1071 ad
1149 1026 1436 1088 utramque
1457 1026 1708 1072 naturam
1721 1060 1734 1084 ,
1765 1019 1839 1073 ita
1861 1025 1926 1072 ut

326 1090 527 1146 mulier
554 1091 719 1163 plane
748 1091 952 1147 viderit
980 1101 1035 1146 et
1060 1093 1150 1146 vir
1178 1101 1443 1164 quantum
1481 1095 1681 1164 potuit.
1767 1091 1924 1160 Quod

326 1174 509 1222 autem
542 1168 625 1222 sic
662 1167 931 1223 ambobus
968 1169 1312 1238 apparuerit,
1365 1171 1695 1240 scripturam
1731 1176 1924 1224 testem

326 1240 561 1296 adduce.
651 1243 789 1297 Nam
826 1243 1117 1297 mulierem
1151 1243 1229 1298 ita
1266 1243 1482 1298 inducit
1515 1252 1826 1299 narrantem
1853 1243 1926 1299 de

325 1325 518 1372 natura
547 1317 889 1387 apparentis,
936 1317 1158 1374 dicens:
1217 1319 1309 1373 Vir
1333 1323 1416 1372 dei
1444 1323 1582 1372 venit
1609 1323 1682 1373 ad
1709 1337 1828 1384 nos,
1877 1327 1928 1374 et

321 1397 455 1446 visio
500 1397 611 1445 eiua
654 1397 789 1447 sicut
834 1397 967 1447 vicio
1004 1396 1182 1461 angeli
1227 1401 1407 1460 (ludie-
1438 1400 1522 1460 13,
1553 1399 1623 1458 6).
1727 1396 1926 1451 Manue

330 1482 454 1520 vero
476 1465 649 1537 quid?
690 1467 859 1528 Dicit.
883 1467 1033 1538 quod
1054 1469 1174 1524 Non
1191 1474 1334 1524 novit
1353 1469 1570 1533 Manae,
1599 1473 1737 1538 quod
1765 1487 1928 1541 unqe-

325 1545 407 1598 lus
424 1545 619 1598 doniim’
636 1551 761 1596 esset
784 1550 875 1612 (ib.
898 1564 971 1598 vs.
992 1549 1104 1610 16).
1819 1563 1834 1578 ·

441 1651 523 1705 42.
570 1645 727 1714 Quod
765 1648 817 1704 si
841 1649 919 1704 ita
954 1665 1042 1706 res
1069 1666 1130 1704 se
1158 1647 1350 1713 habet,
1401 1649 1643 1721 cognitio
1669 1648 1923 1705 mulieris

324 1730 409 1780 est
427 1723 572 1779 circa
583 1723 926 1796 praeclarum
948 1725 1166 1782 vultum
1185 1733 1241 1782 et
1259 1725 1540 1796 ingentem
1558 1724 1920 1790 maiestatem,

321 1801 630 1872 ignorantia
659 1817 790 1856 vero
819 1801 926 1856 viri
962 1801 1110 1856 circa
1147 1800 1460 1871 simplicem
1499 1799 1728 1855 formam
1767 1817 1925 1854 man·-

322 1884 653 1947 suetumque
672 1876 910 1931 vultum.
988 1874 1260 1942 Quoniam
1291 1875 1437 1930 idem
1459 1882 1574 1930 erat
1592 1883 1645 1930 et
1666 1871 1740 1949 [³¹⁶]
1767 1892 1925 1931 man-

322 1958 515 2008 suetus
534 1960 587 2006 et
606 1951 942 2023 praeclarus,
966 1950 1213 2006 modeste
1226 1950 1480 2006 narrabat
1488 1950 1924 2021 primum,quod

322 2025 573 2079 mulieris
600 2027 776 2108 gratia
806 2027 1011 2082 missus
1039 2025 1238 2081 fuerat.
1323 2027 1461 2080 Nam
1495 2026 1642 2081 sicut
1669 2025 1948 2098 minister,

320 2098 469 2172 regis
489 2101 752 2156 victoriae
768 2109 958 2156 contra
974 2101 1160 2156 hostes
1181 2101 1449 2176 nuncium
1469 2099 1588 2166 dat,
1618 2100 1702 2154 sic
1719 2099 1926 2163 mulie-

319 2175 369 2228 ri
399 2175 629 2248 angelus
665 2174 735 2230 de
771 2174 996 2231 vinculo
1033 2185 1260 2231 naturae
1295 2176 1582 2231 sterilitate
1620 2174 1924 2230 laborantis

318 2249 585 2305 solvendo
605 2251 1084 2304 annunciationem
1103 2250 1216 2306 dat.
1275 2251 1388 2306 Hoc
1407 2250 1568 2306 modo
1587 2252 1775 2322 itaque
1793 2265 1928 2306 mu-

321 2324 445 2379 lieri
464 2325 709 2396 primum
730 2341 1017 2396 apparens,
1049 2325 1253 2381 deinde
1273 2335 1326 2382 et
1347 2343 1376 2381 a
1397 2328 1516 2381 viro
1532 2328 1733 2386 iterum
1753 2341 1928 2381 voca·-

316 2408 407 2454 tus
438 2398 588 2455 haud
617 2399 997 2472 superbiebat3
1052 2417 1273 2456 rursum
1354 2419 1385 2456 e
1413 2401 1562 2474 quod
1589 2417 1697 2456 non
1715 2416 1928 2456 conve-

318 2473 505 2530 niebat
522 2476 601 2540 ei,
644 2484 961 2548 exspectare
983 2493 1092 2530 non
1111 2418 1492 2534 cunctabatur.
1569 2477 1760 2530 Postea
1787 2491 1928 2532 vero

316 2564 491 2618 quum
518 2550 671 2604 venit
698 2551 834 2608 illuc
864 2551 953 2606 vir
976 2558 1031 2606 et
1056 2566 1165 2608 non
1187 2553 1494 2607 secundum
1513 2551 1847 2624 condignam
1869 2554 1932 2607 ei

317 2621 551 2692 gloriam
571 2627 801 2679 accessit
820 2625 889 2680 ad
910 2641 1063 2689 eum,
1103 2626 1203 2680 sed
1225 2629 1390 2683 etiam
1413 2627 1580 2682 nimis
1607 2633 1934 2696 contempte

317 2694 701 2766 interrogavit,
744 2691 881 2770 quis’
892 2700 965 2755 sit
986 2707 1039 2754 et
1058 2699 1244 2757 unde?
1283 2711 1446 2776 atque
1472 2703 1622 2758 hunc
1641 2709 1798 2758 tuum
1819 2701 1938 2757 ad-
