2125 3084
309 218 401 269 434
535 222 735 265 rim„
777 220 929 267 mn.
972 219 1299 277 QUAEST.
1340 220 1441 265 ET
1481 207 1901 285 sot..[11,319.]

304 322 493 376 relicta
512 330 665 393 parte
686 338 885 385 vacua,
928 323 987 375 in
1006 338 1176 391 quam
1193 322 1399 391 irrepat
1418 328 1724 391 peccatum.
1787 320 1910 375 Ve-

303 414 426 450 rum
455 397 658 467 optime
689 413 747 449 se
777 396 943 449 habet
968 395 1112 449 illud
1141 394 1602 458 additamentum,
1651 394 1908 465 accipere

306 488 375 525 ex
411 470 669 526 omnibus
712 470 873 524 bonis
908 486 1106 537 secum;
1163 470 1426 540 quoniam
1466 469 1626 523 multi
1667 468 1908 523 aliorum

305 553 575 616 usurpant
603 544 744 599 bona
770 554 1049 615 tamquam
1077 544 1312 599 alienam
1336 544 1766 614 possessionem,
1809 544 1908 598 ni-

306 620 387 674 hil
416 620 527 692 ipsi
558 619 987 674 emolumentum
1016 618 1313 673 referentes
1329 659 1341 681 ‚
1381 620 1528 672 sicut
1546 617 1824 687 sophistae
1847 626 1907 672 et

308 694 477 749 verba
495 702 793 765 captantes,
874 692 1166 764 Siquidem
1190 691 1576 764 philosophiae
1603 691 1753 763 leges
1770 692 1906 762 pul-

309 770 609 824 cherrimas
644 768 951 841 dignasque
986 766 1169 822 studio
1197 775 1252 821 et
1278 768 1483 820 virtute
1511 765 1692 820 edocti
1718 766 1906 821 nulla-

256 845 269 851 ’
308 854 469 900 tenus
497 843 751 905 meliores
782 850 1100 905 evaserunt,
1143 840 1240 895 sed
1267 849 1518 913 regentes
1539 858 1602 894 ac
1621 840 1906 911 corrigen-

308 928 391 972 tes
423 925 757 971 caeterorum
786 918 956 971 vitam
988 918 1110 969 sine
1139 932 1271 969 cura
1298 914 1623 985 medelaque
1652 916 1903 985 proprios

312 992 521 1046 animos
543 990 911 1061 dereliquere,
956 1006 1021 1045 eo
1050 990 1199 1061 quod
1230 1005 1418 1044 secum
1445 997 1608 1060 atque
1633 990 1694 1043 in
1713 1005 1772 1043 se
1792 1005 1904 1044 non

310 1066 588 1120 habebant
605 1065 1011 1136 philosophiam
1043 1074 1105 1119 ut
1131 1065 1339 1119 bonum
1357 1065 1663 1135 genuinum
1685 1081 1746 1117 ac
1769 1064 1906 1117 inti-

311 1158 491 1205 mum,
534 1140 633 1195 sed
661 1156 828 1210 super
858 1140 1069 1193 labium
1097 1147 1151 1193 et
1175 1138 1466 1209 superficie
1487 1148 1666 1193 tenus.
1745 1136 1906 1203 Quod

312 1233 443 1270 sane
472 1215 655 1268 simile
684 1214 813 1275 erit,
866 1230 929 1267 ac
962 1213 1011 1266 si
1042 1213 1242 1267 mulier
1271 1212 1532 1267 deformis
1558 1228 1798 1284 purpura
1831 1213 1908 1267 sit

311 1289 505 1343 induta
533 1289 799 1358 pretiosa3
850 1288 975 1341 talis
1006 1287 1155 1339 enim
1184 1288 1356 1341 vestis
1385 1286 1447 1340 fit
1479 1304 1588 1342 non
1615 1302 1910 1341 ornamen-

312 1372 429 1417 tum
460 1362 712 1423 habenti,
762 1360 860 1414 sed
896 1359 1277 1429 reprehensio,
1331 1360 1644 1417 evidentius
1678 1361 1908 1415 demon-

314 1445 491 1490 strans
514 1435 693 1505 ipsius
712 1434 1135 1504 turpitudinem.

398 1588 526 1647 Quid
558 1590 621 1640 sit
652 1589 1031 1655 Mesopotamia,
1080 1610 1178 1656 qua
1204 1592 1390 1657 peryit,
1435 1602 1482 1641 et
1517 1592 1634 1656 quid
1665 1591 1832 1641 civitas

918 1657 1154 1709 Nachor?
1187 1662 1306 1725 (ib.)

430 1764 515 1815 93.
568 1760 652 1816 Ad
687 1761 923 1817 litteram
956 1762 1345 1833 Mesopotamia
1379 1769 1462 1815 est
1497 1762 1648 1833 regio
1676 1760 1912 1833 Babylo-

317 1837 440 1890 niae
470 1836 651 1891 media
679 1837 822 1893 inter
849 1837 959 1892 duo
987 1836 1216 1892 flumina
1243 1836 1580 1907 Euphratem
1604 1844 1657 1890 et
1678 1836 1906 1907 Tigrim,

316 1911 464 1965 unde
495 1921 549 1965 et
577 1921 785 1967 certum
815 1930 1012 1967 nomen
1041 1914 1231 1967 sortita
1257 1920 1364 1978 est3
1418 1919 1471 1965 et
1498 1910 1712 1965 Nachor
1738 1917 1906 1981 patet,

316 1986 466 2055 quod
504 1986 657 2039 illius
696 1988 937 2041 civitatis
981 1988 1040 2041 in
1081 1987 1358 2061 Babylone
1421 1982 1474 2058 *J
1517 1986 1674 2056 prius
1713 2000 1913 2037 nomen

318 2068 456 2119 erat,
495 2059 645 2126 quod
665 2062 842 2129 potuit
862 2077 1035 2125 nunc,
1078 2062 1224 2115 sicut
1248 2069 1300 2115 et
1318 2077 1412 2115 mu
1439 2068 1491 2114 ta
1511 2061 1616 2114 alia
1631 2100 1644 2124 ‚
1676 2060 1733 2113 in
1759 2056 1914 2112 aliud

318 2132 459 2185 verti
472 2147 690 2185 nomen.
713 2132 798 2186 Ad
808 2143 1045 2188 mentem
1058 2152 1186 2190 vero
1197 2136 1339 2190 illud
1351 2142 1560 2206 oportet
1571 2133 1754 2188 dicere
1769 2153 1780 2187 :
1799 2132 1915 2189 Na-

322 2209 443 2259 chor
461 2204 848 2277 interpretatur
875 2208 1048 2262 lucis
1069 2211 1292 2279 quies:
1345 2210 1444 2264 lux
1471 2217 1653 2264 autem
1679 2216 1762 2263 est
1781 2224 1917 2261 ocu-

321 2279 361 2333 li
384 2280 626 2351 corporis
647 2280 736 2335 vel
757 2278 950 2335 solaris
971 2283 1060 2337 vel
1085 2284 1293 2338 lunaris
1323 2284 1412 2339 vel
1446 2285 1506 2337 in
1527 2282 1744 2337 flamma
1766 2282 1916 2353 ignis

320 2354 705 2425 resplendens3
752 2350 963 2409 animae
991 2373 1122 2410 vero
1152 2358 1252 2412 lux
1286 2358 1558 2431 sapientia
1595 2365 1696 2413 est.
1773 2357 1918 2410 Huic

320 2445 449 2500 ergo
468 2430 754 2499 quiescere
776 2446 838 2483 ac
857 2446 1070 2484 cessare
1082 2432 1310 2486 minime
1323 2432 1565 2504 expedit,
1589 2441 1651 2487 ut
1670 2432 1916 2503 quietem

322 2503 521 2557 habeat
535 2544 547 2567 ‚
572 2504 668 2558 sed
689 2512 868 2558 motus
888 2512 969 2557 est
988 2503 1145 2557 utilis
1165 2514 1274 2558 tam
1297 2506 1375 2571 ei,
1399 2508 1498 2576 qui
1519 2508 1705 2577 ipsum
1727 2505 1913 2568 habet,

318 2591 485 2644 quam
514 2579 782 2647 proximis
812 2578 953 2631 eius.
1038 2578 1288 2647 Namque
1324 2580 1384 2633 fit
1416 2588 1525 2635 tota
1555 2580 1767 2635 familia
1797 2580 1920 2634 eius

322 2648 465 2701 bona
493 2666 591 2719 per
620 2652 945 2722 sapientiam
974 2659 1120 2705 mota
1149 2652 1218 2705 ad
1247 2652 1358 2706 sibi
1379 2654 1658 2718 decentia,
1703 2654 1922 2709 claudi-

326 2738 455 2773 cans
484 2739 614 2775 vero
640 2732 692 2777 et
720 2724 1065 2795 imperfecta,
1109 2726 1158 2779 si
1186 2734 1335 2780 motu
1363 2726 1711 2783 destituatur.
1789 2729 1922 2783 Ideo
