2125 3084
609 181 656 225 N
671 180 968 227 OMINUM
1001 182 1103 225 ET
1139 182 1421 229 RERUM.

210 294 483 347 Proximus
525 311 776 345 sermonem
813 298 998 361 signifi-

285 370 366 411 eat
397 363 438 423 I,
475 367 589 411 559.

210 430 511 489 Prudentia,
533 428 712 492 quidI,
737 434 816 478 56.
849 430 998 479 insa-

1707 178 1805 233 243

1102 302 1215 345 621.
1238 302 1353 346 624.
1392 311 1480 347 eur
1502 299 1575 347 sic
1596 300 1812 363 appella-

1100 372 1181 413 tus
1218 364 1263 423 Ι,
1302 370 1417 412 622.
1472 365 1711 417 scientiae
1746 368 1812 416 si·

1100 444 1255 493 gnum
1289 430 1333 490 Ι,
1365 435 1480 479 621.

226 497 474 559 pieuna
493 498 576 545 dei
595 498 768 545 sedem
785 497 938 546 habet
953 497 996 558 Ι,
1032 498 1334 560 Pythagorei
1360 498 1422 547 de
1455 499 1735 561 septenario
1768 499 1811 559 Ι,

285 568 365 612 59.
418 565 570 612 visus
585 564 784 613 animae
817 564 996 624 11,1o.

281 644 362 679 ros
393 630 494 679 fixa
522 637 572 679 et
598 632 902 681 inconeussa
927 631 996 691 H,

282 702 398 745 449.
437 712 606 746 rerum
620 698 674 745 in
691 698 837 746 nobis
857 712 1000 761 prae·
1034 696 1397 759 Quadrupedes
1426 699 1704 749 animantes
1732 701 1812 749 de-
1888 704 1895 711 ’

283 764 590 813 stantissima
625 765 693 824 H,
733 767 850 814 377.
911 766 999 813 du-

221 855 228 861 ·
282 832 403 895 plex
418 831 462 891 I,
486 836 566 880 59.

211 898 654 961 Psontomphanee
676 898 880 962 Iosephi
907 913 998 948 no-

225 998 232 1003 ·
283 980 400 1013 men
419 965 464 1025 I,
485 970 600 1015 592.

211 1032 490 1081 Ptolemaei
517 1047 660 1095 reges
687 1034 996 1095 imperatori-

282 1098 376 1147 bus
385 1100 625 1149 Romanis
647 1101 886 1164 dignitate
903 1101 995 1149 im-

279 1180 427 1227 pares
461 1167 529 1227 H,
562 1171 675 1216 566.
722 1182 898 1217 eorum
921 1168 995 1216 fa·

281 1233 421 1280 milia
440 1232 510 1293 H,
535 1238 614 1283 60.

209 1299 529 1349 Ptolemaeus
617 1301 991 1365 Philadelphus,

281 1367 389 1415 eius
415 1368 756 1418 munificentia
780 1370 848 1430 H,
879 1375 992 1419 138.

221 1468 228 1473 ·
281 1435 389 1483 eius
405 1435 460 1483 in
475 1436 616 1485 libris
635 1438 790 1486 sacris
803 1444 994 1485 verten-

1100 569 1181 612 46.

1395 629 1460 690 Q.

1101 780 1211 813 cem
1228 765 1445 814 mundae
1463 765 1532 825 H,
1556 771 1671 814 353.

1034 830 1395 892 Quaternarius
1432 848 1691 893 numerus,
1732 835 1813 883 de-

1100 899 1237 947 cadis
1264 899 1379 948 fons
1404 899 1447 959 Ι,
1483 905 1560 948 10.
1603 901 1709 950 eius
1728 902 1815 949 do-

1098 972 1175 1015 tes
1193 965 1255 1013 ib.
1292 966 1466 1015 laudes
1486 968 1619 1029 apud
1634 968 1815 1017 Mosen

1094 1032 1139 1092 Ι,
1168 1035 1283 1082 347.
1331 1034 1648 1095 aequalitatis
1686 1050 1813 1097 sym-

1096 1100 1268 1148 bolum
1304 1100 1369 1149 ib.
1424 1101 1641 1151 iustitiae
1676 1116 1814 1151 men-

1096 1182 1215 1215 sura
1247 1168 1290 1227 1,
1333 1172 1411 1216 11.
1456 1169 1563 1218 eius
1599 1169 1813 1231 dignitas

1096 1233 1165 1294 11,
1202 1239 1314 1283 152.

1030 1300 1302 1361 Quinarius
1314 1316 1569 1361 numerus,
1588 1303 1697 1351 eius
1708 1303 1813 1351 lau·

1096 1370 1184 1417 des
1204 1369 1245 1429 Ι,
1270 1374 1385 1419 349.
1426 1384 1662 1419 sensuum
1682 1384 1813 1431 sym-

1096 1437 1271 1486 bolum
1287 1437 1356 1497 11,
1384 1440 1493 1487 147.

221 1526 224 1533 -
279 1502 356 1551 dis
377 1517 496 1551 cura
507 1504 862 1564 etstudiumH‚
881 1510 992 1553 139.
1031 1502 1528 1567 Quinquagenarius,
1572 1517 1733 1553 annus
1766 1503 1812 1563 Ι,

279 1584 400 1631 erga
440 1570 735 1633 interpretes
778 1571 994 1621 Iudaeos

279 1637 489 1683 comitas
517 1637 583 1684 ib.

210 1701 468 1750 Punctum-
478 1700 837 1763 geometricum
853 1704 896 1763 Ι,
912 1710 935 1752 1
948 1710 970 1752 1
979 1740 991 1753 .

1096 1573 1179 1620 87.
1223 1586 1460 1621 numerus
1488 1572 1740 1635 perfectus
1767 1571 1811 1630 Ι,

1096 1645 1223 1753 ig?
1264 1640 1369 1689 eius
1410 1641 1551 1689 dotes
1585 1640 1652 1699 H,
1699 1640 1841 1711 147..

213 1791 223 1799 ·
281 1772 396 1816 540.
433 1776 699 1830 punctum,
729 1770 889 1829 linea,
915 1786 995 1819 su·
1031 1769 1447 1832 Quinquagesimi
1466 1772 1707 1831 cuiusque
1728 1784 1813 1817 an-

277 1834 506 1897 perfieies
523 1835 593 1894 H,
621 1840 734 1883 184.

210 1902 457 1951 Punieula
491 1902 544 1949 in
570 1901 821 1963 pontificis
849 1903 995 1953 vesti-

279 1976 350 2028 tu,
373 1970 514 2017 cuius
535 1970 610 2018 rei
627 1969 908 2032 symbolum
923 1970 992 2029 H,

283 2041 396 2084 153.

1096 1838 1148 1883 ni
1162 1837 1506 1894 otiumH,392.
1520 1834 1649 1883 Vide
1660 1836 1812 1883 etiam

1094 1903 1310 1950 Annus
1344 1900 1503 2017 Sffb
1516 1904 1735 1951 atieus.

1029 2036 1217 2085 Rachel
1244 2050 1309 2085 ex
1337 2043 1501 2099 etymo
1522 2036 1618 2085 coti
1634 2036 1808 2085 similis

210 2104 466 2165 Purgatio,
489 2105 710 2166 corporis
731 2110 780 2152 et
799 2105 994 2153 animae
1057 2124 1062 2129 ’
1094 2104 1137 2163 Ι,
1167 2108 1280 2153 523.
1320 2104 1496 2153 brutae
1522 2105 1675 2166 partis
1704 2103 1810 2151 ani-

223 2224 228 2229 ,
276 2170 604 2229 11‚251.253.
627 2172 988 2235 triplexl,615.

211 2238 408 2287 Puritas
451 2239 504 2286 in
545 2238 856 2289 sacrificante
889 2254 993 2287 ma-

277 2305 414 2353 xime
461 2314 714 2368 speetatur
758 2307 828 2367 H,
876 2311 990 2355 253.

279 2376 394 2419 254.

211 2439 436 2500 Purpura
449 2475 462 2497 ,
503 2454 665 2502 aquae
693 2442 915 2504 signum,
947 2441 989 2501 Ι,

279 2510 392 2553 536.
430 2506 499 2566 Π,
535 2512 645 2556 148.

1094 2186 1207 2219 mae
1225 2171 1380 2219 virtus
1399 2171 1460 2221 ib.
1498 2172 1597 2219 Lia
1612 2171 1810 2219 animae

1094 2236 1805 2301 pulchritudineiunior1,394.

1098 2306 1355 2354 sensibilia
1380 2312 1595 2355 sectatur
1619 2304 1661 2362 Ι,
1689 2308 1805 2353 365.

1097 2387 1246 2434 supet
1280 2374 1415 2421 idola
1448 2372 1625 2421 sedens
1650 2369 1693 2429 Ι,
1727 2374 1805 2421 74.

1094 2440 1249 2502 prolis
1272 2440 1451 2501 cupida
1469 2439 1513 2497 1,
1536 2442 1649 2487 260.

1026 2508 1223 2569 Raguel
1248 2506 1287 2568 1,
1312 2510 1425 2554 594.
1448 2510 1559 2553 596.

212 2573 354 2622 Putei
406 2574 460 2622 in
517 2576 754 2623 damnum
805 2575 990 2624 defossi
1025 2576 1263 2633 Ramses,
1314 2586 1489 2622 sensus
1527 2573 1807 2637 symbolum

277 2654 441 2702 poena
479 2642 548 2703 II,
587 2647 702 2690 324.

214 2708 396 2759 Puteus
413 2710 677 2761 iuramenti
689 2710 732 2772 I,
745 2715 858 2760 341.
875 2714 988 2759 606.

1093 2641 1135 2700 Ι,
1176 2645 1291 2689 236.
1364 2641 1468 2691 eius
1515 2649 1715 2705 etymon
1759 2641 1803 2700 1,

1096 2713 1208 2757 632.

1293 2775 1389 2837 Q2
