<?xml version="1.0" encoding="UTF-8"?>
<!DOCTYPE html PUBLIC "-//W3C//DTD XHTML 1.0 Transitional//EN"
    "http://www.w3.org/TR/xhtml1/DTD/xhtml1-transitional.dtd">
<html xmlns="http://www.w3.org/1999/xhtml" xml:lang="en" lang="en">
 <head>
  <title>
</title>
<meta http-equiv="Content-Type" content="text/html;charset=utf-8" />
  <meta name='ocr-system' content='tesseract 3.04.00' />
  <meta name='ocr-capabilities' content='ocr_page ocr_carea ocr_par ocr_line ocrx_word'/>
</head>
<body>
  <div class='ocr_page' id='page_1' title='image "./philonisiudaeio00alejgoog_0709.png"; bbox 0 0 2125 3084; ppageno 0'>
   <div class='ocr_carea' id='block_1_1' title="bbox 361 32 2083 249">
    <p class='ocr_par' dir='ltr' id='par_1_1' title="bbox 361 32 2083 249">
     <span class='ocr_line' id='line_1_1' title="bbox 361 32 2083 249; baseline -0.011 0"><span class='ocrx_word' id='word_1_1' title='bbox 361 194 460 249; x_wconf 71' lang='grc'><strong>238</strong></span> <span class='ocrx_word' id='word_1_2' title='bbox 713 196 962 243; x_wconf 74' lang='lat' dir='ltr'>INDEX</span> <span class='ocrx_word' id='word_1_3' title='bbox 995 190 1527 241; x_wconf 66' lang='lat' dir='ltr'>MANGEYANUS</span> <span class='ocrx_word' id='word_1_4' title='bbox 1566 192 1607 235; x_wconf 94' lang='lat'><strong>1.</strong></span> <span class='ocrx_word' id='word_1_5' title='bbox 2070 32 2083 218; x_wconf 64' lang='grc' dir='ltr'>Ι</span> 
     </span>
    </p>
   </div>
   <div class='ocr_carea' id='block_1_2' title="bbox 359 308 2091 2796">
    <p class='ocr_par' dir='ltr' id='par_1_2' title="bbox 359 308 1986 784">
     <span class='ocr_line' id='line_1_2' title="bbox 359 308 1986 379; baseline -0.006 -12"><span class='ocrx_word' id='word_1_6' title='bbox 359 317 594 375; x_wconf 74' lang='lat' dir='ltr'><strong>Peccata,</strong></span> <span class='ocrx_word' id='word_1_7' title='bbox 611 328 768 379; x_wconf 72' lang='lat' dir='ltr'><strong>reguo</strong></span> <span class='ocrx_word' id='word_1_8' title='bbox 787 314 868 363; x_wconf 82' lang='lat' dir='ltr'><strong>dei</strong></span> <span class='ocrx_word' id='word_1_9' title='bbox 877 314 1141 362; x_wconf 69' lang='lat' dir='ltr'><strong>advers-‚n-</strong></span> <span class='ocrx_word' id='word_1_10' title='bbox 1175 308 1529 372; x_wconf 82' lang='lat' dir='ltr'><strong>Perceptiones</strong></span> <span class='ocrx_word' id='word_1_11' title='bbox 1600 316 1825 359; x_wconf 83' lang='lat' dir='ltr'><strong>nostrae</strong></span> <span class='ocrx_word' id='word_1_12' title='bbox 1894 325 1986 359; x_wconf 84' lang='lat' dir='ltr'><strong>non</strong></span> 
     </span>
     <span class='ocr_line' id='line_1_3' title="bbox 429 377 1975 443; baseline -0.006 -8"><span class='ocrx_word' id='word_1_13' title='bbox 429 394 508 435; x_wconf 80' lang='lat' dir='ltr'><strong>tur</strong></span> <span class='ocrx_word' id='word_1_14' title='bbox 535 384 606 443; x_wconf 89' lang='lat'><strong>11,</strong></span> <span class='ocrx_word' id='word_1_15' title='bbox 637 387 752 431; x_wconf 87' lang='grc'><strong>648.</strong></span> <span class='ocrx_word' id='word_1_16' title='bbox 791 380 1070 431; x_wconf 78' lang='lat' dir='ltr'><strong>voluntaria</strong></span> <span class='ocrx_word' id='word_1_17' title='bbox 1094 386 1144 427; x_wconf 88' lang='lat' dir='ltr'><strong>et</strong></span> <span class='ocrx_word' id='word_1_18' title='bbox 1244 377 1522 440; x_wconf 75' lang='lat' dir='ltr'><strong>simplices,</strong></span> <span class='ocrx_word' id='word_1_19' title='bbox 1571 377 1668 425; x_wconf 83' lang='lat' dir='ltr'><strong>sed</strong></span> <span class='ocrx_word' id='word_1_20' title='bbox 1706 379 1915 427; x_wconf 85' lang='lat' dir='ltr'><strong>mixtae</strong></span> <span class='ocrx_word' id='word_1_21' title='bbox 1944 378 1975 435; x_wconf 89' lang='lat'><strong>1,</strong></span> 
     </span>
     <span class='ocr_line' id='line_1_4' title="bbox 429 444 1975 508; baseline -0.006 -7"><span class='ocrx_word' id='word_1_22' title='bbox 429 450 761 501; x_wconf 74' lang='lat' dir='ltr'><strong>involuntaria</strong></span> <span class='ocrx_word' id='word_1_23' title='bbox 793 450 837 508; x_wconf 91' lang='grc' dir='ltr'><strong>Ι,</strong></span> <span class='ocrx_word' id='word_1_24' title='bbox 875 452 992 497; x_wconf 86' lang='grc'><strong>228.</strong></span> <span class='ocrx_word' id='word_1_25' title='bbox 1023 452 1139 495; x_wconf 86' lang='grc'><strong>291.</strong></span> <span class='ocrx_word' id='word_1_26' title='bbox 1244 448 1359 493; x_wconf 87' lang='grc'><strong>386.</strong></span> <span class='ocrx_word' id='word_1_27' title='bbox 1400 444 1686 493; x_wconf 85' lang='lat' dir='ltr'><strong>earundem</strong></span> <span class='ocrx_word' id='word_1_28' title='bbox 1712 460 1894 495; x_wconf 80' lang='lat' dir='ltr'><strong>rorum</strong></span> <span class='ocrx_word' id='word_1_29' title='bbox 1922 445 1975 492; x_wconf 84' lang='lat' dir='ltr'><strong>di·</strong></span> 
     </span>
     <span class='ocr_line' id='line_1_5' title="bbox 431 512 1627 577; baseline -0.008 -8"><span class='ocrx_word' id='word_1_30' title='bbox 431 522 546 569; x_wconf 81' lang='grc'><strong>327.</strong></span> <span class='ocrx_word' id='word_1_31' title='bbox 582 518 861 567; x_wconf 78' lang='lat' dir='ltr'><strong>voluntaria</strong></span> <span class='ocrx_word' id='word_1_32' title='bbox 891 514 1143 577; x_wconf 81' lang='lat' dir='ltr'><strong>quomodo</strong></span> <span class='ocrx_word' id='word_1_33' title='bbox 1241 526 1416 560; x_wconf 83' lang='lat' dir='ltr'><strong>versae</strong></span> <span class='ocrx_word' id='word_1_34' title='bbox 1434 512 1481 571; x_wconf 89' lang='grc' dir='ltr'><strong>Ι,</strong></span> <span class='ocrx_word' id='word_1_35' title='bbox 1502 515 1627 560; x_wconf 86' lang='grc'><strong>387.</strong></span> 
     </span>
     <span class='ocr_line' id='line_1_6' title="bbox 431 579 1977 649; baseline -0.005 -14"><span class='ocrx_word' id='word_1_36' title='bbox 431 587 694 649; x_wconf 79' lang='lat' dir='ltr'><strong>expiantur</strong></span> <span class='ocrx_word' id='word_1_37' title='bbox 723 584 789 643; x_wconf 91' lang='lat'><strong>11,</strong></span> <span class='ocrx_word' id='word_1_38' title='bbox 811 585 925 632; x_wconf 88' lang='grc'><strong>247.</strong></span> <span class='ocrx_word' id='word_1_39' title='bbox 965 595 1144 645; x_wconf 85' lang='lat' dir='ltr'><strong>pecca-</strong></span> <span class='ocrx_word' id='word_1_40' title='bbox 1175 580 1497 629; x_wconf 84' lang='lat' dir='ltr'><strong>Percontatio</strong></span> <span class='ocrx_word' id='word_1_41' title='bbox 1506 579 1867 641; x_wconf 83' lang='lat' dir='ltr'><strong>exprobrandi</strong></span> <span class='ocrx_word' id='word_1_42' title='bbox 1878 594 1977 643; x_wconf 82' lang='lat' dir='ltr'><strong>gra·</strong></span> 
     </span>
     <span class='ocr_line' id='line_1_7' title="bbox 431 647 1519 705; baseline -0.009 -2"><span class='ocrx_word' id='word_1_43' title='bbox 431 664 594 703; x_wconf 87' lang='lat' dir='ltr'><strong>torum</strong></span> <span class='ocrx_word' id='word_1_44' title='bbox 629 652 886 700; x_wconf 76' lang='lat' dir='ltr'><strong>cicatrices</strong></span> <span class='ocrx_word' id='word_1_45' title='bbox 923 657 976 698; x_wconf 86' lang='lat' dir='ltr'><strong>et</strong></span> <span class='ocrx_word' id='word_1_46' title='bbox 997 648 1145 698; x_wconf 77' lang='lat' dir='ltr'><strong>vesti·</strong></span> <span class='ocrx_word' id='word_1_47' title='bbox 1244 648 1317 695; x_wconf 85' lang='lat' dir='ltr'><strong>tia</strong></span> <span class='ocrx_word' id='word_1_48' title='bbox 1333 647 1375 705; x_wconf 88' lang='grc' dir='ltr'><strong>Ι,</strong></span> <span class='ocrx_word' id='word_1_49' title='bbox 1402 650 1519 695; x_wconf 95' lang='grc'><strong>576.</strong></span> 
     </span>
     <span class='ocr_line' id='line_1_8' title="bbox 429 714 1975 784; baseline -0.005 -14"><span class='ocrx_word' id='word_1_50' title='bbox 429 723 514 784; x_wconf 79' lang='lat' dir='ltr'><strong>gia</strong></span> <span class='ocrx_word' id='word_1_51' title='bbox 539 720 610 781; x_wconf 90' lang='grc' dir='ltr'><strong>Π,</strong></span> <span class='ocrx_word' id='word_1_52' title='bbox 637 722 752 767; x_wconf 85' lang='grc'><strong>228.</strong></span> <span class='ocrx_word' id='word_1_53' title='bbox 1178 715 1465 772; x_wconf 84' lang='lat' dir='ltr'><strong>Percussor,</strong></span> <span class='ocrx_word' id='word_1_54' title='bbox 1494 714 1577 761; x_wconf 87' lang='lat' dir='ltr'><strong>cui</strong></span> <span class='ocrx_word' id='word_1_55' title='bbox 1596 727 1809 777; x_wconf 73' lang='lat' dir='ltr'><strong>poenae</strong></span> <span class='ocrx_word' id='word_1_56' title='bbox 1828 715 1975 764; x_wconf 89' lang='lat' dir='ltr'><strong>obno-</strong></span> 
     </span>
    </p>

    <p class='ocr_par' dir='ltr' id='par_1_3' title="bbox 363 781 1972 919">
     <span class='ocr_line' id='line_1_9' title="bbox 363 781 1591 848; baseline -0.01 -9"><span class='ocrx_word' id='word_1_57' title='bbox 363 788 624 839; x_wconf 71' lang='lat' dir='ltr'><strong>Pectorale</strong></span> <span class='ocrx_word' id='word_1_58' title='bbox 673 784 926 848; x_wconf 79' lang='lat' dir='ltr'><strong>pontificis</strong></span> <span class='ocrx_word' id='word_1_59' title='bbox 939 820 953 844; x_wconf 91' lang='lat'>,</span> <span class='ocrx_word' id='word_1_60' title='bbox 1015 783 1145 833; x_wconf 84' lang='lat' dir='ltr'><strong>caeli</strong></span> <span class='ocrx_word' id='word_1_61' title='bbox 1244 782 1359 829; x_wconf 86' lang='lat' dir='ltr'><strong>xius</strong></span> <span class='ocrx_word' id='word_1_62' title='bbox 1379 781 1449 836; x_wconf 82' lang='grc' dir='ltr'><strong>Π,</strong></span> <span class='ocrx_word' id='word_1_63' title='bbox 1472 784 1591 828; x_wconf 92' lang='grc'><strong>317.</strong></span> 
     </span>
     <span class='ocr_line' id='line_1_10' title="bbox 431 849 1972 919; baseline -0.005 -15"><span class='ocrx_word' id='word_1_64' title='bbox 431 854 710 919; x_wconf 80' lang='lat' dir='ltr'><strong>symbolum</strong></span> <span class='ocrx_word' id='word_1_65' title='bbox 741 852 810 913; x_wconf 91' lang='lat'><strong>11,</strong></span> <span class='ocrx_word' id='word_1_66' title='bbox 847 857 964 901; x_wconf 86' lang='grc'><strong>226.</strong></span> <span class='ocrx_word' id='word_1_67' title='bbox 1178 849 1519 911; x_wconf 74' lang='lat' dir='ltr'><strong>Peregrinatio</strong></span> <span class='ocrx_word' id='word_1_68' title='bbox 1622 850 1693 897; x_wconf 84' lang='lat' dir='ltr'><strong>ad</strong></span> <span class='ocrx_word' id='word_1_69' title='bbox 1784 864 1972 898; x_wconf 87' lang='lat' dir='ltr'><strong>morum</strong></span> 
     </span>
    </p>

    <p class='ocr_par' dir='ltr' id='par_1_4' title="bbox 363 916 2086 983">
     <span class='ocr_line' id='line_1_11' title="bbox 363 916 2086 983; baseline -0.006 -10"><span class='ocrx_word' id='word_1_70' title='bbox 363 924 544 974; x_wconf 87' lang='lat' dir='ltr'><strong>Pectus</strong></span> <span class='ocrx_word' id='word_1_71' title='bbox 561 922 666 970; x_wconf 85' lang='lat' dir='ltr'><strong>irae</strong></span> <span class='ocrx_word' id='word_1_72' title='bbox 685 922 828 969; x_wconf 83' lang='lat' dir='ltr'><strong>sedes</strong></span> <span class='ocrx_word' id='word_1_73' title='bbox 853 920 896 979; x_wconf 95' lang='grc' dir='ltr'><strong>Ι,</strong></span> <span class='ocrx_word' id='word_1_74' title='bbox 922 923 1001 968; x_wconf 87' lang='grc'><strong>57.</strong></span> <span class='ocrx_word' id='word_1_75' title='bbox 1023 923 1141 967; x_wconf 88' lang='grc'><strong>446.</strong></span> <span class='ocrx_word' id='word_1_76' title='bbox 1245 916 1655 965; x_wconf 73' lang='lat' dir='ltr'><strong>emendationem</strong></span> <span class='ocrx_word' id='word_1_77' title='bbox 1678 919 1891 980; x_wconf 83' lang='lat' dir='ltr'><strong>prodest</strong></span> <span class='ocrx_word' id='word_1_78' title='bbox 1906 917 1968 973; x_wconf 81' lang='grc' dir='ltr'><strong>Π,</strong></span> <span class='ocrx_word' id='word_1_79' title='bbox 2072 956 2086 983; x_wconf 74' lang='lat' dir='ltr'><em>e</em></span> 
     </span>
    </p>

    <p class='ocr_par' dir='ltr' id='par_1_5' title="bbox 363 986 1364 1051">
     <span class='ocr_line' id='line_1_12' title="bbox 363 986 1364 1051; baseline -0.011 -10"><span class='ocrx_word' id='word_1_80' title='bbox 363 990 716 1041; x_wconf 85' lang='lat' dir='ltr'><strong>Pectusculum</strong></span> <span class='ocrx_word' id='word_1_81' title='bbox 733 986 1145 1051; x_wconf 77' lang='lat' dir='ltr'><strong>superpositionis</strong></span> <span class='ocrx_word' id='word_1_82' title='bbox 1249 990 1307 1032; x_wconf 89' lang='grc'><strong>41</strong></span> <span class='ocrx_word' id='word_1_83' title='bbox 1319 989 1364 1031; x_wconf 92' lang='grc'><strong>1.</strong></span> 
     </span>
    </p>

    <p class='ocr_par' dir='ltr' id='par_1_6' title="bbox 363 1050 1960 1321">
     <span class='ocr_line' id='line_1_13' title="bbox 429 1050 1960 1119; baseline -0.007 -12"><span class='ocrx_word' id='word_1_84' title='bbox 429 1059 472 1119; x_wconf 89' lang='grc' dir='ltr'><strong>Ι,</strong></span> <span class='ocrx_word' id='word_1_85' title='bbox 501 1064 608 1107; x_wconf 92' lang='grc'><strong>114.</strong></span> <span class='ocrx_word' id='word_1_86' title='bbox 649 1072 681 1105; x_wconf 82' lang='lat' dir='ltr'><strong>a</strong></span> <span class='ocrx_word' id='word_1_87' title='bbox 697 1056 844 1105; x_wconf 82' lang='lat' dir='ltr'><strong>Mose</strong></span> <span class='ocrx_word' id='word_1_88' title='bbox 861 1054 1083 1103; x_wconf 85' lang='lat' dir='ltr'><strong>ablatum</strong></span> <span class='ocrx_word' id='word_1_89' title='bbox 1099 1053 1142 1113; x_wconf 91' lang='grc' dir='ltr'><strong>Ι,</strong></span> <span class='ocrx_word' id='word_1_90' title='bbox 1178 1051 1435 1101; x_wconf 79' lang='lat' dir='ltr'><strong>Perfectus</strong></span> <span class='ocrx_word' id='word_1_91' title='bbox 1454 1050 1619 1111; x_wconf 84' lang='lat' dir='ltr'><strong>quivis</strong></span> <span class='ocrx_word' id='word_1_92' title='bbox 1638 1050 1777 1100; x_wconf 85' lang='lat' dir='ltr'><strong>liber</strong></span> <span class='ocrx_word' id='word_1_93' title='bbox 1792 1052 1839 1110; x_wconf 87' lang='grc' dir='ltr'><strong>Ι,</strong></span> <span class='ocrx_word' id='word_1_94' title='bbox 1862 1056 1960 1099; x_wconf 87' lang='grc'><strong>513.</strong></span> 
     </span>
     <span class='ocr_line' id='line_1_14' title="bbox 437 1118 1880 1181; baseline -0.005 -7"><span class='ocrx_word' id='word_1_95' title='bbox 437 1130 548 1174; x_wconf 84' lang='grc'><strong>116.</strong></span> <span class='ocrx_word' id='word_1_96' title='bbox 567 1129 684 1173; x_wconf 88' lang='grc'><strong>446.</strong></span> <span class='ocrx_word' id='word_1_97' title='bbox 1244 1118 1493 1181; x_wconf 79' lang='lat' dir='ltr'><strong>perfectus</strong></span> <span class='ocrx_word' id='word_1_98' title='bbox 1514 1132 1671 1166; x_wconf 89' lang='lat' dir='ltr'><strong>nemo</strong></span> <span class='ocrx_word' id='word_1_99' title='bbox 1689 1119 1736 1178; x_wconf 90' lang='grc' dir='ltr'><strong>Ι,</strong></span> <span class='ocrx_word' id='word_1_100' title='bbox 1760 1124 1880 1167; x_wconf 85' lang='grc'><strong>490.</strong></span> 
     </span>
     <span class='ocr_line' id='line_1_15' title="bbox 363 1186 1960 1254; baseline -0.007 -11"><span class='ocrx_word' id='word_1_101' title='bbox 363 1193 608 1251; x_wconf 60' lang='lat' dir='ltr'><strong>Pacuuii,</strong></span> <span class='ocrx_word' id='word_1_102' title='bbox 629 1191 940 1254; x_wconf 79' lang='lat' dir='ltr'><strong>voluptatum</strong></span> <span class='ocrx_word' id='word_1_103' title='bbox 959 1188 1146 1237; x_wconf 85' lang='lat' dir='ltr'><strong>studio·</strong></span> <span class='ocrx_word' id='word_1_104' title='bbox 1178 1187 1391 1245; x_wconf 84' lang='lat' dir='ltr'><strong>Persae,</strong></span> <span class='ocrx_word' id='word_1_105' title='bbox 1420 1198 1597 1233; x_wconf 88' lang='lat' dir='ltr'><strong>eorum</strong></span> <span class='ocrx_word' id='word_1_106' title='bbox 1625 1186 1901 1248; x_wconf 87' lang='lat' dir='ltr'><strong>imperium</strong></span> <span class='ocrx_word' id='word_1_107' title='bbox 1926 1186 1960 1241; x_wconf 89' lang='grc' dir='ltr'><strong>Ι,</strong></span> 
     </span>
     <span class='ocr_line' id='line_1_16' title="bbox 431 1253 1959 1321; baseline -0.005 -12"><span class='ocrx_word' id='word_1_108' title='bbox 431 1274 514 1309; x_wconf 86' lang='lat' dir='ltr'><strong>sos</strong></span> <span class='ocrx_word' id='word_1_109' title='bbox 533 1258 816 1321; x_wconf 81' lang='lat' dir='ltr'><strong>significant</strong></span> <span class='ocrx_word' id='word_1_110' title='bbox 835 1258 879 1317; x_wconf 90' lang='grc' dir='ltr'><strong>Ι,</strong></span> <span class='ocrx_word' id='word_1_111' title='bbox 895 1262 1010 1305; x_wconf 84' lang='grc'><strong>243.</strong></span> <span class='ocrx_word' id='word_1_112' title='bbox 1025 1259 1142 1303; x_wconf 88' lang='grc'><strong>306.</strong></span> <span class='ocrx_word' id='word_1_113' title='bbox 1246 1256 1363 1301; x_wconf 88' lang='grc'><strong>298.</strong></span> <span class='ocrx_word' id='word_1_114' title='bbox 1428 1260 1616 1300; x_wconf 79' lang='lat' dir='ltr'><strong>matres</strong></span> <span class='ocrx_word' id='word_1_115' title='bbox 1668 1254 1865 1303; x_wconf 84' lang='lat' dir='ltr'><strong>ducunt</strong></span> <span class='ocrx_word' id='word_1_116' title='bbox 1902 1253 1959 1309; x_wconf 88' lang='lat'><strong>11,</strong></span> 
     </span>
    </p>

    <p class='ocr_par' dir='ltr' id='par_1_7' title="bbox 429 1322 1954 1450">
     <span class='ocr_line' id='line_1_17' title="bbox 429 1322 1519 1391; baseline -0.01 -14"><span class='ocrx_word' id='word_1_117' title='bbox 429 1344 462 1377; x_wconf 98' lang='lat' dir='ltr'><strong>a</strong></span> <span class='ocrx_word' id='word_1_118' title='bbox 477 1326 759 1391; x_wconf 71' lang='lat' dir='ltr'><strong>pastoribus</strong></span> <span class='ocrx_word' id='word_1_119' title='bbox 779 1326 1065 1388; x_wconf 82' lang='lat' dir='ltr'><strong>discrepant</strong></span> <span class='ocrx_word' id='word_1_120' title='bbox 1078 1322 1141 1370; x_wconf 77' lang='lat' dir='ltr'><strong>ib.</strong></span> <span class='ocrx_word' id='word_1_121' title='bbox 1246 1324 1364 1368; x_wconf 90' lang='grc'><strong>301.</strong></span> <span class='ocrx_word' id='word_1_122' title='bbox 1402 1324 1519 1367; x_wconf 91' lang='grc'><strong>302.</strong></span> 
     </span>
     <span class='ocr_line' id='line_1_18' title="bbox 429 1387 1954 1450; baseline -0.005 -7"><span class='ocrx_word' id='word_1_123' title='bbox 429 1402 482 1444; x_wconf 89' lang='lat' dir='ltr'><strong>et</strong></span> <span class='ocrx_word' id='word_1_124' title='bbox 495 1400 611 1443; x_wconf 87' lang='grc'><strong>310.</strong></span> <span class='ocrx_word' id='word_1_125' title='bbox 1179 1388 1367 1447; x_wconf 85' lang='lat' dir='ltr'><strong>Pestis,</strong></span> <span class='ocrx_word' id='word_1_126' title='bbox 1414 1388 1545 1435; x_wconf 73' lang='lat' dir='ltr'><strong>aiiris</strong></span> <span class='ocrx_word' id='word_1_127' title='bbox 1594 1389 1856 1450; x_wconf 86' lang='lat' dir='ltr'><strong>corruptio</strong></span> <span class='ocrx_word' id='word_1_128' title='bbox 1898 1387 1954 1445; x_wconf 92' lang='lat' dir='ltr'><strong>II,</strong></span> 
     </span>
    </p>

    <p class='ocr_par' dir='ltr' id='par_1_8' title="bbox 361 1454 1963 1791">
     <span class='ocr_line' id='line_1_19' title="bbox 361 1454 1963 1519; baseline -0.005 -9"><span class='ocrx_word' id='word_1_129' title='bbox 361 1462 586 1511; x_wconf 86' lang='lat' dir='ltr'><strong>Pecudes</strong></span> <span class='ocrx_word' id='word_1_130' title='bbox 633 1472 870 1508; x_wconf 86' lang='lat' dir='ltr'><strong>sensuum</strong></span> <span class='ocrx_word' id='word_1_131' title='bbox 915 1457 1060 1519; x_wconf 86' lang='lat' dir='ltr'><strong>sig-na</strong></span> <span class='ocrx_word' id='word_1_132' title='bbox 1101 1457 1143 1515; x_wconf 90' lang='lat'><strong>1,</strong></span> <span class='ocrx_word' id='word_1_133' title='bbox 1248 1460 1362 1503; x_wconf 89' lang='grc'><strong>620.</strong></span> <span class='ocrx_word' id='word_1_134' title='bbox 1406 1468 1651 1517; x_wconf 84' lang='lat' dir='ltr'><strong>pecorum</strong></span> <span class='ocrx_word' id='word_1_135' title='bbox 1688 1454 1793 1503; x_wconf 83' lang='lat' dir='ltr'><strong>fere</strong></span> <span class='ocrx_word' id='word_1_136' title='bbox 1828 1468 1963 1518; x_wconf 81' lang='lat' dir='ltr'><strong>prae·</strong></span> 
     </span>
     <span class='ocr_line' id='line_1_20' title="bbox 427 1521 1959 1586; baseline -0.004 -11"><span class='ocrx_word' id='word_1_137' title='bbox 427 1533 541 1575; x_wconf 86' lang='grc'><strong>243.</strong></span> <span class='ocrx_word' id='word_1_138' title='bbox 565 1532 680 1575; x_wconf 89' lang='grc'><strong>304.</strong></span> <span class='ocrx_word' id='word_1_139' title='bbox 701 1529 816 1572; x_wconf 86' lang='grc'><strong>305.</strong></span> <span class='ocrx_word' id='word_1_140' title='bbox 855 1525 1054 1586; x_wconf 83' lang='lat' dir='ltr'><strong>generis</strong></span> <span class='ocrx_word' id='word_1_141' title='bbox 1074 1524 1147 1571; x_wconf 89' lang='lat' dir='ltr'><strong>di·</strong></span> <span class='ocrx_word' id='word_1_142' title='bbox 1250 1524 1379 1571; x_wconf 85' lang='lat' dir='ltr'><strong>cedit</strong></span> <span class='ocrx_word' id='word_1_143' title='bbox 1402 1529 1601 1585; x_wconf 86' lang='lat' dir='ltr'><strong>pestem</strong></span> <span class='ocrx_word' id='word_1_144' title='bbox 1616 1522 1875 1570; x_wconf 88' lang='lat' dir='ltr'><strong>hominum</strong></span> <span class='ocrx_word' id='word_1_145' title='bbox 1896 1521 1959 1580; x_wconf 89' lang='grc' dir='ltr'><strong>Π,</strong></span> 
     </span>
     <span class='ocr_line' id='line_1_21' title="bbox 425 1588 1959 1652; baseline -0.004 -11"><span class='ocrx_word' id='word_1_146' title='bbox 425 1594 556 1643; x_wconf 75' lang='lat' dir='ltr'><strong>versi</strong></span> <span class='ocrx_word' id='word_1_147' title='bbox 581 1608 686 1641; x_wconf 88' lang='lat' dir='ltr'><strong>non</strong></span> <span class='ocrx_word' id='word_1_148' title='bbox 711 1590 1048 1639; x_wconf 77' lang='lat' dir='ltr'><strong>admittendae</strong></span> <span class='ocrx_word' id='word_1_149' title='bbox 1073 1591 1143 1650; x_wconf 88' lang='lat' dir='ltr'><strong>H,</strong></span> <span class='ocrx_word' id='word_1_150' title='bbox 1252 1595 1362 1639; x_wconf 86' lang='lat'>102.</span> <span class='ocrx_word' id='word_1_151' title='bbox 1382 1588 1883 1652; x_wconf 79' lang='lat' dir='ltr'><strong>Aegyptiisimmissa</strong></span> <span class='ocrx_word' id='word_1_152' title='bbox 1900 1588 1959 1635; x_wconf 78' lang='lat' dir='ltr'><strong>ib.</strong></span> 
     </span>
     <span class='ocr_line' id='line_1_22' title="bbox 427 1657 1959 1721; baseline -0.005 -10"><span class='ocrx_word' id='word_1_153' title='bbox 427 1664 542 1711; x_wconf 88' lang='grc'><strong>307.</strong></span> <span class='ocrx_word' id='word_1_154' title='bbox 563 1658 965 1709; x_wconf 83' lang='lat' dir='ltr'><strong>redimendarum</strong></span> <span class='ocrx_word' id='word_1_155' title='bbox 981 1660 1147 1721; x_wconf 87' lang='lat' dir='ltr'><strong>pretia</strong></span> <span class='ocrx_word' id='word_1_156' title='bbox 1179 1657 1450 1721; x_wconf 87' lang='lat' dir='ltr'><strong>Petephres</strong></span> <span class='ocrx_word' id='word_1_157' title='bbox 1466 1691 1480 1715; x_wconf 90' lang='lat'>,</span> <span class='ocrx_word' id='word_1_158' title='bbox 1512 1671 1707 1719; x_wconf 89' lang='lat' dir='ltr'><strong>coquus</strong></span> <span class='ocrx_word' id='word_1_159' title='bbox 1733 1664 1784 1704; x_wconf 87' lang='lat' dir='ltr'><strong>et</strong></span> <span class='ocrx_word' id='word_1_160' title='bbox 1810 1671 1959 1704; x_wconf 84' lang='lat' dir='ltr'><strong>eunu-</strong></span> 
     </span>
     <span class='ocr_line' id='line_1_23' title="bbox 425 1723 1956 1791; baseline -0.006 -11"><span class='ocrx_word' id='word_1_161' title='bbox 425 1730 498 1791; x_wconf 91' lang='lat'><strong>11,</strong></span> <span class='ocrx_word' id='word_1_162' title='bbox 521 1732 636 1780; x_wconf 84' lang='grc'><strong>276.</strong></span> <span class='ocrx_word' id='word_1_163' title='bbox 1248 1726 1371 1775; x_wconf 90' lang='lat' dir='ltr'><strong>chus</strong></span> <span class='ocrx_word' id='word_1_164' title='bbox 1397 1725 1442 1784; x_wconf 91' lang='lat'><strong>1,</strong></span> <span class='ocrx_word' id='word_1_165' title='bbox 1472 1728 1586 1771; x_wconf 83' lang='lat'><strong>604.</strong></span> <span class='ocrx_word' id='word_1_166' title='bbox 1632 1725 1743 1773; x_wconf 85' lang='lat' dir='ltr'><strong>eius</strong></span> <span class='ocrx_word' id='word_1_167' title='bbox 1769 1740 1899 1773; x_wconf 78' lang='lat' dir='ltr'><strong>uxor</strong></span> <span class='ocrx_word' id='word_1_168' title='bbox 1922 1723 1956 1781; x_wconf 90' lang='grc' dir='ltr'><strong>Ι,</strong></span> 
     </span>
    </p>

    <p class='ocr_par' dir='ltr' id='par_1_9' title="bbox 363 1793 1957 1991">
     <span class='ocr_line' id='line_1_24' title="bbox 363 1793 1365 1861; baseline -0.01 -11"><span class='ocrx_word' id='word_1_169' title='bbox 363 1799 587 1849; x_wconf 78' lang='lat' dir='ltr'><strong>Pecunia</strong></span> <span class='ocrx_word' id='word_1_170' title='bbox 603 1812 669 1847; x_wconf 86' lang='lat' dir='ltr'><strong>ex</strong></span> <span class='ocrx_word' id='word_1_171' title='bbox 680 1795 910 1861; x_wconf 84' lang='lat' dir='ltr'><strong>primitiis</strong></span> <span class='ocrx_word' id='word_1_172' title='bbox 919 1793 1143 1851; x_wconf 81' lang='lat' dir='ltr'><strong>redacta,</strong></span> <span class='ocrx_word' id='word_1_173' title='bbox 1250 1798 1365 1841; x_wconf 88' lang='grc'><strong>134.</strong></span> 
     </span>
     <span class='ocr_line' id='line_1_25' title="bbox 431 1859 1957 1926; baseline -0.008 -9"><span class='ocrx_word' id='word_1_174' title='bbox 431 1863 1067 1926; x_wconf 79' lang='lat' dir='ltr'><strong>missaadHierosolymam</strong></span> <span class='ocrx_word' id='word_1_175' title='bbox 1075 1861 1143 1920; x_wconf 87' lang='lat'><strong>11,</strong></span> <span class='ocrx_word' id='word_1_176' title='bbox 1180 1861 1329 1909; x_wconf 81' lang='lat' dir='ltr'><strong>Petra</strong></span> <span class='ocrx_word' id='word_1_177' title='bbox 1375 1864 1646 1922; x_wconf 88' lang='lat' dir='ltr'><strong>praerupta</strong></span> <span class='ocrx_word' id='word_1_178' title='bbox 1692 1859 1957 1922; x_wconf 78' lang='lat' dir='ltr'><strong>sapientiae</strong></span> 
     </span>
     <span class='ocr_line' id='line_1_26' title="bbox 433 1925 1874 1991; baseline -0.008 -7"><span class='ocrx_word' id='word_1_179' title='bbox 433 1939 546 1983; x_wconf 90' lang='grc'><strong>568.</strong></span> <span class='ocrx_word' id='word_1_180' title='bbox 569 1938 682 1983; x_wconf 88' lang='grc'><strong>578.</strong></span> <span class='ocrx_word' id='word_1_181' title='bbox 1248 1927 1528 1991; x_wconf 79' lang='lat' dir='ltr'><strong>symbolum</strong></span> <span class='ocrx_word' id='word_1_182' title='bbox 1561 1925 1604 1985; x_wconf 90' lang='grc' dir='ltr'><strong>Ι,</strong></span> <span class='ocrx_word' id='word_1_183' title='bbox 1639 1931 1725 1974; x_wconf 89' lang='grc'><strong>82.</strong></span> <span class='ocrx_word' id='word_1_184' title='bbox 1758 1932 1874 1974; x_wconf 87' lang='grc'><strong>213.</strong></span> 
     </span>
    </p>

    <p class='ocr_par' dir='ltr' id='par_1_10' title="bbox 363 1991 2091 2197">
     <span class='ocr_line' id='line_1_27' title="bbox 363 1991 1961 2063; baseline -0.006 -12"><span class='ocrx_word' id='word_1_185' title='bbox 363 2003 623 2061; x_wconf 84' lang='lat' dir='ltr'><strong>Pcierare,</strong></span> <span class='ocrx_word' id='word_1_186' title='bbox 659 2014 812 2063; x_wconf 83' lang='lat' dir='ltr'><strong>quam</strong></span> <span class='ocrx_word' id='word_1_187' title='bbox 847 1998 914 2047; x_wconf 84' lang='lat' dir='ltr'><strong>sit</strong></span> <span class='ocrx_word' id='word_1_188' title='bbox 937 1996 1146 2059; x_wconf 84' lang='lat' dir='ltr'><strong>impium</strong></span> <span class='ocrx_word' id='word_1_189' title='bbox 1178 1994 1443 2045; x_wconf 84' lang='lat' dir='ltr'><strong>Petronius</strong></span> <span class='ocrx_word' id='word_1_190' title='bbox 1461 1994 1663 2042; x_wconf 86' lang='lat' dir='ltr'><strong>iubetur</strong></span> <span class='ocrx_word' id='word_1_191' title='bbox 1681 1991 1855 2042; x_wconf 84' lang='lat' dir='ltr'><strong>aCaio</strong></span> <span class='ocrx_word' id='word_1_192' title='bbox 1872 2000 1961 2041; x_wconf 72' lang='lat' dir='ltr'><strong>sta-</strong></span> 
     </span>
     <span class='ocr_line' id='line_1_28' title="bbox 429 2060 1959 2127; baseline -0.007 -9"><span class='ocrx_word' id='word_1_193' title='bbox 429 2069 498 2127; x_wconf 89' lang='lat'><strong>11,</strong></span> <span class='ocrx_word' id='word_1_194' title='bbox 515 2074 628 2118; x_wconf 87' lang='grc'><strong>195.</strong></span> <span class='ocrx_word' id='word_1_195' title='bbox 641 2073 756 2116; x_wconf 87' lang='grc'><strong>659.</strong></span> <span class='ocrx_word' id='word_1_196' title='bbox 777 2066 858 2114; x_wconf 84' lang='lat' dir='ltr'><strong>dei</strong></span> <span class='ocrx_word' id='word_1_197' title='bbox 877 2065 1145 2112; x_wconf 83' lang='lat' dir='ltr'><strong>vindictam</strong></span> <span class='ocrx_word' id='word_1_198' title='bbox 1243 2070 1384 2111; x_wconf 84' lang='lat' dir='ltr'><strong>tuam</strong></span> <span class='ocrx_word' id='word_1_199' title='bbox 1404 2063 1510 2109; x_wconf 87' lang='lat' dir='ltr'><strong>eius</strong></span> <span class='ocrx_word' id='word_1_200' title='bbox 1526 2062 1583 2109; x_wconf 88' lang='lat' dir='ltr'><strong>in</strong></span> <span class='ocrx_word' id='word_1_201' title='bbox 1599 2060 1794 2123; x_wconf 84' lang='lat' dir='ltr'><strong>templo</strong></span> <span class='ocrx_word' id='word_1_202' title='bbox 1814 2062 1959 2123; x_wconf 86' lang='lat' dir='ltr'><strong>erige·</strong></span> 
     </span>
     <span class='ocr_line' id='line_1_29' title="bbox 431 2129 2091 2197; baseline -0.007 -13"><span class='ocrx_word' id='word_1_203' title='bbox 431 2150 689 2197; x_wconf 84' lang='lat' dir='ltr'><strong>nunquam</strong></span> <span class='ocrx_word' id='word_1_204' title='bbox 707 2133 882 2196; x_wconf 84' lang='lat' dir='ltr'><strong>effugit</strong></span> <span class='ocrx_word' id='word_1_205' title='bbox 899 2132 969 2191; x_wconf 91' lang='grc' dir='ltr'><strong>Π,</strong></span> <span class='ocrx_word' id='word_1_206' title='bbox 993 2134 1108 2179; x_wconf 83' lang='grc'><strong>672.</strong></span> <span class='ocrx_word' id='word_1_207' title='bbox 1244 2145 1299 2179; x_wconf 87' lang='lat' dir='ltr'><strong>re</strong></span> <span class='ocrx_word' id='word_1_208' title='bbox 1308 2129 1377 2189; x_wconf 93' lang='lat'><strong>11,</strong></span> <span class='ocrx_word' id='word_1_209' title='bbox 1392 2133 1505 2178; x_wconf 89' lang='grc'><strong>576.</strong></span> <span class='ocrx_word' id='word_1_210' title='bbox 1526 2129 1591 2176; x_wconf 85' lang='lat' dir='ltr'><strong>de</strong></span> <span class='ocrx_word' id='word_1_211' title='bbox 1608 2129 1865 2177; x_wconf 80' lang='lat' dir='ltr'><strong>mandatis</strong></span> <span class='ocrx_word' id='word_1_212' title='bbox 1884 2142 1957 2176; x_wconf 82' lang='lat' dir='ltr'><strong>ex·</strong></span> <span class='ocrx_word' id='word_1_213' title='bbox 2084 2146 2091 2173; x_wconf 68' lang='grc' dir='ltr'>ι</span> 
     </span>
    </p>

    <p class='ocr_par' dir='ltr' id='par_1_11' title="bbox 365 2195 1955 2329">
     <span class='ocr_line' id='line_1_30' title="bbox 365 2195 1953 2267; baseline -0.007 -14"><span class='ocrx_word' id='word_1_214' title='bbox 365 2203 671 2267; x_wconf 87' lang='lat' dir='ltr'><strong>Pentapolis,</strong></span> <span class='ocrx_word' id='word_1_215' title='bbox 697 2202 839 2250; x_wconf 87' lang='lat' dir='ltr'><strong>cuius</strong></span> <span class='ocrx_word' id='word_1_216' title='bbox 855 2200 927 2248; x_wconf 86' lang='lat' dir='ltr'><strong>rei</strong></span> <span class='ocrx_word' id='word_1_217' title='bbox 949 2198 1145 2262; x_wconf 79' lang='lat' dir='ltr'><strong>symbo-</strong></span> <span class='ocrx_word' id='word_1_218' title='bbox 1246 2197 1512 2259; x_wconf 81' lang='lat' dir='ltr'><strong>sequendis</strong></span> <span class='ocrx_word' id='word_1_219' title='bbox 1528 2195 1750 2244; x_wconf 82' lang='lat' dir='ltr'><strong>haesitat</strong></span> <span class='ocrx_word' id='word_1_220' title='bbox 1766 2196 1839 2255; x_wconf 91' lang='lat'><strong>11,</strong></span> <span class='ocrx_word' id='word_1_221' title='bbox 1853 2198 1953 2243; x_wconf 87' lang='grc'><strong>577.</strong></span> 
     </span>
     <span class='ocr_line' id='line_1_31' title="bbox 433 2262 1955 2329; baseline -0.007 -9"><span class='ocrx_word' id='word_1_222' title='bbox 433 2273 536 2320; x_wconf 88' lang='lat' dir='ltr'><strong>lum</strong></span> <span class='ocrx_word' id='word_1_223' title='bbox 554 2270 622 2329; x_wconf 92' lang='lat'><strong>11,</strong></span> <span class='ocrx_word' id='word_1_224' title='bbox 645 2276 725 2319; x_wconf 87' lang='grc'><strong>22.</strong></span> <span class='ocrx_word' id='word_1_225' title='bbox 1249 2268 1363 2315; x_wconf 86' lang='grc'><strong>578.</strong></span> <span class='ocrx_word' id='word_1_226' title='bbox 1408 2279 1440 2312; x_wconf 92' lang='lat' dir='ltr'><strong>a</strong></span> <span class='ocrx_word' id='word_1_227' title='bbox 1465 2263 1775 2312; x_wconf 85' lang='lat' dir='ltr'><strong>Iudaeorum</strong></span> <span class='ocrx_word' id='word_1_228' title='bbox 1810 2262 1955 2326; x_wconf 87' lang='lat' dir='ltr'><strong>preci-</strong></span> 
     </span>
    </p>

    <p class='ocr_par' dir='ltr' id='par_1_12' title="bbox 365 2330 1955 2531">
     <span class='ocr_line' id='line_1_32' title="bbox 365 2330 1955 2394; baseline -0.007 -6"><span class='ocrx_word' id='word_1_229' title='bbox 365 2340 687 2389; x_wconf 85' lang='lat' dir='ltr'><strong>Pentecostes</strong></span> <span class='ocrx_word' id='word_1_230' title='bbox 720 2336 904 2385; x_wconf 81' lang='lat' dir='ltr'><strong>festum</strong></span> <span class='ocrx_word' id='word_1_231' title='bbox 929 2333 997 2394; x_wconf 87' lang='lat'><strong>11,</strong></span> <span class='ocrx_word' id='word_1_232' title='bbox 1025 2338 1141 2382; x_wconf 88' lang='grc'><strong>206.</strong></span> <span class='ocrx_word' id='word_1_233' title='bbox 1245 2333 1337 2380; x_wconf 87' lang='lat' dir='ltr'><strong>bus</strong></span> <span class='ocrx_word' id='word_1_234' title='bbox 1366 2332 1577 2379; x_wconf 78' lang='lat' dir='ltr'><strong>vincitur</strong></span> <span class='ocrx_word' id='word_1_235' title='bbox 1600 2330 1671 2389; x_wconf 93' lang='lat'><strong>11,</strong></span> <span class='ocrx_word' id='word_1_236' title='bbox 1702 2334 1821 2378; x_wconf 90' lang='grc'><strong>582.</strong></span> <span class='ocrx_word' id='word_1_237' title='bbox 1858 2331 1955 2379; x_wconf 76' lang='lat' dir='ltr'><strong>lite·</strong></span> 
     </span>
     <span class='ocr_line' id='line_1_33' title="bbox 433 2395 1952 2468; baseline -0.006 -15"><span class='ocrx_word' id='word_1_238' title='bbox 433 2411 546 2455; x_wconf 86' lang='grc'><strong>294.</strong></span> <span class='ocrx_word' id='word_1_239' title='bbox 567 2404 896 2468; x_wconf 85' lang='lat' dir='ltr'><strong>Therapeutis</strong></span> <span class='ocrx_word' id='word_1_240' title='bbox 915 2402 1173 2450; x_wconf 79' lang='lat' dir='ltr'><strong>observa-·</strong></span> <span class='ocrx_word' id='word_1_241' title='bbox 1244 2414 1328 2447; x_wconf 83' lang='lat' dir='ltr'><strong>ras</strong></span> <span class='ocrx_word' id='word_1_242' title='bbox 1370 2398 1521 2447; x_wconf 77' lang='lat' dir='ltr'><strong>mittit</strong></span> <span class='ocrx_word' id='word_1_243' title='bbox 1564 2397 1630 2445; x_wconf 88' lang='lat' dir='ltr'><strong>ad</strong></span> <span class='ocrx_word' id='word_1_244' title='bbox 1674 2395 1861 2445; x_wconf 87' lang='lat' dir='ltr'><strong>Caium</strong></span> <span class='ocrx_word' id='word_1_245' title='bbox 1892 2396 1952 2454; x_wconf 88' lang='grc' dir='ltr'><strong>Π,</strong></span> 
     </span>
     <span class='ocr_line' id='line_1_34' title="bbox 431 2472 1954 2531; baseline -0.007 -10"><span class='ocrx_word' id='word_1_246' title='bbox 431 2480 537 2521; x_wconf 88' lang='lat' dir='ltr'><strong>turn</strong></span> <span class='ocrx_word' id='word_1_247' title='bbox 558 2473 627 2531; x_wconf 91' lang='grc' dir='ltr'><strong>Π,</strong></span> <span class='ocrx_word' id='word_1_248' title='bbox 649 2477 766 2521; x_wconf 90' lang='grc'><strong>481.</strong></span> <span class='ocrx_word' id='word_1_249' title='bbox 1248 2472 1363 2516; x_wconf 88' lang='grc'><strong>583.</strong></span> <span class='ocrx_word' id='word_1_250' title='bbox 1432 2478 1464 2513; x_wconf 85' lang='lat' dir='ltr'><strong>a</strong></span> <span class='ocrx_word' id='word_1_251' title='bbox 1502 2478 1605 2527; x_wconf 88' lang='lat' dir='ltr'><strong>quo</strong></span> <span class='ocrx_word' id='word_1_252' title='bbox 1656 2478 1954 2528; x_wconf 84' lang='lat' dir='ltr'><strong>magnopere</strong></span> 
     </span>
    </p>

    <p class='ocr_par' dir='ltr' id='par_1_13' title="bbox 363 2531 1951 2733">
     <span class='ocr_line' id='line_1_35' title="bbox 363 2531 1951 2597; baseline -0.006 -10"><span class='ocrx_word' id='word_1_253' title='bbox 363 2540 582 2587; x_wconf 86' lang='lat' dir='ltr'><strong>Penuria</strong></span> <span class='ocrx_word' id='word_1_254' title='bbox 630 2554 798 2587; x_wconf 85' lang='lat' dir='ltr'><strong>rerum</strong></span> <span class='ocrx_word' id='word_1_255' title='bbox 841 2535 1147 2586; x_wconf 82' lang='lat' dir='ltr'><strong>necessaria-</strong></span> <span class='ocrx_word' id='word_1_256' title='bbox 1244 2534 1551 2597; x_wconf 83' lang='lat' dir='ltr'><strong>periclitatur</strong></span> <span class='ocrx_word' id='word_1_257' title='bbox 1580 2531 1652 2590; x_wconf 88' lang='lat' dir='ltr'><strong>H,</strong></span> <span class='ocrx_word' id='word_1_258' title='bbox 1689 2536 1808 2579; x_wconf 86' lang='grc'><strong>584.</strong></span> <span class='ocrx_word' id='word_1_259' title='bbox 1856 2532 1951 2580; x_wconf 88' lang='lat' dir='ltr'><strong>eius</strong></span> 
     </span>
     <span class='ocr_line' id='line_1_36' title="bbox 429 2598 1948 2666; baseline -0.003 -17"><span class='ocrx_word' id='word_1_260' title='bbox 429 2618 540 2651; x_wconf 86' lang='lat' dir='ltr'><strong>rum</strong></span> <span class='ocrx_word' id='word_1_261' title='bbox 566 2606 620 2652; x_wconf 90' lang='lat' dir='ltr'><strong>in</strong></span> <span class='ocrx_word' id='word_1_262' title='bbox 647 2620 862 2666; x_wconf 85' lang='lat' dir='ltr'><strong>poenam</strong></span> <span class='ocrx_word' id='word_1_263' title='bbox 885 2604 928 2662; x_wconf 92' lang='grc' dir='ltr'><strong>Ι,</strong></span> <span class='ocrx_word' id='word_1_264' title='bbox 958 2608 1036 2652; x_wconf 89' lang='grc'><strong>19.</strong></span> <span class='ocrx_word' id='word_1_265' title='bbox 1074 2604 1146 2650; x_wconf 84' lang='lat' dir='ltr'><strong>vi·</strong></span> <span class='ocrx_word' id='word_1_266' title='bbox 1242 2616 1409 2652; x_wconf 87' lang='lat' dir='ltr'><strong>mores</strong></span> <span class='ocrx_word' id='word_1_267' title='bbox 1428 2607 1477 2648; x_wconf 86' lang='lat' dir='ltr'><strong>et</strong></span> <span class='ocrx_word' id='word_1_268' title='bbox 1492 2598 1830 2661; x_wconf 85' lang='lat' dir='ltr'><strong>ingeniumII,</strong></span> <span class='ocrx_word' id='word_1_269' title='bbox 1845 2602 1948 2647; x_wconf 87' lang='grc'><strong>582.</strong></span> 
     </span>
     <span class='ocr_line' id='line_1_37' title="bbox 429 2665 1764 2733; baseline -0.001 -20"><span class='ocrx_word' id='word_1_270' title='bbox 429 2676 539 2715; x_wconf 87' lang='lat' dir='ltr'><strong>ctus</strong></span> <span class='ocrx_word' id='word_1_271' title='bbox 582 2672 744 2719; x_wconf 85' lang='lat' dir='ltr'><strong>malos</strong></span> <span class='ocrx_word' id='word_1_272' title='bbox 791 2672 1038 2733; x_wconf 88' lang='lat' dir='ltr'><strong>opprimet</strong></span> <span class='ocrx_word' id='word_1_273' title='bbox 1074 2670 1141 2729; x_wconf 89' lang='grc' dir='ltr'><strong>Π,</strong></span> <span class='ocrx_word' id='word_1_274' title='bbox 1177 2668 1401 2718; x_wconf 78' lang='lat' dir='ltr'><strong>Phanuel</strong></span> <span class='ocrx_word' id='word_1_275' title='bbox 1418 2667 1564 2716; x_wconf 82' lang='lat' dir='ltr'><strong>turris</strong></span> <span class='ocrx_word' id='word_1_276' title='bbox 1582 2665 1625 2724; x_wconf 91' lang='grc' dir='ltr'><strong>Ι,</strong></span> <span class='ocrx_word' id='word_1_277' title='bbox 1647 2668 1764 2713; x_wconf 88' lang='grc'><strong>424.</strong></span> 
     </span>
    </p>

    <p class='ocr_par' dir='ltr' id='par_1_14' title="bbox 427 2731 1948 2796">
     <span class='ocr_line' id='line_1_38' title="bbox 427 2731 1948 2796; baseline 0.001 -18"><span class='ocrx_word' id='word_1_278' title='bbox 427 2737 542 2779; x_wconf 82' lang='grc'><strong>430.</strong></span> <span class='ocrx_word' id='word_1_279' title='bbox 1176 2735 1373 2785; x_wconf 80' lang='lat' dir='ltr'><strong>Pharao</strong></span> <span class='ocrx_word' id='word_1_280' title='bbox 1390 2769 1403 2796; x_wconf 92' lang='lat'><strong>,</strong></span> <span class='ocrx_word' id='word_1_281' title='bbox 1472 2732 1613 2782; x_wconf 87' lang='lat' dir='ltr'><strong>cuius</strong></span> <span class='ocrx_word' id='word_1_282' title='bbox 1680 2731 1843 2794; x_wconf 84' lang='lat' dir='ltr'><strong>figura</strong></span> <span class='ocrx_word' id='word_1_283' title='bbox 1909 2732 1948 2790; x_wconf 88' lang='lat'><strong>1,</strong></span> 
     </span>
    </p>
   </div>
  </div>
 </body>
</html>
