2125 3084
184 206 270 270 [IL
297 200 418 266 382]
552 206 632 251 IN
671 205 1020 251 GENESIN.
1061 207 1315 253 SERMO
1348 208 1432 257 lv.
1679 206 1777 259 203

185 308 303 363 bile
331 313 748 376 terrenumque,
797 304 948 377 quod
976 307 1351 377 apparentiam
1386 324 1516 378 prae
1554 326 1613 363 se
1654 308 1774 375 fert,

187 398 388 453 corpus
410 387 494 434 est
512 388 778 443 nostrum,
803 396 915 450 quo
933 379 1050 444 illa,
1075 397 1216 451 quae
1236 381 1295 434 in
1316 381 1437 452 ipso
1456 383 1605 437 intus
1624 385 1780 454 prin·—

187 457 430 527 cipatum
461 462 682 509 exercet
710 455 917 518 anima,
961 454 1011 507 si
1030 454 1167 509 velit
1184 454 1481 525 pulchrum
1499 458 1780 529 negotium

188 529 530 593 desiderare,
581 526 745 582 debet
777 529 1216 600 peregrinatione
1254 529 1529 593 habitare,
1578 546 1783 585 memor

188 604 548 677 metropoleos
563 643 576 667 ‚
609 602 679 657 ad
705 618 872 673 quam
891 603 1132 673 suspiret
1150 605 1539 675 transmigrare
1561 611 1613 658 et
1631 604 1784 659 inco-

190 679 322 734 lere.
411 676 752 749 Quapropter
791 686 844 731 et
880 678 1095 733 animae
1132 677 1313 733 divini
1346 678 1565 751 generis
1606 678 1784 751 legem

185 753 370 826 ponit,
415 752 715 807 admonens
743 759 797 805 et
829 751 1150 817 exhortam,
1191 753 1251 806 in
1272 769 1335 807 ea
1356 759 1664 807 constanter
1684 753 1786 807 ha-

184 828 386 883 bitare.
464 825 615 892 Quae
642 833 824 880 autem
853 826 1049 882 civitas
1079 827 1152 880 sit
1180 828 1237 887 in
1260 828 1567 899 aenigmate
1586 827 1786 882 huius-

183 900 340 1028 mod‘3
368 900 626 973 figurata,
666 899 777 954 nisi
805 900 982 956 virtus
1011 900 1318 956 secundum
1357 902 1537 975 legem
1578 900 1786 975 allego-

182 993 304 1031 riae

271 1113 404 1171 Quid
434 1124 502 1164 est
535 1114 687 1178 „Ero
723 1124 870 1165 tecum
905 1124 950 1165 et
986 1115 1251 1166 benedicam
1288 1118 1375 1167 tibi
1384 1119 1451 1166 “2
1484 1117 1590 1183 (26,
1631 1118 1705 1181 3.)

313 1233 428 1285 479.
492 1232 896 1289 connexionem
929 1235 1292 1305 ordinemque
1330 1235 1647 1291 barmoniae
1686 1235 1785 1290 de-

182 1313 458 1363 monstrat
482 1307 622 1363 inter
647 1324 708 1363 se
736 1310 976 1363 invicem
1011 1306 1085 1383 [³¹⁶]
1119 1318 1241 1381 apte
1270 1311 1585 1365 conciliatas
1614 1311 1674 1364 in
1694 1310 1784 1365 di-

185 1382 342 1438 vinis
369 1382 626 1437 oraculiS.
704 1382 994 1454 Siquidem
1019 1384 1113 1439 dei
1140 1401 1265 1439 cum
1295 1385 1613 1441 hominibus
1652 1402 1783 1449 ¹con-

185 1455 378 1512 cordia
404 1456 846 1512 benedictionem
872 1458 1181 1531 bonamque
1216 1459 1583 1531 eloquentiam
1593 1458 1646 1534 *)
1683 1478 1782 1515 ne·-

288 1628 334 1677 *)
366 1629 536 1668 Ludere
567 1629 740 1670 videtur
773 1633 920 1671 auctor
946 1631 1119 1671 Graecis
1152 1634 1329 1673 vocibus
1355 1628 1537 1683 εὐλογίᾳ,
1582 1643 1689 1681 quae
1716 1639 1783 1673 eet

185 1680 435 1769 bpsnedxztgq:
443 1690 534 1769 lseu
560 1679 673 1719 bone.
697 1682 875 1727 locutio,
921 1685 964 1722 et
989 1678 1154 1736 ἀλογίᾳ,
1198 1685 1386 1724 carentia
1410 1685 1533 1724 verbi
1557 1684 1627 1722 vel
1650 1685 1781 1723 ratio·-

185 1742 214 1769 n
259 1758 271 1769 .
477 1758 488 1769 .
1045 1758 1050 1763 -

188 1956 496 2002 morantem
534 1949 592 2003 in
633 1965 696 2003 eo
735 1950 1002 2015 animam,
1045 1964 1189 2021 quae
1216 1946 1328 2001 sibi
1354 1944 1785 2001 benivolentiam

187 2030 456 2085 sectatur,
497 2039 598 2094 pro
619 2024 832 2079 advena
849 2025 1088 2080 habetur
1102 2064 1115 2089 ‚
1152 2038 1360 2077 memor
1378 2021 1568 2076 matris
1590 2021 1786 2075 civita-

185 2098 263 2151 tis
292 2097 354 2150 in
386 2113 496 2168 qua
525 2100 972 2171 transmigratur,
1017 2098 1188 2153 aforet
1216 2098 1381 2153 etiam
1406 2096 1477 2151 de
1505 2113 1617 2167 qua
1637 2093 1786 2149 divi-

189 2187 298 2224 nus
337 2173 567 2243 spiritus
607 2172 854 2229 decernit
882 2183 936 2228 et
963 2173 1207 2228 hortatur
1234 2172 1448 2227 firmius
1476 2171 1597 2226 illic
1626 2169 1787 2225 habi-

187 2254 327 2299 tare.
406 2244 557 2311 Quae
578 2255 660 2301 est
681 2255 862 2303 autem
883 2247 1052 2320 digna
1072 2249 1277 2303 civitas·
1288 2245 1635 2303 solertissimi
1652 2245 1781 2307 viri,

189 2319 302 2449 nisi
312 2320 464 2447 Yipsa
503 2321 682 2377 virtus
722 2316 1030 2378 secundum
1068 2324 1413 2395 eloquentiae
1445 2318 1633 2375 titulos
1662 2335 1787 2372 mu-

186 2412 248 2449 ra
273 2411 303 2448 a

341 2532 473 2591 Quid
509 2545 579 2585 est
615 2554 728 2602 erqo
762 2536 984 2601 „Tecum
1021 2556 1100 2589 ero
1139 2548 1184 2588 et
1222 2536 1489 2587 benedicam
1524 2536 1645 2585 te“?

311 2644 428 2698 ⁴79.
494 2645 839 2717 Responsum
876 2647 1130 2705 div-inum
1172 2646 1511 2702 subsicivam
1550 2647 1789 2701 continet

192 2716 524 2773 cohaerente
545 2722 954 2793 consequentia.
1031 2724 1131 2778 Dei
1151 2722 1300 2777 enim
1318 2722 1600 2777 comitium
1618 2722 1791 2775 bene-
