2125 3084
339 169 437 222 366
595 171 794 216 PHIL.
821 169 968 215 IUD.
997 167 1320 226 QUAEST.
1347 167 1449 213 ΕΤ
1484 169 1642 215 SOL.
1712 166 1801 232 [11‚
1823 169 1956 236 4990]

337 274 453 346 gis:
497 272 764 344 scriptum
801 269 1209 332 observantiae,
1254 267 1497 324 deletum
1536 288 1669 326 vero
1698 271 1958 330 dissolu-

340 347 532 415 tionis3
595 346 876 419 siquidem
917 344 1276 417 transgressis
1314 346 1624 416 praeceptis
1673 350 1957 405 veraciter

339 422 554 478 dicatur
572 439 874 494 numquam
897 422 1077 494 legem
1100 419 1292 474 fuisse.

743 578 809 629 Si
839 578 952 628 deus
988 579 1135 644 leqcm
1166 577 1377 626 scribat?
1412 576 1528 638 (ib.)

451 695 534 748 42.
586 689 854 758 Quoniam
888 692 1170 765 legislator
1190 689 1495 745 secundum
1513 705 1827 761 supremam
1846 705 1942 742 ra-

263 779 274 798 *
336 768 543 823 tionem
571 767 708 822 deus
738 777 847 832 est,
888 784 1115 822 necesse
1146 774 1227 820 est
1251 767 1516 837 optimam
1544 765 1748 836 legem,
1789 779 1940 834 quae

337 850 392 897 et
419 840 736 897 infallibilis
767 842 857 896 lex
886 850 1139 905 vocatur,
1179 841 1248 895 ab
1269 858 1333 895 eo
1350 841 1518 896 statui
1540 848 1592 895 et
1610 838 1779 894 scribi
1800 837 1939 892 cha-

335 917 669 982 racteribus,
712 934 820 974 non
853 933 1119 972 manuum
1144 947 1220 956 —
1246 932 1348 970 nec
1376 919 1525 970 enim
1552 915 1823 970 humanae
1848 922 1935 968 est

337 993 543 1048 formae
578 1023 679 1057 —,
720 991 820 1047 sed
854 989 1163 1046 secundum
1200 993 1321 1045 eius
1362 992 1578 1047 iussum
1618 1007 1681 1045 ac
1716 997 1935 1044 nutum.

337 1067 632 1140 Siquidem
651 1068 700 1122 si
717 1068 853 1122 olim
873 1067 978 1122 deo
1005 1067 1223 1121 dicente
1244 1066 1458 1121 caelum
1478 1074 1531 1121 et
1548 1074 1691 1121 terra
1708 1066 1937 1120 univer-

336 1160 545 1214 susque
563 1142 803 1197 mundus
825 1141 1132 1206 creabatur,
1154 1142 1524 1213 universaque
1543 1158 1727 1196 rerum
1748 1155 1939 1194 essen-

335 1220 414 1273 tia
435 1235 464 1272 a
484 1218 653 1273 verbo
673 1217 866 1272 divino
894 1216 1107 1272 efficaci
1138 1215 1368 1271 formam
1394 1217 1627 1289 recepit,
1671 1231 1819 1270 nunc
1848 1214 1939 1269 di-

338 1302 496 1347 cente
517 1294 534 1347 i
541 1309 638 1364 pse
657 1291 760 1346 deo
775 1333 787 1356 ‚
811 1302 871 1346 ut
893 1292 985 1347 lex
1005 1299 1277 1356 exaretur,
1300 1309 1480 1347 nonne
1498 1292 1683 1348 statim
1702 1290 1936 1362 obsequi

338 1368 503 1422 debet
533 1365 708 1421 liber?
765 1366 1022 1422 Secundo
1049 1383 1249 1438 magna
1267 1374 1349 1422 est
1366 1363 1609 1421 mundus
1632 1363 1706 1440 [⁴¹⁵]
1729 1367 1833 1420 iste
1854 1367 1937 1419 ci-

337 1443 482 1497 vitas
495 1483 508 1504 ‚
533 1459 596 1496 ac
619 1442 894 1513 legitima:
949 1459 1175 1498 necesse
1196 1449 1279 1496 est
1300 1449 1480 1496 autem
1498 1441 1661 1496 istam
1678 1439 1937 1513 politicae

337 1517 553 1572 meliori
575 1516 696 1588 lege
717 1517 799 1572 uti
814 1557 826 1580 ‚
866 1524 1031 1589 atque
1052 1532 1292 1587 aequum
1310 1523 1391 1570 est
1410 1524 1463 1571 et
1482 1516 1841 1580 convenicae,
1873 1525 1938 1570 ut

337 1593 412 1648 sit
447 1593 497 1646 ei
535 1591 814 1664 legislator
848 1609 911 1647 ac
947 1590 1268 1665 legisdator.
1344 1591 1412 1646 Et
1445 1607 1619 1664 quum
1655 1590 1933 1646 hominem

338 1669 489 1741 genti
511 1667 966 1739 contemplativae
989 1668 1170 1740 legem
1191 1665 1347 1721 daret
1360 1707 1373 1732 ‚
1411 1665 1566 1721 daret
1585 1682 1804 1737 quoque
1823 1666 1931 1736 ipsi

337 1743 564 1798 mundo,
642 1743 990 1798 Praesentem
1018 1759 1149 1815 ergo
1179 1742 1359 1814 legem
1385 1743 1620 1813 imponit
1647 1741 1732 1795 illi
1760 1740 1928 1813 genti,

339 1820 625 1874 delineans
645 1820 812 1875 etiam
834 1820 1011 1892 legem
1031 1818 1255 1884 mundi;
1290 1818 1423 1889 quia
1443 1833 1580 1889 gens
1592 1816 1763 1872 electa
1772 1832 1933 1871 mun-

340 1895 398 1950 di
419 1905 502 1950 est
520 1894 691 1951 forma
711 1903 765 1950 et
789 1896 881 1951 lex
899 1913 1000 1950 sua
1022 1893 1244 1967 legibus
1262 1892 1579 1947 mundanis.

382 2061 542 2119 Quare
575 2061 701 2111 solus
734 2059 900 2111 Moses
935 2061 1211 2123 accersitus,
1250 2075 1344 2109 non
1377 2057 1505 2108 solus
1538 2057 1775 2121 ascendit,
1817 2057 1903 2106 sed

814 2146 915 2178 cum
948 2127 1154 2193 Iesu‘ss
1204 2129 1311 2191 (24,
1352 2127 1457 2187 13.)
1500 2126 1514 2140 “

454 2234 537 2286 43.
589 2231 801 2285 Virtute
827 2239 1123 2302 utrumque
1153 2247 1326 2285 unum
1363 2236 1471 2296 est3
1536 2226 1739 2282 etenim
1775 2241 1932 2280 nemo

341 2315 449 2370 est,
493 2307 592 2377 qui
620 2304 857 2360 eundem
888 2304 1068 2359 solum
1097 2304 1302 2359 dixerit
1325 2303 1436 2360 sihi
1465 2303 1706 2357 invicem
1736 2299 1933 2356 unani-

340 2399 457 2436 mes
480 2398 543 2438 ac
562 2378 854 2436 concordes
869 2421 881 2444 ‚
905 2396 1100 2434 verum
1116 2381 1281 2434 etiam
1300 2378 1607 2434 secundum
1626 2377 1792 2432 aliam
1808 2391 1933 2446 spe-

342 2457 504 2512 ciem.
582 2453 850 2522 Quoniam
878 2454 1266 2526 interpretatur
1284 2456 1429 2510 Iesus
1446 2453 1657 2522 salus3
1702 2451 1929 2506 salutem

441 2632 485 2675 ὓ)
511 2631 626 2668 leem
653 2630 724 2668 vel
748 2595 892 2667 Hism-
946 2627 1016 2667 Sic
1042 2629 1205 2676 passim
1230 2638 1307 2676 pro
1333 2628 1455 2667 lom
1482 2626 1613 2668 hahet
1644 2624 1765 2664 Arm.
1802 2624 1933 2662 inter-

343 2689 440 2726 pres
467 2681 675 2717 Philonis:
733 2681 778 2716 tn
811 2679 965 2724 Biblns
999 2683 1141 2718 autem
1178 2679 1309 2718 sacris
1342 2688 1509 2726 semper
1541 2677 1723 2717 habetur
1754 2675 1867 2714 Iesus
1894 2683 1931 2712 s.

343 2729 490 2767 Hem.
543 2729 738 2767 Salvator
762 2739 866 2768 vero
891 2731 1040 2768 noster
1063 2729 1183 2768 Arm.
1212 2729 1368 2777 ubique
1396 2729 1551 2768 dicitur
1575 2728 1720 2767 Hiatus.
1774 2723 1931 2764 Auch.
