2125 3084
334 147 432 201 362
495 150 692 196 PHIL.
735 149 884 194 IUD.
925 149 1251 208 QUAEs'r.
1290 150 1392 195 ET
1430 150 1589 197 SOL.
1616 146 1953 218 [mmmm]

335 268 465 326 ergo
505 249 724 305 duabus
747 249 1058 304 virtutihus
1087 251 1400 322 germinent
1428 250 1591 306 aliae.
1670 251 1952 318 Quoniam

331 327 604 402 germinat
634 323 780 397 apud
811 325 1109 380 creativam
1130 329 1390 393 propitia,
1438 327 1599 380 cuius
1626 343 1829 384 nomen
1862 341 1951 386 est

331 402 618 476 proprium
639 402 893 469 benefica;
951 397 1102 470 apud
1122 416 1252 454 vero
1271 401 1479 473 regiam
1500 405 1825 470 leyislativa,
1850 407 1945 460 cui

332 495 530 534 nomen
559 475 721 531 datur
747 475 1085 530 conveniens
1106 481 1439 551 percussinag
1496 475 1601 530 sub
1630 474 1722 530 his
1754 488 1945 536 autem

332 563 386 610 et
424 554 580 608 iuxta
619 551 758 606 haec
797 566 940 605 arca.
1039 556 1183 605 Arca
1218 559 1400 605 autem
1438 557 1521 606 est
1555 550 1943 624 intelligibilis

333 628 528 684 mundi
555 625 996 700 symbolum‚·et
1024 623 1191 682 hebet
1220 626 1407 681 omnia
1432 625 1687 682 collocata
1714 627 1851 685 sede
1880 632 1943 684 in

333 703 496 778 adyto
527 711 869 759 sanctorum:
935 699 1243 774 symbolice
1267 701 1498 772 inquam
1527 718 1650 756 arca
1676 701 1943 774 incorpo-

331 796 488 835 reum
513 776 586 853 [*]
613 775 913 838 mundum;
976 785 1030 832 et
1060 776 1238 850 {egem
1254 816 1267 840 ,
1300 793 1469 847 quam
1500 778 1837 849 nuncupavit
1858 787 1941 832 te-

329 858 652 918 stimonium,
714 850 1087 924 legislativum
1135 860 1189 906 et
1232 853 1616 923 percussivam
1651 855 1932 918 virtutem,

326 929 626 1003 propitiam
665 945 728 982 ac
767 925 1073 982 beneficam
1118 927 1571 1000 superioremque
1616 929 1933 994 creativam,

329 1022 474 1078 quae
502 1013 586 1061 est
613 1003 734 1058 fons
759 1002 1034 1074 propitiae
1061 1009 1116 1056 et
1142 1001 1448 1071 beneficae3
1512 1010 1677 1076 atque
1705 1003 1932 1078 regiam,

329 1097 474 1154 quae
493 1087 577 1136 est
595 1078 758 1134 radix
781 1078 1140 1150 percussivae
1168 1086 1224 1132 et
1254 1076 1622 1150 legislativae.
1700 1077 1939 1134 Excellit

327 1165 512 1212 tamen
526 1196 540 1219 ,
565 1171 628 1210 eo
647 1152 797 1226 quod
819 1154 880 1209 in
899 1152 1084 1208 medio
1103 1161 1187 1208 est
1200 1193 1213 1217 ,
1235 1151 1494 1208 divinum
1513 1152 1751 1209 verbum
1764 1195 1777 1218 ,
1808 1171 1938 1209 ver-

328 1231 466 1288 bum
495 1239 678 1285 autem
705 1236 929 1300 superat
956 1229 1056 1300 qui
1087 1227 1245 1284 dicit.
1322 1225 1541 1295 Quibus
1572 1227 1937 1284 dinumeratis

329 1306 676 1378 septenarius
703 1304 1010 1375 completur
1038 1320 1329 1360 numerus:
1392 1301 1636 1360 mundus
1674 1304 1938 1360 videlicet

291 1427 304 1442 .
328 1378 720 1436 intellectualis
735 1419 748 1442 ,
795 1387 850 1432 et
875 1379 1109 1436 virtutes
1123 1420 1137 1444 ,
1188 1388 1461 1451 quatenus
1491 1379 1753 1452 cdgnatae
1782 1387 1932 1444 sunt,

241 1499 245 1504 .
327 1453 650 1527 percussivo
671 1461 724 1508 et
742 1452 1017 1524 benefica;
1072 1463 1236 1526 atque
1257 1453 1397 1509 duae
1420 1453 1559 1510 aliae
1580 1455 1681 1526 his¹
1698 1451 1939 1511 anterio-

329 1547 417 1584 res
431 1567 446 1592 ,
469 1529 710 1584 crentiva
729 1535 783 1584 et
801 1529 956 1602 regia
969 1569 984 1594 ,
1009 1532 1388 1602 cognationem
1409 1521 1649 1586 hab'ente
1667 1531 1934 1586 maiorem

329 1605 598 1668 creativa,
657 1611 712 1659 et
749 1612 912 1677 gente
951 1605 1394 1679 singulisque*);
1464 1613 1627 1678 atque
1666 1606 1929 1675 verbum3

328 1680 599 1753 septimus
644 1688 828 1736 autem
863 1681 964 1752 qui
999 1680 1157 1736 dicit.
1253 1680 1409 1748 Quod
1448 1683 1498 1737 si
1538 1681 1608 1736 de
1650 1682 1935 1754 superiore

327 1756 646 1822 inchoabis,
675 1755 856 1829 primo
876 1756 1103 1820 Dicens,
1135 1764 1188 1811 et
1207 1756 1449 1812 secundo
1469 1756 1741 1822 Verbum,
1772 1758 1933 1814 tertio

328 1833 506 1888 virtus
526 1833 784 1897 aestiva,
808 1839 1003 1904 quarto
1021 1832 1410 1904 principativa,
1436 1830 1637 1888 deinde
1654 1831 1763 1888 sub
1781 1851 1934 1888 crea·

327 1909 442 1963 tiva
470 1909 664 1980 quinto
693 1905 967 1972 benefica,
1011 1915 1066 1961 et
1094 1907 1199 1962 sub
1232 1908 1381 1980 regia
1412 1917 1567 1963 sexto
1584 1909 1925 1980 pax-nussim,

328 1983 600 2054 septimus
617 1991 802 2040 autem
823 1990 906 2037 est
924 1982 1171 2039 mundus
1188 2000 1259 2038 ex
1278 1983 1573 2056 speciebus
1594 1993 1867 2040 constans

377 2129 509 2194 Quid
539 2141 609 2182 est
642 2135 913 2195 „mensa“,
952 2142 1000 2183 et
1033 2150 1183 2198 quare
1217 2150 1277 2183 ex
1310 2150 1429 2196 auro
1455 2137 1613 2198 puro?
1648 2109 1755 2198 (25,
1778 2134 1885 2196 23.)

439 2235 526 2288 69.
578 2234 873 2305 Postquam
903 2232 974 2289 de
1003 2235 1343 2309 incorporeis
1369 2236 1583 2292 locutus
1604 2245 1689 2290 est
1704 2235 1929 2308 symbo-

328 2309 462 2372 lice,
505 2307 815 2381 theologica
843 2311 1052 2367 ratione
1080 2310 1401 2367 describens
1422 2327 1602 2382 arcum
1622 2309 1929 2366 secundum

327 2384 644 2440 interiorem
668 2381 742 2459 [Ἴ
765 2385 992 2459 adytum
1007 2426 1019 2449 ‚
1059 2403 1208 2441 nunc
1234 2387 1437 2459 incipit
1462 2386 1533 2441 de
1560 2387 1659 2450 iis,
1700 2402 1844 2458 quae
1870 2385 1928 2440 in

427 2559 471 2604 ¹¹¹)
497 2558 824 2600 lutricetissime
849 2562 941 2599 erat
966 2559 1074 2598 haec
1092 2559 1225 2607 linea,
1254 2563 1304 2599 nt
1326 2569 1455 2599 sensu
1474 2571 1644 2607 εει-ουκ
1678 2569 1779 2599 nam
1796 2560 1931 2598 verbs

328 2611 504 2648 sonantz
558 2612 843 2656 coonationem
867 2611 989 2650 habet
1013 2613 1263 2658 ampliorem
1296 2615 1461 2650 ercam
1494 2616 1532 2652 et
1564 2621 1683 2660 qm,
1730 2614 1769 2650 et
1800 2621 1929 2650 mus—

327 2659 500 2746 ffigz‘
528 2659 932 2746 ffi'uussfffflwffloe)
959 2661 1138 2700 verbum.
1202 2659 1428 2701 suentium
1455 2663 1588 2702 coluit
1612 2665 1657 2701 et
1681 2663 1775 2710 lpse
1803 2659 1929 2700 σιω..
