2125 3084
223 146 321 212 [11,
345 139 467 207 tea]
615 145 695 192 IN
732 145 1076 192 Exomm.
1119 147 1373 194 sunno
1411 149 1456 196 1.
1741 142 1835 195 3⁴⁴

223 265 340 322 que
368 243 635 320 (signum)
660 253 769 313 est3
824 247 1070 300 amar-ula
1099 261 1231 301 vero
1260 246 1488 302 acerbae
1515 249 1663 304 vitae
1696 246 1842 304 affli-

226 322 513 379 ctionibus
546 320 773 392 plenae,
826 335 994 390 quam
1033 321 1416 375 sustinuerunt
1452 322 1511 376 in
1550 323 1836 379 servitute.

225 401 377 454 Haec
398 395 467 452 ad
489 395 748 450 litteram.
827 393 912 449 Ad
940 402 1180 450 mentem
1200 412 1330 450 vero
1349 395 1494 450 illud
1515 396 1834 462 notandum,

226 472 383 546 quod
406 470 790 529 fermentatum
809 468 1055 540 pustulis
1077 471 1347 542 exsurgit,
1363 469 1464 524 ubi
1485 469 1842 526 infermenta-

224 559 350 604 tum
372 545 609 601 desidet.
686 543 931 611 Quorum
953 552 1252 616 utrumque
1269 544 1584 617 symbolum
1611 553 1694 600 est
1719 546 1841 600 ani-

225 638 447 678 marum
477 628 679 675 status:
722 635 898 673 unum
924 619 1154 691 superbi
1181 618 1308 674 elati
1336 619 1407 674 ob
1429 618 1660 684 fastum,
1705 621 1842 675 alte-

226 714 357 753 rum
392 694 627 750 modesti
667 701 721 748 et
756 693 985 748 demissi
1025 702 1188 765 atque
1223 694 1616 766 praeeligentis
1655 693 1840 750 media

224 773 388 845 prius
410 787 577 842 quam
598 769 944 823 summitates
972 767 1042 822 ad
1071 769 1494 824 aemulationem
1521 769 1836 840 aequitatis.

225 846 491 902 Amarula
520 861 653 899 vero
683 843 983 898 declaratio
1004 851 1088 898 est
1107 843 1414 916 spiritualis
1435 844 1832 918 emigrationis,

222 939 341 993 qua
372 921 499 991 quis
528 937 557 973 a
588 917 992 990 cupiditatibus
1022 918 1082 972 in
1105 917 1382 988 apathiam
1403 927 1457 973 et
1476 935 1546 972 ex
1567 918 1839 991 improbi-

220 1003 341 1050 tate
368 995 425 1048 in
455 995 716 1049 virtutem
744 994 1119 1065 transmigrat.
1205 992 1314 1058 Qui
1349 994 1500 1048 enim
1537 1010 1609 1048 ex
1641 1002 1836 1049 natura

224 1071 587 1143 genuinaque
606 1067 871 1123 fidelitate
892 1068 1292 1140 poenitentiam
1319 1075 1516 1140 agunt,
1559 1068 1630 1123 de
1656 1069 1837 1140 prima
1870 1085 1874 1087 ’

223 1147 382 1200 vitae
416 1142 827 1199 conversatione
866 1142 1266 1208 acerbitantur‚
1319 1152 1373 1198 et
1407 1159 1570 1215 aegre
1600 1142 1837 1199 ferentes

225 1221 408 1274 vitam
428 1218 625 1272 misere
645 1225 973 1273 transactam
994 1215 1153 1282 flent,
1197 1225 1426 1290 gemunt
1455 1226 1508 1273 et
1533 1218 1832 1290 suspirant,

230 1312 297 1350 eo
326 1293 475 1365 quod
493 1293 669 1366 magis
690 1293 1055 1348 necessariam
1077 1293 1340 1365 temporis
1359 1301 1570 1365 partem
1589 1293 1839 1349 tradide-

227 1371 345 1424 rint
366 1367 546 1422 fallaci
569 1367 823 1423 dominae
844 1367 1165 1439 cupiditati:
1189 1383 1299 1440 qua
1317 1368 1533 1424 seducti
1553 1371 1837 1442 vigentem

229 1443 538 1506 iuventutis
561 1451 791 1498 aetatem
813 1443 957 1508 male
976 1442 1338 1499 traduxerunt
1351 1485 1363 1509 ,
1408 1445 1466 1498 in
1487 1460 1598 1517 qua
1617 1452 1835 1518 oporte-

225 1527 313 1575 ret
342 1517 587 1574 iucunde
616 1517 879 1590 p‘roficere
918 1519 977 1573 in
1016 1519 1320 1590 sapientiae
1358 1520 1834 1592 speculationibus

226 1595 298 1649 ad
329 1594 548 1649 felicem
582 1593 909 1648 immortalis
937 1593 1084 1648 vitae
1111 1601 1333 1649 statum.
1412 1593 1550 1650 Cum
1571 1595 1834 1650 amarulis

228 1685 363 1742 ergo
383 1667 735 1724 comedamus
756 1685 1041 1741 azymum,
1078 1670 1176 1739 qui
1197 1669 1591 1740 poenitentiam
1612 1669 1837 1723 deside-

225 1760 447 1807 ramus,
498 1742 603 1796 hoc
633 1750 739 1797 est:
790 1744 947 1813 prius
983 1742 1382 1798 manducemus
1412 1742 1835 1796 amaritudinem

226 1819 304 1874 ob
333 1825 668 1871 transactum
696 1824 912 1889 tempus
951 1833 1225 1889 aegreque
1261 1814 1598 1870 tolerandam
1630 1816 1830 1883 vitam3

229 1901 287 1948 et
314 1899 503 1964 postea
538 1893 803 1946 contraria
843 1889 1378 1964 superiactabundae
1413 1888 1708 1961 superbiae
1737 1907 1836 1961 per

227 1967 643 2023 meditationem
676 1966 1035 2031 humilitatis,
1081 1965 1242 2020 cuius
1270 1963 1498 2035 quidem
1528 1980 1726 2018 nomen
1754 1973 1837 2020 est

225 2041 428 2116 pudor.
525 2041 794 2108 Quoniam
841 2041 1106 2097 memoria
1143 2039 1450 2112 priscorum
1487 2045 1835 2110 peccatorum

225 2117 361 2174 facit
383 2113 457 2192 [Ἴ
482 2117 675 2171 timere
705 2125 760 2171 et
788 2119 847 2171 in
876 2134 938 2172 se
959 2113 1290 2188 recolligens
1309 2121 1549 2169 mentem
1569 2130 1677 2169 non
1692 2130 1836 2188 pau-

225 2209 349 2248 cam
368 2193 663 2248 utilitatem
690 2190 814 2247 fert.

390 2339 523 2399 Quid
552 2350 622 2391 est
654 2337 820 2405 „Non
853 2339 1112 2390 comedatis
1146 2337 1338 2390 crudum
1354 2341 1420 2389 “9
1475 2342 1583 2402 (12,
1605 2337 1680 2402 9.)

349 2445 432 2497 ⁴6.
470 2441 607 2508 Quis
636 2451 818 2498 autem
853 2442 1140 2497 hominum
1173 2447 1338 2498 cruda
1367 2442 1612 2497 vescitur
1639 2438 1839 2496 carne?

226 2517 453 2572 Belluae
474 2524 605 2571 sunt
618 2557 632 2581 ,
655 2533 799 2588 quae
818 2526 880 2572 ut
900 2517 1322 2573 cadaverivorae
1343 2525 1474 2572 sunt
1487 2557 1502 2582 ,
1527 2517 1611 2572 sic
1633 2524 1689 2572 et
1707 2532 1837 2571 cru-

226 2591 319 2645 dis
347 2599 675 2659 vescuntur;
721 2592 885 2647 homo
912 2601 1096 2647 autem
1136 2591 1500 2648 domesticum
1531 2592 1734 2648 animal
1766 2608 1837 2646 ex

227 2674 425 2721 natura
452 2673 564 2729 est,
606 2668 848 2722 maxime
876 2668 976 2740 qui
1005 2667 1220 2722 cunctis
1247 2667 1554 2724 secundum
1583 2668 1836 2725 divinam
