2125 3084
164 170 387 249 [11‚234.]
505 182 589 227 m
631 182 985 228 GENEsm.
1028 184 1282 231 sERMo
1319 186 1410 231 111.
1693 180 1760 232 59

158 286 269 338 vita
288 282 443 337 enim
466 289 551 337 est
570 282 677 337 ista
694 280 887 337 divino
906 284 1226 355 conspectui
1243 284 1516 359 condigna
1527 284 1760 341 verbum

162 358 411 413 effectum
430 373 573 412 esse.

167 514 323 573 Quare
364 514 609 565 oraculum
645 514 851 564 divinum
886 514 958 563 ad
996 515 1184 565 modum
1227 514 1467 565 annuendi
1498 550 1532 578 „
1546 515 1658 565 dicit
1698 515 1768 565 ad

286 583 541 632 Abraham
556 600 574 630 .·
634 581 799 631 Etiam
842 584 921 645 (s.
968 582 1120 648 Ita),·
1186 598 1292 633 ecce
1331 580 1498 631 Sarra
1529 598 1649 631 κτον
1681 592 1764 632 tua

280 650 452 717 pariet
472 648 802 711 tibifilium“?
838 650 942 715 (17,
971 652 1078 720 19.)

270 770 363 821 58.
424 766 663 821 Intentio
701 767 1003 822 sententiae
1042 767 1170 822 talis
1210 775 1316 823 est:
1379 766 1664 823 Confessio
1705 784 1767 822 ac

157 841 477 913 homologia
516 842 651 906 ista,
704 842 807 905 ait,
860 860 979 897 mea
1010 850 1164 913 parte
1205 842 1469 897 admissio
1510 850 1593 898 est
1629 844 1760 906 voti,

154 918 325 988 plena
356 914 649 971 manifeste
677 932 815 987 pura
844 915 1077 985 laetitia;
1121 925 1174 973 et
1203 918 1340 972 fides
1378 927 1472 973 tua
1510 934 1618 972 non
1658 918 1766 972 sub

156 991 337 1045 dubio
354 1032 367 1054 ,
389 988 489 1043 sed
509 992 631 1047 sine
653 990 1011 1047 haesitatione
1035 1000 1246 1063 partem
1276 992 1440 1047 habet
1459 992 1764 1065 pudicitiae

157 1065 639 1137 reverentiaeque.
716 1065 846 1120 Ideo
874 1067 1023 1137 quod
1058 1075 1214 1121 antea
1244 1067 1534 1139 accepisti,
1585 1076 1648 1121 ut
1677 1067 1767 1121 fu-

155 1151 357 1196 turum
387 1150 605 1211 propter
632 1150 785 1196 tuam
825 1138 897 1215 [*]
942 1142 1002 1195 in
1037 1158 1128 1195 me
1157 1141 1350 1207 fidem,
1394 1140 1488 1195 fiat
1511 1142 1761 1208 omnium

158 1217 270 1271 hoc
296 1214 448 1269 enim
467 1214 707 1271 declarat
727 1215 870 1270 illud
896 1216 1085 1271 Etiam.

172 1372 335 1430 Quare
371 1373 515 1423 dicit.-
570 1409 605 1436 „
631 1372 800 1423 Verum
838 1383 885 1423 et
925 1373 985 1423 de
1010 1372 1191 1423 Iemael
1225 1389 1329 1423 ecce
1361 1372 1612 1423 exaudiam
1647 1382 1691 1423 te
1721 1383 1767 1423 et

250 1440 527 1491 benedicam
545 1441 617 1501 ei,-
655 1440 894 1492 duodecim
909 1450 1074 1509 yeme-s
1088 1442 1332 1507 yenerabt‘t
1345 1444 1408 1489 “2
1444 1444 1550 1503 (17,
1569 1442 1680 1501 20.)

276 1561 366 1613 59.
416 1558 487 1612 Et
523 1560 765 1630 primum
796 1569 849 1615 et
878 1560 1183 1615 secundum
1219 1560 1482 1624 concedo,
1517 1559 1623 1623 ait,
1666 1558 1768 1613 bo-

166 1651 328 1689 num:
382 1632 531 1688 bona
564 1634 827 1690 videlicet
861 1644 1085 1690 naturae
1121 1635 1374 1706 bonaque
1413 1633 1764 1705 disciplinae.

163 1709 265 1764 Per
293 1715 551 1764 naturam
579 1708 750 1773 illud,
802 1710 951 1781 quod
985 1710 1291 1764 secundum
1321 1710 1625 1781 genuinum
1653 1709 1770 1761 Isa—

164 1801 326 1839 acum
356 1792 469 1847 est,
522 1790 577 1837 et
608 1799 708 1855 per
736 1782 1120 1857 disciplinam,
1171 1782 1321 1855 quod
1351 1792 1434 1837 est
1463 1781 1770 1836 secundum

164 1858 363 1913 Ismael
394 1874 506 1912 non
536 1859 861 1931 genuinum.
940 1858 1180 1915 Auditus
1210 1857 1359 1911 enim
1389 1855 1619 1910 collatus
1645 1871 1774 1909 cum

166 1935 296 1987 visu
326 1940 412 1987 est
439 1933 586 1987 sicut
614 1950 723 1988 non
750 1928 1028 2006 genuinus
1060 1949 1188 1986 cum
1225 1930 1494 2003 genuin0‚
1545 1936 1598 1983 et
1623 1929 1772 2000 quod

167 2008 226 2063 fit
264 2025 368 2081 per
408 2007 796 2079 discipli-nam,
846 2025 955 2064 non
992 2016 1076 2063 est
1104 2005 1354 2061 eiusdem
1383 2004 1608 2061 rationis
1644 2021 1770 2061 cum

166 2083 264 2138 illo
279 2126 293 2148 ‚
327 2082 481 2155 quod
500 2099 602 2155 per
621 2092 871 2138 naturam
892 2092 990 2139 est.
1070 2083 1304 2139 Generat
1324 2090 1507 2138 autem
1523 2082 1772 2137 nationes

169 2158 468 2213 duodecim
487 2156 773 2213 studiosus
795 2176 896 2213 enc
935 2157 1278 2230 clopaediae‚
1304 2176 1431 2213 nam
1452 2158 1768 2232 encyclicas

169 2251 438 2289 numerus
466 2240 551 2288 est
579 2232 851 2289 duodenis
924 2234 1102 2290 ierum
1133 2250 1507 2306 annorumque
1531 2232 1768 2307 periodi.

177 2387 337 2446 Quare
366 2388 508 2440 dicit.-
545 2426 580 2454 „
602 2388 946 2441 Testamentum
972 2387 1082 2441 uero
1110 2408 1256 2440 meum
1282 2399 1490 2440 statuam
1517 2386 1588 2435 ad
1606 2386 1770 2445 Isaac,

306 2475 443 2589 ἕαξηι
456 2458 641 2586 {ing-iet
675 2456 838 2509 Sarra
867 2459 917 2508 in
955 2467 1160 2524 tempore
1189 2458 1275 2508 hoc
1307 2458 1355 2505 in
1387 2470 1512 2503 anno
1545 2452 1696 2501 altero
1712 2454 1778 2497 “2

337 2532 360 2574 1
403 2562 417 2587 ,
526 2560 539 2573 .

284 2635 373 2687 60.
450 2631 930 2699 Quemadmodum
981 2635 1042 2688 in
1101 2632 1391 2687 hominum
1442 2627 1784 2682 testamentis

179 2707 413 2778 quidam
440 2707 827 2774 inscribuntur
856 2707 1092 2763 heredes
1107 2748 1120 2771 ‚
1163 2714 1220 2759 et
1247 2702 1420 2773 aliqui
1447 2701 1607 2757 donis
1629 2697 1787 2769 digni

280 2961 309 2976 x
