2125 3084
349 203 450 255 324
597 205 793 250 run„
833 204 978 250 ιω).
1019 199 1347 260 Quanam.
1382 205 1485 250 ΕΤ
1524 205 1679 249 son.
1724 199 1975 266 [11,475.]

350 315 435 361 est
461 305 676 360 iustitia
689 345 702 368 ,
745 304 890 359 dona
911 306 1141 358 minime
1160 305 1463 375 accipiens.
1540 302 1701 358 Unde
1718 305 1979 375 quibus-

351 381 480 436 dam
501 381 708 451 optime
729 379 942 434 dictum
961 387 1071 432 est:
1124 379 1331 432 Iudicia
1349 383 1435 431 dei
1449 388 1585 432 sunt.

359 535 520 594 Quare
555 535 822 584 cementi
851 533 998 585 osirath
1039 533 1219 582 ὑιὺπία·
1260 533 1527 582 mantibus
1567 534 1697 582 iubet
1734 533 1974 584 reducere

818 617 898 650 eoo
932 610 978 649 et
1009 599 1241 649 reddere?
1280 606 1386 660 (23,
1414 602 1491 660 4.)

470 707 550 758 Η.
611 701 1026 758 Familiaritatis
1062 708 1423 773 augmentum
1458 699 1847 774 (commendat)
1880 713 1973 758 at-

353 794 464 850 que
485 777 654 832 simul
673 784 857 832 monet
875 791 984 830 non
1001 791 1199 830 nocere
1220 775 1475 838 inimico,
1502 776 1605 831 sed
1624 777 1811 848 potius
1828 793 1974 846 pro-

354 853 536 908 desse.
617 850 874 906 Secundo
900 851 1295 906 continentiam
1312 857 1367 904 et
1384 851 1699 906 cautionem
1720 851 1970 906 avidita-

353 929 453 982 tis:
517 925 800 996 siquidem
817 926 920 996 qui
940 941 1123 995 neque
1139 925 1369 980 inimico
1390 940 1587 980 nocere
1603 927 1811 998 patitur
1824 965 1837 990 ‚
1862 928 1965 980 cui

355 1002 452 1059 alii
472 1000 739 1056 damnum
757 1000 900 1055 ferre
915 999 1067 1054 volet
1084 1015 1183 1070 pro
1203 1016 1301 1053 sua
1324 999 1597 1054 utilitate?
1655 1002 1837 1055 Tertio
1854 1017 1965 1054 au-

355 1075 460 1131 fert
477 1093 508 1130 e
529 1075 716 1130 medio
733 1076 884 1130 rixas
901 1089 1229 1146 pugnasque
1244 1115 1257 1136 ‚
1286 1082 1549 1144 patronus
1566 1075 1839 1128 exsistens
1855 1091 1965 1144 pa·-

355 1152 456 1214 cis‚
477 1151 640 1206 cuius
661 1149 1040 1222 possessiones
1057 1145 1441 1218 multipliciter
1450 1148 1762 1220 depingens
1773 1157 1963 1202 osten—

355 1224 458 1280 dit.
529 1223 912 1280 Redditionem
934 1224 1121 1293 itaque
1140 1223 1419 1278 asinorum
1440 1223 1779 1294 principium
1801 1231 1963 1294 putat

356 1298 654 1353 oblationis
691 1300 846 1368 pacis
883 1305 938 1351 et
973 1297 1461 1352 reconciliationis.
1546 1297 1819 1364 Quoniam
1856 1301 1961 1368 qui

356 1370 540 1426 reddit
554 1411 566 1434 ‚
603 1367 680 1497 [Ἰ
711 1387 934 1441 operam
961 1373 1163 1426 amoris
1190 1370 1481 1442 perficiens
1496 1413 1509 1436 ‚
1551 1371 1963 1444 quodammodo

357 1461 428 1499 ex
451 1444 632 1497 animo
677 1444 942 1498 amiliaris
965 1445 1393 1514 demonstratur3
1458 1447 1556 1517 qui
1586 1463 1715 1501 vero
1736 1447 1956 1516 recipit,

358 1519 407 1571 si
439 1533 546 1570 non
574 1517 738 1587 plane
767 1520 1016 1591 ingratus
1045 1519 1239 1584 fuerit,
1279 1520 1505 1592 deponit
1522 1522 1811 1576 saevitiam
1830 1521 1963 1574 vin-

359 1590 538 1645 dictae
563 1589 883 1662 capiendae.

365 1731 526 1789 Quare
568 1734 614 1782 ei
653 1733 824 1784 viderit
867 1735 972 1798 quie
1013 1733 1191 1784 inimici
1226 1734 1305 1783 am*
1343 1733 1523 1782 ast‘num
1556 1733 1642 1780 sub
1678 1748 1815 1780 onere
1842 1749 1963 1796 pro-

495 1799 701 1864 lapsum,
759 1801 885 1850 iubet
928 1819 1020 1850 non
1055 1800 1435 1865 praetermittere
1472 1798 1823 1864 (occasionem)
1858 1815 1962 1848 eum

492 1867 772 1917 sublevandi
803 1885 904 1918 cum
939 1873 1025 1918 eo?
1059 1870 1168 1934 (23,
1208 1867 1284 1930 5.)

475 1971 556 2024 ⁴2.
598 1971 837 2025 Intensio
857 1969 1216 2024 additamenti
1236 1969 1569 2022 anteriorum
1590 1977 1697 2031 est,
1740 1967 1888 2021 unde
1906 1977 1961 2022 et

357 2042 516 2112 plura
538 2043 766 2114 quidem
787 2044 932 2100 dicta
953 2052 1036 2098 est
1055 2043 1313 2114 adaptare
1334 2058 1502 2114 super
1523 2043 1627 2097 hoc
1640 2083 1654 2107 ‚
1685 2059 1757 2096 ex
1776 2043 1847 2096 iis
1870 2044 1963 2096 ni—

357 2117 580 2182 mirum,
606 2135 748 2189 quae
769 2118 838 2173 de
857 2118 1120 2173 reddente
1140 2124 1269 2171 sunt
1289 2117 1457 2171 dicta.
1514 2116 1800 2172 Caeterum
1822 2133 1963 2187 qua-

358 2192 407 2245 si
429 2208 499 2246 ex
521 2192 826 2263 appendice
845 2191 1147 2247 dicendum
1166 2192 1297 2256 erit,
1330 2191 1481 2263 quod
1500 2190 1858 2246 humanitatis
1877 2190 1962 2244 fa-

359 2265 804 2337 miliaritatisque
824 2265 1054 2320 nimiam
1077 2265 1470 2324 abundantiam
1492 2265 1586 2320 hic
1604 2263 1871 2328 ostendit,
1898 2280 1961 2318 eo

358 2339 506 2411 quod
537 2356 643 2394 non
671 2347 882 2396 tantum
904 2339 1149 2394 hortetur
1169 2340 1413 2394 inimicis
1434 2356 1657 2412 quoque
1676 2339 1958 2412 prodesse.

357 2429 552 2468 verum
582 2415 745 2468 etiam
776 2413 1103 2486 gravitatem
1126 2415 1309 2468 oneris
1332 2413 1655 2468 animalium
1676 2413 1963 2468 Brutorum

358 2487 678 2552 sublevare,
721 2487 961 2542 maxime
989 2487 1101 2542 iam
1124 2484 1439 2543 cadentium
1458 2487 1530 2543 ob
1549 2487 1965 2558 depressionem

359 2563 601 2634 ingentis
629 2562 910 2633 ponderis,
989 2559 1127 2626 Quis
1157 2561 1305 2616 enim
1332 2577 1671 2634 quemquam
1694 2577 1765 2616 ex
1782 2559 1969 2616 homi—

359 2633 553 2697 nibus,
580 2651 814 2704 quorum
835 2652 944 2689 una
966 2644 1048 2689 est
1070 2637 1320 2707 cognatio
1340 2646 1565 2692 naturae
1580 2676 1593 2701 ,
1617 2635 1970 2708 praetermit—

361 2712 462 2766 tet,
508 2706 733 2760 edoctus
765 2725 794 2762 a
822 2708 1014 2762 divina
1044 2709 1166 2779 lege
1196 2726 1259 2763 ac
1278 2710 1475 2765 solitus
1494 2727 1597 2765 nec
1619 2711 1865 2765 iumenta
1883 2717 1969 2763 et-
