<?xml version="1.0" encoding="UTF-8"?>
<!DOCTYPE html PUBLIC "-//W3C//DTD XHTML 1.0 Transitional//EN"
    "http://www.w3.org/TR/xhtml1/DTD/xhtml1-transitional.dtd">
<html xmlns="http://www.w3.org/1999/xhtml" xml:lang="en" lang="en">
 <head>
  <title>
</title>
<meta http-equiv="Content-Type" content="text/html;charset=utf-8" />
  <meta name='ocr-system' content='tesseract 3.04.00' />
  <meta name='ocr-capabilities' content='ocr_page ocr_carea ocr_par ocr_line ocrx_word'/>
</head>
<body>
  <div class='ocr_page' id='page_1' title='image "./philonisiudaeio00alejgoog_0080.png"; bbox 0 0 2125 3084; ppageno 0'>
   <div class='ocr_carea' id='block_1_1' title="bbox 176 152 1798 232">
    <p class='ocr_par' dir='ltr' id='par_1_1' title="bbox 176 152 1798 232">
     <span class='ocr_line' id='line_1_1' title="bbox 176 152 1798 232; baseline 0.002 -22"><span class='ocrx_word' id='word_1_1' title='bbox 176 152 411 232; x_wconf 76' lang='lat'>&#39;[11‚239.]</span> <span class='ocrx_word' id='word_1_2' title='bbox 496 162 557 219; x_wconf 85' lang='lat' dir='ltr'><strong>Q.</strong></span> <span class='ocrx_word' id='word_1_3' title='bbox 594 162 695 207; x_wconf 84' lang='lat' dir='ltr'><strong>ET</strong></span> <span class='ocrx_word' id='word_1_4' title='bbox 735 163 785 208; x_wconf 91' lang='lat' dir='ltr'><strong>s.</strong></span> <span class='ocrx_word' id='word_1_5' title='bbox 830 164 913 209; x_wconf 83' lang='lat' dir='ltr'><strong>IN</strong></span> <span class='ocrx_word' id='word_1_6' title='bbox 950 162 1124 211; x_wconf 70' lang='lat' dir='ltr'>GEN.</span> <span class='ocrx_word' id='word_1_7' title='bbox 1167 164 1420 211; x_wconf 68' lang='grc' dir='ltr'>311111Μο</span> <span class='ocrx_word' id='word_1_8' title='bbox 1457 166 1548 215; x_wconf 85' lang='lat' dir='ltr'><strong>1v.</strong></span> <span class='ocrx_word' id='word_1_9' title='bbox 1733 162 1798 214; x_wconf 84' lang='lat'><strong>63</strong></span> 
     </span>
    </p>
   </div>
   <div class='ocr_carea' id='block_1_2' title="bbox 176 262 1800 2512">
    <p class='ocr_par' dir='ltr' id='par_1_2' title="bbox 176 262 1800 2512">
     <span class='ocr_line' id='line_1_2' title="bbox 193 262 1797 335; baseline 0.002 -15"><span class='ocrx_word' id='word_1_10' title='bbox 193 283 295 320; x_wconf 88' lang='lat' dir='ltr'><strong>non</strong></span> <span class='ocrx_word' id='word_1_11' title='bbox 317 264 425 319; x_wconf 91' lang='lat' dir='ltr'><strong>soli</strong></span> <span class='ocrx_word' id='word_1_12' title='bbox 449 262 692 317; x_wconf 89' lang='lat' dir='ltr'><strong>humano</strong></span> <span class='ocrx_word' id='word_1_13' title='bbox 712 264 930 335; x_wconf 82' lang='lat' dir='ltr'>generi,</span> <span class='ocrx_word' id='word_1_14' title='bbox 975 263 1075 318; x_wconf 89' lang='lat' dir='ltr'><strong>sed</strong></span> <span class='ocrx_word' id='word_1_15' title='bbox 1108 265 1272 319; x_wconf 82' lang='lat' dir='ltr'><strong>etiam</strong></span> <span class='ocrx_word' id='word_1_16' title='bbox 1300 267 1466 321; x_wconf 89' lang='lat' dir='ltr'><strong>totius</strong></span> <span class='ocrx_word' id='word_1_17' title='bbox 1496 267 1636 322; x_wconf 89' lang='lat' dir='ltr'><strong>caeli</strong></span> <span class='ocrx_word' id='word_1_18' title='bbox 1659 284 1797 322; x_wconf 91' lang='lat' dir='ltr'><strong>cun-</strong></span> 
     </span>
     <span class='ocr_line' id='line_1_3' title="bbox 192 337 1798 411; baseline 0.002 -17"><span class='ocrx_word' id='word_1_19' title='bbox 192 342 287 394; x_wconf 86' lang='lat' dir='ltr'><strong>ctis</strong></span> <span class='ocrx_word' id='word_1_20' title='bbox 308 337 569 411; x_wconf 87' lang='lat' dir='ltr'><strong>partibus</strong></span> <span class='ocrx_word' id='word_1_21' title='bbox 590 338 910 409; x_wconf 87' lang='lat' dir='ltr'><strong>purioribus</strong></span> <span class='ocrx_word' id='word_1_22' title='bbox 932 340 1512 410; x_wconf 87' lang='lat' dir='ltr'><strong>incomprehensibilis</strong></span> <span class='ocrx_word' id='word_1_23' title='bbox 1533 350 1633 408; x_wconf 84' lang='lat' dir='ltr'><strong>est,</strong></span> <span class='ocrx_word' id='word_1_24' title='bbox 1653 350 1798 398; x_wconf 89' lang='lat' dir='ltr'><strong>tam-</strong></span> 
     </span>
     <span class='ocr_line' id='line_1_4' title="bbox 192 413 1791 487; baseline 0.002 -18"><span class='ocrx_word' id='word_1_25' title='bbox 192 432 354 487; x_wconf 90' lang='lat' dir='ltr'><strong>quam</strong></span> <span class='ocrx_word' id='word_1_26' title='bbox 396 413 754 485; x_wconf 84' lang='lat' dir='ltr'>splendorem</span> <span class='ocrx_word' id='word_1_27' title='bbox 792 414 1074 484; x_wconf 84' lang='lat' dir='ltr'>quendam</span> <span class='ocrx_word' id='word_1_28' title='bbox 1114 432 1186 469; x_wconf 85' lang='lat' dir='ltr'><strong>ex</strong></span> <span class='ocrx_word' id='word_1_29' title='bbox 1225 432 1286 469; x_wconf 92' lang='lat' dir='ltr'><strong>se</strong></span> <span class='ocrx_word' id='word_1_30' title='bbox 1326 432 1609 473; x_wconf 86' lang='lat' dir='ltr'><strong>coruscare</strong></span> <span class='ocrx_word' id='word_1_31' title='bbox 1640 416 1791 482; x_wconf 84' lang='lat' dir='ltr'><strong>fecit,</strong></span> 
     </span>
     <span class='ocr_line' id='line_1_5' title="bbox 190 487 1798 562; baseline 0.001 -17"><span class='ocrx_word' id='word_1_32' title='bbox 190 508 349 562; x_wconf 86' lang='lat' dir='ltr'><strong>quem</strong></span> <span class='ocrx_word' id='word_1_33' title='bbox 375 490 497 543; x_wconf 91' lang='lat' dir='ltr'><strong>iure</strong></span> <span class='ocrx_word' id='word_1_34' title='bbox 515 487 752 542; x_wconf 78' lang='lat' dir='ltr'><strong>formam</strong></span> <span class='ocrx_word' id='word_1_35' title='bbox 774 489 1148 559; x_wconf 81' lang='lat' dir='ltr'><strong>appellamus,</strong></span> <span class='ocrx_word' id='word_1_36' title='bbox 1189 490 1335 544; x_wconf 81' lang='lat' dir='ltr'><strong>cii-ca</strong></span> <span class='ocrx_word' id='word_1_37' title='bbox 1354 497 1530 545; x_wconf 89' lang='lat' dir='ltr'><strong>totum</strong></span> <span class='ocrx_word' id='word_1_38' title='bbox 1551 493 1798 547; x_wconf 89' lang='lat' dir='ltr'><strong>animum</strong></span> 
     </span>
     <span class='ocr_line' id='line_1_6' title="bbox 188 563 1796 639; baseline 0.001 -20"><span class='ocrx_word' id='word_1_39' title='bbox 188 566 370 619; x_wconf 89' lang='lat' dir='ltr'><strong>radios</strong></span> <span class='ocrx_word' id='word_1_40' title='bbox 411 580 683 635; x_wconf 83' lang='lat' dir='ltr'><strong>spargens</strong></span> <span class='ocrx_word' id='word_1_41' title='bbox 713 563 1092 634; x_wconf 63' lang='lat' dir='ltr'><strong>incorporem,</strong></span> <span class='ocrx_word' id='word_1_42' title='bbox 1139 572 1303 635; x_wconf 92' lang='lat' dir='ltr'><strong>atque</strong></span> <span class='ocrx_word' id='word_1_43' title='bbox 1341 566 1796 639; x_wconf 79' lang='lat' dir='ltr'><strong>supercaelesti*)</strong></span> 
     </span>
     <span class='ocr_line' id='line_1_7' title="bbox 189 638 1798 711; baseline 0 -16"><span class='ocrx_word' id='word_1_44' title='bbox 189 640 401 695; x_wconf 88' lang='lat' dir='ltr'><strong>lumine</strong></span> <span class='ocrx_word' id='word_1_45' title='bbox 423 638 781 709; x_wconf 84' lang='lat' dir='ltr'><strong>adimplevit3</strong></span> <span class='ocrx_word' id='word_1_46' title='bbox 830 654 941 707; x_wconf 88' lang='lat' dir='ltr'><strong>quo</strong></span> <span class='ocrx_word' id='word_1_47' title='bbox 963 638 1270 694; x_wconf 90' lang='lat' dir='ltr'><strong>conductus</strong></span> <span class='ocrx_word' id='word_1_48' title='bbox 1292 640 1606 711; x_wconf 83' lang='lat' dir='ltr'><strong>intellectus</strong></span> <span class='ocrx_word' id='word_1_49' title='bbox 1627 640 1798 695; x_wconf 82' lang='lat' dir='ltr'><strong>fertur</strong></span> 
     </span>
     <span class='ocr_line' id='line_1_8' title="bbox 184 712 1800 787; baseline 0 -17"><span class='ocrx_word' id='word_1_50' title='bbox 184 714 467 770; x_wconf 81' lang='lat' dir='ltr'><strong>mediante</strong></span> <span class='ocrx_word' id='word_1_51' title='bbox 488 712 664 768; x_wconf 82' lang='lat' dir='ltr'><strong>forma</strong></span> <span class='ocrx_word' id='word_1_52' title='bbox 686 712 755 767; x_wconf 87' lang='lat' dir='ltr'><strong>ad</strong></span> <span class='ocrx_word' id='word_1_53' title='bbox 774 721 1148 786; x_wconf 80' lang='lat' dir='ltr'><strong>prototypum.</strong></span> <span class='ocrx_word' id='word_1_54' title='bbox 1230 714 1523 785; x_wconf 89' lang='lat' dir='ltr'><strong>Siquidem</strong></span> <span class='ocrx_word' id='word_1_55' title='bbox 1553 716 1678 771; x_wconf 84' lang='lat' dir='ltr'><strong>visu</strong></span> <span class='ocrx_word' id='word_1_56' title='bbox 1697 732 1800 787; x_wconf 92' lang='lat' dir='ltr'><strong>po-</strong></span> 
     </span>
     <span class='ocr_line' id='line_1_9' title="bbox 181 788 1798 865; baseline 0 -21"><span class='ocrx_word' id='word_1_57' title='bbox 181 792 294 845; x_wconf 88' lang='lat' dir='ltr'><strong>tius</strong></span> <span class='ocrx_word' id='word_1_58' title='bbox 314 806 490 861; x_wconf 88' lang='lat' dir='ltr'><strong>quam</strong></span> <span class='ocrx_word' id='word_1_59' title='bbox 510 789 726 842; x_wconf 89' lang='lat' dir='ltr'><strong>cunctis</strong></span> <span class='ocrx_word' id='word_1_60' title='bbox 749 788 1130 843; x_wconf 82' lang='lat' dir='ltr'><strong>instrumentis</strong></span> <span class='ocrx_word' id='word_1_61' title='bbox 1151 804 1346 843; x_wconf 88' lang='lat' dir='ltr'><strong>sensus</strong></span> <span class='ocrx_word' id='word_1_62' title='bbox 1358 791 1635 862; x_wconf 84' lang='lat' dir='ltr'><strong>coaptavit</strong></span> <span class='ocrx_word' id='word_1_63' title='bbox 1644 807 1798 865; x_wconf 84' lang='lat' dir='ltr'><strong>sym-</strong></span> 
     </span>
     <span class='ocr_line' id='line_1_10' title="bbox 179 863 1799 937; baseline 0.002 -19"><span class='ocrx_word' id='word_1_64' title='bbox 179 866 451 937; x_wconf 88' lang='lat' dir='ltr'><strong>phoniam</strong></span> <span class='ocrx_word' id='word_1_65' title='bbox 481 863 715 927; x_wconf 90' lang='lat' dir='ltr'><strong>dictam,</strong></span> <span class='ocrx_word' id='word_1_66' title='bbox 762 870 922 934; x_wconf 89' lang='lat' dir='ltr'><strong>prout</strong></span> <span class='ocrx_word' id='word_1_67' title='bbox 947 880 1047 934; x_wconf 91' lang='lat' dir='ltr'><strong>per</strong></span> <span class='ocrx_word' id='word_1_68' title='bbox 1075 864 1262 918; x_wconf 86' lang='lat' dir='ltr'><strong>visum</strong></span> <span class='ocrx_word' id='word_1_69' title='bbox 1294 866 1599 936; x_wconf 86' lang='lat' dir='ltr'><strong>acquiritur</strong></span> <span class='ocrx_word' id='word_1_70' title='bbox 1626 874 1688 921; x_wconf 91' lang='lat' dir='ltr'><strong>ut</strong></span> <span class='ocrx_word' id='word_1_71' title='bbox 1707 866 1799 921; x_wconf 86' lang='lat' dir='ltr'><strong>vi-</strong></span> 
     </span>
     <span class='ocr_line' id='line_1_11' title="bbox 180 938 1622 1013; baseline 0.001 -19"><span class='ocrx_word' id='word_1_72' title='bbox 180 941 444 1006; x_wconf 82' lang='lat' dir='ltr'><strong>deamus3</strong></span> <span class='ocrx_word' id='word_1_73' title='bbox 489 956 589 1010; x_wconf 92' lang='lat' dir='ltr'><strong>per</strong></span> <span class='ocrx_word' id='word_1_74' title='bbox 609 939 796 994; x_wconf 85' lang='lat' dir='ltr'><strong>visum</strong></span> <span class='ocrx_word' id='word_1_75' title='bbox 814 938 963 992; x_wconf 88' lang='lat' dir='ltr'><strong>enim</strong></span> <span class='ocrx_word' id='word_1_76' title='bbox 982 940 1252 1009; x_wconf 82' lang='lat' dir='ltr'><strong>apparitio</strong></span> <span class='ocrx_word' id='word_1_77' title='bbox 1271 940 1622 1013; x_wconf 82' lang='lat' dir='ltr'><strong>intelligitur.</strong></span> 
     </span>
     <span class='ocr_line' id='line_1_12' title="bbox 296 1013 1796 1084; baseline 0.002 -16"><span class='ocrx_word' id='word_1_78' title='bbox 296 1013 584 1077; x_wconf 89' lang='lat' dir='ltr'><strong>Secundo,</strong></span> <span class='ocrx_word' id='word_1_79' title='bbox 616 1015 751 1084; x_wconf 89' lang='lat' dir='ltr'><strong>quia</strong></span> <span class='ocrx_word' id='word_1_80' title='bbox 771 1014 1142 1068; x_wconf 82' lang='lat' dir='ltr'><strong>extremitates</strong></span> <span class='ocrx_word' id='word_1_81' title='bbox 1163 1022 1291 1068; x_wconf 89' lang='lat' dir='ltr'><strong>sunt</strong></span> <span class='ocrx_word' id='word_1_82' title='bbox 1317 1014 1671 1070; x_wconf 87' lang='lat' dir='ltr'><strong>admirabiles</strong></span> <span class='ocrx_word' id='word_1_83' title='bbox 1687 1057 1699 1080; x_wconf 90' lang='lat'><strong>‚</strong></span> <span class='ocrx_word' id='word_1_84' title='bbox 1734 1024 1796 1071; x_wconf 92' lang='lat' dir='ltr'><strong>ut</strong></span> 
     </span>
     <span class='ocr_line' id='line_1_13' title="bbox 180 1088 1796 1162; baseline -0.001 -17"><span class='ocrx_word' id='word_1_85' title='bbox 180 1091 283 1145; x_wconf 86' lang='lat' dir='ltr'><strong>ille</strong></span> <span class='ocrx_word' id='word_1_86' title='bbox 299 1130 313 1153; x_wconf 93' lang='lat'>,</span> <span class='ocrx_word' id='word_1_87' title='bbox 348 1090 448 1160; x_wconf 90' lang='lat' dir='ltr'><strong>qui</strong></span> <span class='ocrx_word' id='word_1_88' title='bbox 469 1095 721 1159; x_wconf 89' lang='lat' dir='ltr'><strong>apparet,</strong></span> <span class='ocrx_word' id='word_1_89' title='bbox 764 1088 903 1143; x_wconf 87' lang='lat' dir='ltr'><strong>deus</strong></span> <span class='ocrx_word' id='word_1_90' title='bbox 922 1095 1031 1152; x_wconf 89' lang='lat' dir='ltr'><strong>est,</strong></span> <span class='ocrx_word' id='word_1_91' title='bbox 1077 1095 1130 1143; x_wconf 89' lang='lat' dir='ltr'><strong>et</strong></span> <span class='ocrx_word' id='word_1_92' title='bbox 1147 1089 1254 1142; x_wconf 91' lang='lat' dir='ltr'><strong>iste</strong></span> <span class='ocrx_word' id='word_1_93' title='bbox 1274 1090 1366 1143; x_wconf 91' lang='lat' dir='ltr'><strong>cui</strong></span> <span class='ocrx_word' id='word_1_94' title='bbox 1387 1098 1614 1160; x_wconf 88' lang='lat' dir='ltr'><strong>apparet</strong></span> <span class='ocrx_word' id='word_1_95' title='bbox 1627 1132 1640 1154; x_wconf 88' lang='lat'>,</span> <span class='ocrx_word' id='word_1_96' title='bbox 1673 1090 1796 1162; x_wconf 87' lang='lat' dir='ltr'><strong>(ho-</strong></span> 
     </span>
     <span class='ocr_line' id='line_1_14' title="bbox 182 1162 1796 1237; baseline -0.001 -18"><span class='ocrx_word' id='word_1_97' title='bbox 182 1164 317 1235; x_wconf 88' lang='lat' dir='ltr'><strong>mo,)</strong></span> <span class='ocrx_word' id='word_1_98' title='bbox 346 1164 539 1219; x_wconf 85' lang='lat' dir='ltr'><strong>videre</strong></span> <span class='ocrx_word' id='word_1_99' title='bbox 567 1162 871 1237; x_wconf 77' lang='lat' dir='ltr'><strong>possit**),</strong></span> <span class='ocrx_word' id='word_1_100' title='bbox 914 1162 1165 1218; x_wconf 90' lang='lat' dir='ltr'><strong>medium</strong></span> <span class='ocrx_word' id='word_1_101' title='bbox 1187 1163 1329 1217; x_wconf 88' lang='lat' dir='ltr'><strong>inter</strong></span> <span class='ocrx_word' id='word_1_102' title='bbox 1351 1172 1623 1220; x_wconf 85' lang='lat' dir='ltr'><strong>extremos</strong></span> <span class='ocrx_word' id='word_1_103' title='bbox 1643 1164 1796 1219; x_wconf 88' lang='lat' dir='ltr'><strong>ordi-</strong></span> 
     </span>
     <span class='ocr_line' id='line_1_15' title="bbox 179 1236 1795 1313; baseline -0.001 -18"><span class='ocrx_word' id='word_1_104' title='bbox 179 1236 439 1313; x_wconf 73' lang='lat' dir='ltr'><strong>navit-[³¹²]</strong></span> <span class='ocrx_word' id='word_1_105' title='bbox 463 1256 564 1309; x_wconf 85' lang='lat' dir='ltr'><strong>pro</strong></span> <span class='ocrx_word' id='word_1_106' title='bbox 584 1238 837 1311; x_wconf 79' lang='lat' dir='ltr'><strong>symbolo</strong></span> <span class='ocrx_word' id='word_1_107' title='bbox 857 1246 1003 1293; x_wconf 87' lang='lat' dir='ltr'><strong>certo</strong></span> <span class='ocrx_word' id='word_1_108' title='bbox 1032 1254 1304 1307; x_wconf 82' lang='lat' dir='ltr'><strong>quercum,</strong></span> <span class='ocrx_word' id='word_1_109' title='bbox 1348 1238 1597 1293; x_wconf 84' lang='lat' dir='ltr'><strong>arborem</strong></span> <span class='ocrx_word' id='word_1_110' title='bbox 1625 1239 1795 1294; x_wconf 90' lang='lat' dir='ltr'><strong>robu-</strong></span> 
     </span>
     <span class='ocr_line' id='line_1_16' title="bbox 180 1312 1794 1388; baseline 0 -18"><span class='ocrx_word' id='word_1_111' title='bbox 180 1318 408 1371; x_wconf 87' lang='lat' dir='ltr'><strong>stiorem</strong></span> <span class='ocrx_word' id='word_1_112' title='bbox 432 1332 495 1368; x_wconf 90' lang='lat' dir='ltr'><strong>ac</strong></span> <span class='ocrx_word' id='word_1_113' title='bbox 512 1314 833 1385; x_wconf 87' lang='lat' dir='ltr'><strong>principatu</strong></span> <span class='ocrx_word' id='word_1_114' title='bbox 851 1314 1149 1384; x_wconf 88' lang='lat' dir='ltr'><strong>potiorem,</strong></span> <span class='ocrx_word' id='word_1_115' title='bbox 1195 1322 1358 1384; x_wconf 88' lang='lat' dir='ltr'><strong>atque</strong></span> <span class='ocrx_word' id='word_1_116' title='bbox 1387 1312 1501 1369; x_wconf 85' lang='lat' dir='ltr'><strong>fere</strong></span> <span class='ocrx_word' id='word_1_117' title='bbox 1531 1332 1602 1370; x_wconf 78' lang='lat' dir='ltr'><strong>ex</strong></span> <span class='ocrx_word' id='word_1_118' title='bbox 1633 1332 1794 1388; x_wconf 83' lang='lat' dir='ltr'><strong>agre-</strong></span> 
     </span>
     <span class='ocr_line' id='line_1_17' title="bbox 180 1388 1794 1462; baseline 0.001 -18"><span class='ocrx_word' id='word_1_119' title='bbox 180 1390 363 1444; x_wconf 89' lang='lat' dir='ltr'><strong>stibus</strong></span> <span class='ocrx_word' id='word_1_120' title='bbox 395 1389 788 1453; x_wconf 83' lang='lat' dir='ltr'><strong>domesticam,</strong></span> <span class='ocrx_word' id='word_1_121' title='bbox 832 1395 1025 1443; x_wconf 88' lang='lat' dir='ltr'><strong>notans</strong></span> <span class='ocrx_word' id='word_1_122' title='bbox 1055 1389 1360 1461; x_wconf 83' lang='lat' dir='ltr'><strong>sapientem</strong></span> <span class='ocrx_word' id='word_1_123' title='bbox 1389 1388 1638 1462; x_wconf 87' lang='lat' dir='ltr'><strong>undique</strong></span> <span class='ocrx_word' id='word_1_124' title='bbox 1657 1408 1794 1447; x_wconf 91' lang='lat' dir='ltr'><strong>ocu-</strong></span> 
     </span>
     <span class='ocr_line' id='line_1_18' title="bbox 180 1463 1792 1537; baseline 0 -17"><span class='ocrx_word' id='word_1_125' title='bbox 180 1466 374 1520; x_wconf 88' lang='lat' dir='ltr'><strong>latum.</strong></span> <span class='ocrx_word' id='word_1_126' title='bbox 428 1463 541 1530; x_wconf 85' lang='lat' dir='ltr'><strong>Qui</strong></span> <span class='ocrx_word' id='word_1_127' title='bbox 562 1464 842 1535; x_wconf 86' lang='lat' dir='ltr'><strong>incipiens</strong></span> <span class='ocrx_word' id='word_1_128' title='bbox 863 1463 1055 1519; x_wconf 86' lang='lat' dir='ltr'><strong>videre</strong></span> <span class='ocrx_word' id='word_1_129' title='bbox 1077 1466 1288 1519; x_wconf 87' lang='lat' dir='ltr'><strong>entium</strong></span> <span class='ocrx_word' id='word_1_130' title='bbox 1305 1466 1498 1537; x_wconf 89' lang='lat' dir='ltr'><strong>utique</strong></span> <span class='ocrx_word' id='word_1_131' title='bbox 1519 1467 1792 1537; x_wconf 90' lang='lat' dir='ltr'><strong>optimum</strong></span> 
     </span>
     <span class='ocr_line' id='line_1_19' title="bbox 180 1539 1788 1611; baseline -0.001 -15"><span class='ocrx_word' id='word_1_132' title='bbox 180 1558 241 1595; x_wconf 90' lang='lat' dir='ltr'><strong>ac</strong></span> <span class='ocrx_word' id='word_1_133' title='bbox 259 1539 636 1601; x_wconf 85' lang='lat' dir='ltr'><strong>fortissimum</strong></span> <span class='ocrx_word' id='word_1_134' title='bbox 656 1540 995 1611; x_wconf 88' lang='lat' dir='ltr'><strong>principem,</strong></span> <span class='ocrx_word' id='word_1_135' title='bbox 1040 1540 1350 1611; x_wconf 89' lang='lat' dir='ltr'><strong>ducemque</strong></span> <span class='ocrx_word' id='word_1_136' title='bbox 1380 1542 1788 1605; x_wconf 83' lang='lat' dir='ltr'><strong>universorum,</strong></span> 
     </span>
     <span class='ocr_line' id='line_1_20' title="bbox 178 1614 1793 1687; baseline -0.002 -15"><span class='ocrx_word' id='word_1_137' title='bbox 178 1616 333 1671; x_wconf 86' lang='lat' dir='ltr'><strong>videt</strong></span> <span class='ocrx_word' id='word_1_138' title='bbox 354 1616 614 1670; x_wconf 84' lang='lat' dir='ltr'><strong>arborem</strong></span> <span class='ocrx_word' id='word_1_139' title='bbox 636 1621 905 1687; x_wconf 80' lang='lat' dir='ltr'><strong>agrestem</strong></span> <span class='ocrx_word' id='word_1_140' title='bbox 926 1614 1198 1670; x_wconf 87' lang='lat' dir='ltr'><strong>densitate</strong></span> <span class='ocrx_word' id='word_1_141' title='bbox 1218 1616 1690 1687; x_wconf 82' lang='lat' dir='ltr'><strong>comprehensam,</strong></span> <span class='ocrx_word' id='word_1_142' title='bbox 1715 1616 1793 1671; x_wconf 88' lang='lat' dir='ltr'><strong>ita</strong></span> 
     </span>
     <span class='ocr_line' id='line_1_21' title="bbox 178 1688 1794 1762; baseline -0.001 -15"><span class='ocrx_word' id='word_1_143' title='bbox 178 1701 363 1747; x_wconf 87' lang='lat' dir='ltr'><strong>tamen</strong></span> <span class='ocrx_word' id='word_1_144' title='bbox 393 1699 463 1745; x_wconf 89' lang='lat' dir='ltr'><strong>ut</strong></span> <span class='ocrx_word' id='word_1_145' title='bbox 494 1688 754 1761; x_wconf 86' lang='lat' dir='ltr'><strong>expedite</strong></span> <span class='ocrx_word' id='word_1_146' title='bbox 782 1698 837 1744; x_wconf 93' lang='lat' dir='ltr'><strong>et</strong></span> <span class='ocrx_word' id='word_1_147' title='bbox 864 1689 1038 1745; x_wconf 90' lang='lat' dir='ltr'><strong>libere</strong></span> <span class='ocrx_word' id='word_1_148' title='bbox 1068 1689 1420 1762; x_wconf 86' lang='lat' dir='ltr'><strong>splendorem</strong></span> <span class='ocrx_word' id='word_1_149' title='bbox 1444 1690 1678 1745; x_wconf 86' lang='lat' dir='ltr'><strong>obvians</strong></span> <span class='ocrx_word' id='word_1_150' title='bbox 1703 1706 1794 1745; x_wconf 89' lang='lat' dir='ltr'><strong>re-</strong></span> 
     </span>
     <span class='ocr_line' id='line_1_22' title="bbox 176 1764 1795 1838; baseline -0.002 -17"><span class='ocrx_word' id='word_1_151' title='bbox 176 1768 449 1821; x_wconf 89' lang='lat' dir='ltr'><strong>nitentem</strong></span> <span class='ocrx_word' id='word_1_152' title='bbox 471 1764 761 1838; x_wconf 90' lang='lat' dir='ltr'><strong>placidum</strong></span> <span class='ocrx_word' id='word_1_153' title='bbox 789 1764 1043 1820; x_wconf 90' lang='lat' dir='ltr'><strong>redderet</strong></span> <span class='ocrx_word' id='word_1_154' title='bbox 1069 1766 1270 1820; x_wconf 91' lang='lat' dir='ltr'><strong>oculis.</strong></span> <span class='ocrx_word' id='word_1_155' title='bbox 1348 1764 1615 1829; x_wconf 87' lang='lat' dir='ltr'><strong>Quamvis</strong></span> <span class='ocrx_word' id='word_1_156' title='bbox 1645 1766 1795 1818; x_wconf 89' lang='lat' dir='ltr'><strong>enim</strong></span> 
     </span>
     <span class='ocr_line' id='line_1_23' title="bbox 179 1837 1797 1913; baseline -0.004 -17"><span class='ocrx_word' id='word_1_157' title='bbox 179 1842 369 1913; x_wconf 88' lang='lat' dir='ltr'><strong>planta</strong></span> <span class='ocrx_word' id='word_1_158' title='bbox 390 1842 517 1912; x_wconf 90' lang='lat' dir='ltr'><strong>ipsa</strong></span> <span class='ocrx_word' id='word_1_159' title='bbox 537 1840 771 1912; x_wconf 83' lang='lat' dir='ltr'><strong>agrestis</strong></span> <span class='ocrx_word' id='word_1_160' title='bbox 796 1841 896 1905; x_wconf 89' lang='lat' dir='ltr'><strong>sit,</strong></span> <span class='ocrx_word' id='word_1_161' title='bbox 937 1839 1038 1894; x_wconf 90' lang='lat' dir='ltr'><strong>sed</strong></span> <span class='ocrx_word' id='word_1_162' title='bbox 1066 1838 1280 1893; x_wconf 84' lang='lat' dir='ltr'><strong>fructus</strong></span> <span class='ocrx_word' id='word_1_163' title='bbox 1300 1839 1422 1892; x_wconf 88' lang='lat' dir='ltr'><strong>eius</strong></span> <span class='ocrx_word' id='word_1_164' title='bbox 1443 1837 1676 1891; x_wconf 88' lang='lat' dir='ltr'><strong>nucleus</strong></span> <span class='ocrx_word' id='word_1_165' title='bbox 1696 1837 1797 1891; x_wconf 90' lang='lat' dir='ltr'><strong>do-</strong></span> 
     </span>
     <span class='ocr_line' id='line_1_24' title="bbox 180 1910 1794 1989; baseline -0.003 -19"><span class='ocrx_word' id='word_1_166' title='bbox 180 1918 453 1971; x_wconf 83' lang='lat' dir='ltr'><strong>mesticus</strong></span> <span class='ocrx_word' id='word_1_167' title='bbox 483 1913 567 1988; x_wconf 91' lang='lat' dir='ltr'><strong>(ut</strong></span> <span class='ocrx_word' id='word_1_168' title='bbox 594 1916 691 1970; x_wconf 88' lang='lat' dir='ltr'><strong>Gr.</strong></span> <span class='ocrx_word' id='word_1_169' title='bbox 720 1914 918 1989; x_wconf 76' lang='grc' dir='ltr'><strong><em>φηγός,</em></strong></span> <span class='ocrx_word' id='word_1_170' title='bbox 952 1912 1135 1987; x_wconf 80' lang='lat' dir='ltr'><strong>fagus)</strong></span> <span class='ocrx_word' id='word_1_171' title='bbox 1152 1954 1164 1978; x_wconf 88' lang='lat'>,</span> <span class='ocrx_word' id='word_1_172' title='bbox 1206 1912 1306 1984; x_wconf 88' lang='lat' dir='ltr'><strong>qui</strong></span> <span class='ocrx_word' id='word_1_173' title='bbox 1335 1910 1609 1967; x_wconf 87' lang='lat' dir='ltr'><strong>frumento</strong></span> <span class='ocrx_word' id='word_1_174' title='bbox 1637 1912 1794 1983; x_wconf 90' lang='lat' dir='ltr'><strong>prius</strong></span> 
     </span>
     <span class='ocr_line' id='line_1_25' title="bbox 178 1987 1794 2060; baseline -0.002 -14"><span class='ocrx_word' id='word_1_175' title='bbox 178 1992 239 2045; x_wconf 91' lang='lat' dir='ltr'><strong>in</strong></span> <span class='ocrx_word' id='word_1_176' title='bbox 275 1991 474 2046; x_wconf 90' lang='lat' dir='ltr'><strong>cibum</strong></span> <span class='ocrx_word' id='word_1_177' title='bbox 512 1988 803 2044; x_wconf 89' lang='lat' dir='ltr'><strong>hominum</strong></span> <span class='ocrx_word' id='word_1_178' title='bbox 839 1989 999 2043; x_wconf 90' lang='lat' dir='ltr'><strong>datus</strong></span> <span class='ocrx_word' id='word_1_179' title='bbox 1040 1997 1150 2043; x_wconf 90' lang='lat' dir='ltr'><strong>est:</strong></span> <span class='ocrx_word' id='word_1_180' title='bbox 1219 1987 1578 2060; x_wconf 88' lang='lat' dir='ltr'><strong>quamobrem</strong></span> <span class='ocrx_word' id='word_1_181' title='bbox 1615 1994 1670 2044; x_wconf 89' lang='lat' dir='ltr'><strong>et</strong></span> <span class='ocrx_word' id='word_1_182' title='bbox 1705 1988 1794 2045; x_wconf 86' lang='lat' dir='ltr'><strong>vi-</strong></span> 
     </span>
     <span class='ocr_line' id='line_1_26' title="bbox 176 2063 1793 2138; baseline -0.001 -17"><span class='ocrx_word' id='word_1_183' title='bbox 176 2074 291 2121; x_wconf 89' lang='lat' dir='ltr'><strong>tam</strong></span> <span class='ocrx_word' id='word_1_184' title='bbox 313 2067 369 2121; x_wconf 89' lang='lat' dir='ltr'><strong>ei</strong></span> <span class='ocrx_word' id='word_1_185' title='bbox 380 2065 441 2138; x_wconf 74' lang='lat'><strong>†)</strong></span> <span class='ocrx_word' id='word_1_186' title='bbox 464 2064 881 2136; x_wconf 86' lang='lat' dir='ltr'><strong>adscripserunt</strong></span> <span class='ocrx_word' id='word_1_187' title='bbox 899 2071 962 2119; x_wconf 90' lang='lat' dir='ltr'><strong>ut</strong></span> <span class='ocrx_word' id='word_1_188' title='bbox 980 2064 1262 2135; x_wconf 90' lang='lat' dir='ltr'><strong>propriam</strong></span> <span class='ocrx_word' id='word_1_189' title='bbox 1283 2063 1626 2130; x_wconf 86' lang='lat' dir='ltr'><strong>facultatem,</strong></span> <span class='ocrx_word' id='word_1_190' title='bbox 1651 2072 1793 2119; x_wconf 89' lang='lat' dir='ltr'><strong>tem-</strong></span> 
     </span>
     <span class='ocr_line' id='line_1_27' title="bbox 177 2139 1792 2212; baseline -0.002 -16"><span class='ocrx_word' id='word_1_191' title='bbox 177 2141 341 2212; x_wconf 89' lang='lat' dir='ltr'><strong>plum</strong></span> <span class='ocrx_word' id='word_1_192' title='bbox 362 2148 419 2195; x_wconf 88' lang='lat' dir='ltr'><strong>et</strong></span> <span class='ocrx_word' id='word_1_193' title='bbox 440 2157 591 2195; x_wconf 90' lang='lat' dir='ltr'><strong>aram</strong></span> <span class='ocrx_word' id='word_1_194' title='bbox 620 2140 791 2193; x_wconf 90' lang='lat' dir='ltr'><strong>unius</strong></span> <span class='ocrx_word' id='word_1_195' title='bbox 816 2139 910 2193; x_wconf 91' lang='lat' dir='ltr'><strong>dei</strong></span> <span class='ocrx_word' id='word_1_196' title='bbox 940 2146 1254 2210; x_wconf 85' lang='lat' dir='ltr'><strong>reputantes</strong></span> <span class='ocrx_word' id='word_1_197' title='bbox 1283 2155 1570 2211; x_wconf 90' lang='lat' dir='ltr'><strong>quercum.</strong></span> <span class='ocrx_word' id='word_1_198' title='bbox 1650 2139 1792 2206; x_wconf 89' lang='lat' dir='ltr'><strong>Quia</strong></span> 
     </span>
     <span class='ocr_line' id='line_1_28' title="bbox 180 2213 1786 2277; baseline -0.002 -6"><span class='ocrx_word' id='word_1_199' title='bbox 180 2218 328 2272; x_wconf 87' lang='lat' dir='ltr'><strong>sicut</strong></span> <span class='ocrx_word' id='word_1_200' title='bbox 356 2215 561 2271; x_wconf 88' lang='lat' dir='ltr'><strong>solaris</strong></span> <span class='ocrx_word' id='word_1_201' title='bbox 591 2214 781 2269; x_wconf 88' lang='lat' dir='ltr'><strong>laurus</strong></span> <span class='ocrx_word' id='word_1_202' title='bbox 811 2214 870 2267; x_wconf 90' lang='lat' dir='ltr'><strong>in</strong></span> <span class='ocrx_word' id='word_1_203' title='bbox 898 2213 1332 2271; x_wconf 86' lang='lat' dir='ltr'><strong>emolumentum</strong></span> <span class='ocrx_word' id='word_1_204' title='bbox 1359 2215 1582 2270; x_wconf 87' lang='lat' dir='ltr'><strong>salubre</strong></span> <span class='ocrx_word' id='word_1_205' title='bbox 1621 2213 1786 2277; x_wconf 89' lang='lat' dir='ltr'><strong>cedit,</strong></span> 
     </span>
     <span class='ocr_line' id='line_1_29' title="bbox 180 2286 1794 2347; baseline -0.006 1"><span class='ocrx_word' id='word_1_206' title='bbox 180 2300 234 2347; x_wconf 86' lang='lat' dir='ltr'><strong>et</strong></span> <span class='ocrx_word' id='word_1_207' title='bbox 279 2290 679 2347; x_wconf 85' lang='lat' dir='ltr'><strong>conversiones</strong></span> <span class='ocrx_word' id='word_1_208' title='bbox 726 2288 863 2343; x_wconf 88' lang='lat' dir='ltr'><strong>solis</strong></span> <span class='ocrx_word' id='word_1_209' title='bbox 910 2288 1168 2343; x_wconf 86' lang='lat' dir='ltr'><strong>annualia</strong></span> <span class='ocrx_word' id='word_1_210' title='bbox 1215 2288 1506 2344; x_wconf 82' lang='lat' dir='ltr'><strong>manifeste</strong></span> <span class='ocrx_word' id='word_1_211' title='bbox 1543 2286 1794 2342; x_wconf 86' lang='lat' dir='ltr'><strong>indicant</strong></span> 
     </span>
     <span class='ocr_line' id='line_1_30' title="bbox 180 2362 1794 2439; baseline -0.006 -18"><span class='ocrx_word' id='word_1_212' title='bbox 180 2376 431 2439; x_wconf 89' lang='lat' dir='ltr'><strong>tempora</strong></span> <span class='ocrx_word' id='word_1_213' title='bbox 446 2406 460 2430; x_wconf 93' lang='lat'>,</span> <span class='ocrx_word' id='word_1_214' title='bbox 543 2379 783 2435; x_wconf 92' lang='lat' dir='ltr'><strong>quorum</strong></span> <span class='ocrx_word' id='word_1_215' title='bbox 838 2378 1012 2417; x_wconf 90' lang='lat' dir='ltr'><strong>unum</strong></span> <span class='ocrx_word' id='word_1_216' title='bbox 1065 2380 1293 2419; x_wconf 87' lang='lat' dir='ltr'><strong>suavem</strong></span> <span class='ocrx_word' id='word_1_217' title='bbox 1341 2362 1794 2433; x_wconf 85' lang='lat' dir='ltr'><strong>temperationem</strong></span> 
     </span>
     <span class='ocr_line' id='line_1_31' title="bbox 179 2432 1794 2512; baseline -0.007 -16"><span class='ocrx_word' id='word_1_218' title='bbox 179 2448 425 2512; x_wconf 90' lang='lat' dir='ltr'><strong>praestat</strong></span> <span class='ocrx_word' id='word_1_219' title='bbox 439 2481 452 2505; x_wconf 86' lang='lat'>‚</span> <span class='ocrx_word' id='word_1_220' title='bbox 497 2438 735 2493; x_wconf 87' lang='lat' dir='ltr'><strong>alterum</strong></span> <span class='ocrx_word' id='word_1_221' title='bbox 761 2454 1017 2493; x_wconf 80' lang='lat' dir='ltr'><strong>severum</strong></span> <span class='ocrx_word' id='word_1_222' title='bbox 1049 2437 1504 2509; x_wconf 84' lang='lat' dir='ltr'><strong>intemperantiae</strong></span> <span class='ocrx_word' id='word_1_223' title='bbox 1539 2432 1794 2487; x_wconf 85' lang='lat' dir='ltr'><strong>morbum</strong></span> 
     </span>
    </p>
   </div>
   <div class='ocr_carea' id='block_1_3' title="bbox 186 2603 1797 2759">
    <p class='ocr_par' dir='ltr' id='par_1_3' title="bbox 186 2603 1797 2759">
     <span class='ocr_line' id='line_1_32' title="bbox 283 2603 1628 2659; baseline -0.01 -6"><span class='ocrx_word' id='word_1_224' title='bbox 283 2614 331 2659; x_wconf 69' lang='grc' dir='ltr'><strong>ι)</strong></span> <span class='ocrx_word' id='word_1_225' title='bbox 356 2622 397 2652; x_wconf 72' lang='grc' dir='ltr'><strong>ο.</strong></span> <span class='ocrx_word' id='word_1_226' title='bbox 424 2618 657 2659; x_wconf 64' lang='lat' dir='ltr'><strong>spat-oens,</strong></span> <span class='ocrx_word' id='word_1_227' title='bbox 684 2610 931 2658; x_wconf 67' lang='lat' dir='ltr'><strong>incorporeo</strong></span> <span class='ocrx_word' id='word_1_228' title='bbox 956 2612 996 2649; x_wconf 74' lang='lat' dir='ltr'><strong>ee</strong></span> <span class='ocrx_word' id='word_1_229' title='bbox 1020 2606 1314 2657; x_wconf 67' lang='lat' dir='ltr'><strong>supercoelesti</strong></span> <span class='ocrx_word' id='word_1_230' title='bbox 1337 2608 1412 2643; x_wconf 69' lang='lat' dir='ltr'><strong>ete.</strong></span> <span class='ocrx_word' id='word_1_231' title='bbox 1467 2603 1628 2641; x_wconf 77' lang='lat' dir='ltr'><strong>Auen.</strong></span> 
     </span>
     <span class='ocr_line' id='line_1_33' title="bbox 284 2653 1797 2709; baseline -0.01 -6"><span class='ocrx_word' id='word_1_232' title='bbox 284 2664 356 2709; x_wconf 50' lang='grc' dir='ltr'><strong>ἣ)</strong></span> <span class='ocrx_word' id='word_1_233' title='bbox 410 2673 449 2701; x_wconf 79' lang='lat' dir='ltr'><strong>s.</strong></span> <span class='ocrx_word' id='word_1_234' title='bbox 484 2662 631 2699; x_wconf 75' lang='lat' dir='ltr'><strong>videm</strong></span> <span class='ocrx_word' id='word_1_235' title='bbox 667 2664 728 2701; x_wconf 73' lang='lat' dir='ltr'><strong>est</strong></span> <span class='ocrx_word' id='word_1_236' title='bbox 759 2661 865 2701; x_wconf 73' lang='lat' dir='ltr'><strong>sicut</strong></span> <span class='ocrx_word' id='word_1_237' title='bbox 890 2660 1120 2707; x_wconf 73' lang='lat' dir='ltr'><strong>propheta,</strong></span> <span class='ocrx_word' id='word_1_238' title='bbox 1173 2660 1266 2695; x_wconf 78' lang='lat' dir='ltr'><strong>sive</strong></span> <span class='ocrx_word' id='word_1_239' title='bbox 1300 2657 1421 2693; x_wconf 81' lang='lat' dir='ltr'><strong>iuxta</strong></span> <span class='ocrx_word' id='word_1_240' title='bbox 1455 2653 1616 2692; x_wconf 79' lang='lat' dir='ltr'><strong>Gloss.:</strong></span> <span class='ocrx_word' id='word_1_241' title='bbox 1687 2661 1797 2689; x_wconf 78' lang='lat' dir='ltr'><strong>mem</strong></span> 
     </span>
     <span class='ocr_line' id='line_1_34' title="bbox 186 2700 1719 2759; baseline -0.01 -6"><span class='ocrx_word' id='word_1_242' title='bbox 186 2714 398 2759; x_wconf 61' lang='lat' dir='ltr'><strong>Abi-(mae.</strong></span> <span class='ocrx_word' id='word_1_243' title='bbox 453 2710 625 2751; x_wconf 75' lang='lat' dir='ltr'><strong>Auen.</strong></span> <span class='ocrx_word' id='word_1_244' title='bbox 731 2736 745 2745; x_wconf 63' lang='lat'><em>-</em></span> <span class='ocrx_word' id='word_1_245' title='bbox 860 2710 900 2758; x_wconf 80' lang='lat'><strong>†)</strong></span> <span class='ocrx_word' id='word_1_246' title='bbox 929 2720 968 2749; x_wconf 79' lang='lat' dir='ltr'><strong>s.</strong></span> <span class='ocrx_word' id='word_1_247' title='bbox 996 2710 1104 2747; x_wconf 77' lang='lat' dir='ltr'><strong>unde</strong></span> <span class='ocrx_word' id='word_1_248' title='bbox 1131 2710 1169 2745; x_wconf 81' lang='lat' dir='ltr'><strong>et</strong></span> <span class='ocrx_word' id='word_1_249' title='bbox 1194 2708 1296 2745; x_wconf 72' lang='lat' dir='ltr'><strong>vita.</strong></span> <span class='ocrx_word' id='word_1_250' title='bbox 1349 2704 1404 2743; x_wconf 81' lang='lat' dir='ltr'><strong>Ei</strong></span> <span class='ocrx_word' id='word_1_251' title='bbox 1431 2706 1505 2743; x_wconf 76' lang='lat' dir='ltr'><strong>etc.</strong></span> <span class='ocrx_word' id='word_1_252' title='bbox 1557 2700 1719 2739; x_wconf 72' lang='lat' dir='ltr'><strong>Auen.</strong></span> 
     </span>
    </p>
   </div>
  </div>
 </body>
</html>
