2125 3084
200 151 286 217 [lI‚
312 150 432 215 184]
564 155 647 201 IN
684 156 1037 201 GENESIN.
1079 158 1336 205 SERMO
1371 160 1457 206 111.
1758 159 1818 210 15

198 264 317 310 tute
356 254 675 326 praeditum
700 256 759 308 in
789 256 1023 311 consilio
1048 274 1178 320 suo,
1229 262 1422 330 nequit
1447 277 1669 317 servare
1699 262 1818 317 sru-

199 340 357 384 ctum
382 346 551 383 suum
579 330 648 383 ad
676 329 869 396 finem3
928 331 987 384 id
1008 333 1161 385 enim
1187 332 1345 387 decet
1367 336 1606 406 probum
1634 336 1816 391 homi-

196 422 331 459 nem
370 405 639 474 consequi
674 404 820 458 ultro
858 405 1148 469 meditata,
1205 408 1350 461 sicut
1379 410 1544 463 etiam
1571 411 1654 465 eis
1681 428 1815 467 oon-

198 496 407 551 gruum
432 479 741 549 sapientiae
768 478 1085 533 consilium.
1175 479 1446 546 Quoniam
1473 486 1620 539 sicut
1653 486 1814 541 arbo-

198 571 288 608 res
314 553 595 623 quaedam
622 553 726 607 etsi
754 552 961 607 feraces
982 556 1192 609 suntin
1213 558 1393 625 prima
1415 561 1813 628 germinatione

198 628 489 683 fructuum
504 668 516 691 ,
549 628 761 681 nutrire
779 636 963 683 tamen
982 645 1094 682 non
1121 630 1335 694 valent,
1369 632 1446 685 ita
1473 640 1534 686 ut
1553 632 1623 686 ob
1645 636 1813 687 mini-

198 720 323 757 mas
355 718 551 756 causas
587 709 733 756 totus
760 700 973 755 fructus
1010 711 1136 756 ante
1174 706 1594 761 maturationem
1625 705 1815 762 discu-

198 769 401 831 tiatur:
482 776 743 830 similiter
790 778 1225 831 inconstantium
1271 780 1486 835 animae
1525 782 1698 837 multa
1744 783 1812 837 ad

200 851 549 906 fertilitatem
572 851 825 905 iuvantia
850 852 1122 916 sentiunt,
1153 854 1366 926 integra
1387 862 1570 911 tamen
1589 874 1810 912 servare

198 944 265 981 ea
292 926 553 979 nesciunt
580 932 704 979 ante
731 924 1149 995 perfectionem,
1179 943 1322 998 quae
1349 930 1572 985 virtutis
1592 931 1810 987 studio-

198 1018 335 1055 sum
361 1000 543 1064 decet,
582 1008 644 1055 ut
669 1007 945 1071 tamquam
968 1003 1248 1073 propriam
1266 1006 1674 1075 possessionem
1693 1007 1810 1061 col-

200 1076 368 1147 ligat.

200 1271 279 1337 [⁸]
328 1268 463 1329 Quid
500 1281 570 1320 cst
603 1308 637 1334 ,‚
659 1270 733 1320 Tu
772 1281 928 1320 autem
966 1272 1058 1321 ibis
1095 1270 1166 1321 ad
1187 1282 1357 1336 patres
1393 1282 1498 1323 tuos
1531 1291 1634 1323 cum
1660 1292 1803 1339 pace,

440 1339 643 1388 nutv-itus
674 1340 725 1387 in
764 1347 956 1388 senecta
983 1339 1193 1403 pulchra
1209 1345 1276 1388 “5
1314 1346 1421 1404 (15,
1465 1343 1570 1405 15.)

316 1483 401 1534 Η.
443 1479 733 1536 Manifeste
762 1480 1341 1552 incorruptibilitatem
1367 1484 1582 1537 animae
1609 1482 1807 1538 subin-

194 1556 378 1619 dicat,
434 1554 817 1609 transferentis
853 1572 913 1609 se
948 1573 1018 1609 ex
1051 1556 1368 1611 habitaculo
1401 1558 1650 1612 mortalis
1685 1574 1808 1611 cor-

193 1631 353 1702 poris
379 1636 437 1684 et
460 1629 743 1685 redeuntis
768 1629 924 1685 velut
947 1631 1006 1685 in
1032 1630 1362 1701 metropolin
1390 1633 1626 1701 patriae,
1659 1632 1808 1685 unde

194 1706 449 1776 primum
475 1704 587 1759 huc
620 1703 973 1776 demigravit.
1050 1704 1512 1776 Quandoquidem
1547 1705 1808 1761 defuncto

195 1779 414 1834 dicere:
471 1781 580 1833 Ibis
606 1784 679 1834 ad
698 1788 881 1847 patrea
910 1788 1048 1843 tuos,
1092 1780 1231 1849 quid
1259 1787 1343 1833 est
1369 1779 1549 1842 aliud,
1588 1780 1700 1832 nisi
1728 1779 1810 1832 al-

192 1862 372 1909 teram
417 1854 593 1909 vitam
634 1870 939 1925 proponere
988 1853 1200 1923 absque
1229 1868 1454 1922 corpore
1469 1892 1482 1915 ,
1539 1859 1810 1921 quatenus

197 1930 419 1983 animae
438 1928 545 1982 soli
571 1928 841 2000 sapientis
866 1928 1126 1983 convenit
1151 1924 1379 1982 vivere?
1427 1927 1609 1980 Patres
1625 1934 1806 1981 autem

195 2002 453 2057 Abrahae
468 2042 481 2066 ,
521 2019 629 2057 non
656 2002 933 2073 genitores
958 2003 1082 2057 eius
1109 2018 1352 2073 avosque
1380 2009 1433 2057 et
1459 2001 1691 2056 maiores
1719 2003 1808 2056 in-

198 2078 411 2133 ducens
448 2078 552 2144 ait3
618 2093 732 2130 non
768 2078 917 2131 enim
944 2094 1135 2131 omnes
1171 2076 1334 2132 laude
1377 2076 1536 2150 digni
1578 2078 1808 2132 exstite-

196 2160 353 2216 runt,
392 2153 472 2205 ita
498 2159 561 2206 ut
586 2151 785 2206 honori
810 2160 1035 2221 possent
1059 2169 1181 2206 esse
1208 2152 1259 2206 ei
1285 2153 1383 2223 qui
1411 2160 1696 2207 assecutus
1722 2160 1807 2206 est

198 2226 613 2281 successionem
640 2224 896 2279 eiusdem
914 2226 1155 2281 ordinis:
1205 2227 1304 2281 sed
1323 2228 1510 2283 visum
1529 2234 1613 2281 est
1628 2236 1808 2295 patres

198 2302 511 2373 assignare,
535 2309 599 2355 ut
624 2300 927 2359 multorum
953 2310 1035 2356 est
1060 2303 1356 2364 sententia,
1388 2302 1658 2357 elementa
1677 2300 1808 2353 uni-

196 2392 385 2439 versa,
434 2376 495 2429 in
530 2390 679 2445 quae
709 2372 969 2429 resolutio
1002 2375 1062 2430 fit
1093 2376 1371 2430 dissoluti.
1451 2374 1590 2430 Mihi
1625 2381 1807 2426 tamen

196 2449 420 2504 videtur
446 2449 751 2521 designare
775 2448 1120 2521 incorporeas
1155 2449 1493 2504 substantias
1529 2454 1693 2515 atque
1721 2444 1810 2497 di-

196 2524 319 2579 vini
344 2524 546 2578 mundi
565 2523 906 2578 habitatores
920 2564 933 2587 ,
962 2540 1103 2595 quos
1125 2523 1261 2577 alibi
1285 2520 1510 2591 angelos
1533 2517 1811 2589 appellare

196 2599 508 2654 consuevit.
604 2600 777 2654 Porro
811 2614 920 2653 non
956 2597 1158 2653 frustra
1203 2596 1341 2650 dicit
1384 2593 1670 2663 sequentia
1685 2632 1698 2655 ,
1752 2591 1813 2645 in

195 2690 332 2745 pace
370 2673 650 2730 nutritum
692 2689 825 2729 eum
868 2688 993 2727 esse
1032 2680 1089 2727 et
1129 2672 1190 2725 in
1233 2667 1466 2739 pulchra
1510 2672 1811 2720 senectute.
