<?xml version="1.0" encoding="UTF-8"?>
<!DOCTYPE html PUBLIC "-//W3C//DTD XHTML 1.0 Transitional//EN"
    "http://www.w3.org/TR/xhtml1/DTD/xhtml1-transitional.dtd">
<html xmlns="http://www.w3.org/1999/xhtml" xml:lang="en" lang="en">
 <head>
  <title>
</title>
<meta http-equiv="Content-Type" content="text/html;charset=utf-8" />
  <meta name='ocr-system' content='tesseract 3.04.00' />
  <meta name='ocr-capabilities' content='ocr_page ocr_carea ocr_par ocr_line ocrx_word'/>
</head>
<body>
  <div class='ocr_page' id='page_1' title='image "./philonisiudaeio00alejgoog_0416.png"; bbox 0 0 2125 3084; ppageno 0'>
   <div class='ocr_carea' id='block_1_1' title="bbox 168 180 1762 248">
    <p class='ocr_par' dir='ltr' id='par_1_1' title="bbox 168 180 1762 248">
     <span class='ocr_line' id='line_1_1' title="bbox 168 180 1762 248; baseline 0.001 -15"><span class='ocrx_word' id='word_1_1' title='bbox 168 183 257 248; x_wconf 85' lang='lat'>[11,</span> <span class='ocrx_word' id='word_1_2' title='bbox 286 180 404 246; x_wconf 59' lang='lat'><strong>552]</strong></span> <span class='ocrx_word' id='word_1_3' title='bbox 546 185 800 231; x_wconf 80' lang='lat' dir='ltr'>SERMO</span> <span class='ocrx_word' id='word_1_4' title='bbox 838 186 937 231; x_wconf 88' lang='lat' dir='ltr'><strong>DE</strong></span> <span class='ocrx_word' id='word_1_5' title='bbox 974 186 1391 233; x_wconf 58' lang='lat' dir='ltr'><strong>saurae-NE.</strong></span> <span class='ocrx_word' id='word_1_6' title='bbox 1490 219 1494 224; x_wconf 56' lang='lat'>&gt;</span> <span class='ocrx_word' id='word_1_7' title='bbox 1669 182 1762 235; x_wconf 68' lang='lat'><strong>40¹</strong></span> 
     </span>
    </p>
   </div>
   <div class='ocr_carea' id='block_1_2' title="bbox 159 284 1848 1408">
    <p class='ocr_par' dir='ltr' id='par_1_2' title="bbox 159 284 1848 1408">
     <span class='ocr_line' id='line_1_2' title="bbox 170 284 1768 355; baseline 0.001 -12"><span class='ocrx_word' id='word_1_8' title='bbox 170 288 407 344; x_wconf 84' lang='lat' dir='ltr'><strong>alterum</strong></span> <span class='ocrx_word' id='word_1_9' title='bbox 436 284 691 354; x_wconf 81' lang='lat' dir='ltr'><strong>Gabrie13</strong></span> <span class='ocrx_word' id='word_1_10' title='bbox 742 301 923 355; x_wconf 87' lang='lat' dir='ltr'><strong>neque</strong></span> <span class='ocrx_word' id='word_1_11' title='bbox 952 286 1178 340; x_wconf 89' lang='lat' dir='ltr'><strong>iterum:</strong></span> <span class='ocrx_word' id='word_1_12' title='bbox 1230 286 1408 341; x_wconf 85' lang='lat' dir='ltr'><strong>Fortis</strong></span> <span class='ocrx_word' id='word_1_13' title='bbox 1435 287 1532 343; x_wconf 92' lang='lat' dir='ltr'><strong>ille</strong></span> <span class='ocrx_word' id='word_1_14' title='bbox 1554 288 1768 344; x_wconf 85' lang='lat' dir='ltr'><strong>locutus</strong></span> 
     </span>
     <span class='ocr_line' id='line_1_3' title="bbox 168 359 1770 435; baseline 0.001 -17"><span class='ocrx_word' id='word_1_15' title='bbox 168 370 280 426; x_wconf 84' lang='lat' dir='ltr'><strong>est,</strong></span> <span class='ocrx_word' id='word_1_16' title='bbox 324 378 394 416; x_wconf 90' lang='lat' dir='ltr'><strong>ne</strong></span> <span class='ocrx_word' id='word_1_17' title='bbox 424 360 681 416; x_wconf 92' lang='lat' dir='ltr'><strong>divinum</strong></span> <span class='ocrx_word' id='word_1_18' title='bbox 714 377 914 415; x_wconf 89' lang='lat' dir='ltr'><strong>nomen</strong></span> <span class='ocrx_word' id='word_1_19' title='bbox 942 360 1054 414; x_wconf 87' lang='lat' dir='ltr'><strong>sibi</strong></span> <span class='ocrx_word' id='word_1_20' title='bbox 1081 359 1412 416; x_wconf 85' lang='lat' dir='ltr'><strong>vindicaret.</strong></span> <span class='ocrx_word' id='word_1_21' title='bbox 1491 361 1601 417; x_wconf 87' lang='lat' dir='ltr'><strong>Sed</strong></span> <span class='ocrx_word' id='word_1_22' title='bbox 1630 364 1770 435; x_wconf 91' lang='lat' dir='ltr'><strong>quid</strong></span> 
     </span>
     <span class='ocr_line' id='line_1_4' title="bbox 168 435 1769 507; baseline 0.001 -14"><span class='ocrx_word' id='word_1_23' title='bbox 168 436 283 493; x_wconf 76' lang='lat' dir='ltr'><strong>ait?</strong></span> <span class='ocrx_word' id='word_1_24' title='bbox 320 438 462 491; x_wconf 82' lang='lat' dir='ltr'><strong>Illud</strong></span> <span class='ocrx_word' id='word_1_25' title='bbox 480 445 653 490; x_wconf 81' lang='lat' dir='ltr'><strong>autem</strong></span> <span class='ocrx_word' id='word_1_26' title='bbox 681 445 755 491; x_wconf 79' lang='lat' dir='ltr'><strong>est</strong></span> <span class='ocrx_word' id='word_1_27' title='bbox 782 438 1045 496; x_wconf 80' lang='lat' dir='ltr'><strong>mirabile,</strong></span> <span class='ocrx_word' id='word_1_28' title='bbox 1086 442 1217 505; x_wconf 88' lang='lat' dir='ltr'><strong>puta</strong></span> <span class='ocrx_word' id='word_1_29' title='bbox 1247 435 1419 500; x_wconf 86' lang='lat' dir='ltr'><strong>illud,</strong></span> <span class='ocrx_word' id='word_1_30' title='bbox 1462 437 1612 507; x_wconf 90' lang='lat' dir='ltr'><strong>quod</strong></span> <span class='ocrx_word' id='word_1_31' title='bbox 1633 439 1769 493; x_wconf 88' lang='lat' dir='ltr'><strong>alias</strong></span> 
     </span>
     <span class='ocr_line' id='line_1_5' title="bbox 167 508 1771 582; baseline 0 -15"><span class='ocrx_word' id='word_1_32' title='bbox 167 512 330 567; x_wconf 84' lang='lat' dir='ltr'><strong>aliter</strong></span> <span class='ocrx_word' id='word_1_33' title='bbox 360 510 431 566; x_wconf 95' lang='lat' dir='ltr'><strong>ad</strong></span> <span class='ocrx_word' id='word_1_34' title='bbox 457 510 783 565; x_wconf 87' lang='lat' dir='ltr'><strong>inferiorum</strong></span> <span class='ocrx_word' id='word_1_35' title='bbox 810 508 1160 564; x_wconf 88' lang='lat' dir='ltr'><strong>commodum</strong></span> <span class='ocrx_word' id='word_1_36' title='bbox 1184 510 1414 582; x_wconf 80' lang='lat' dir='ltr'><strong>angelus</strong></span> <span class='ocrx_word' id='word_1_37' title='bbox 1433 511 1554 582; x_wconf 84' lang='lat' dir='ltr'><strong>i‘pse</strong></span> <span class='ocrx_word' id='word_1_38' title='bbox 1575 512 1771 567; x_wconf 84' lang='lat' dir='ltr'><strong>demu-</strong></span> 
     </span>
     <span class='ocr_line' id='line_1_6' title="bbox 164 583 1772 659; baseline 0 -17"><span class='ocrx_word' id='word_1_39' title='bbox 164 598 293 643; x_wconf 83' lang='lat' dir='ltr'><strong>tans</strong></span> <span class='ocrx_word' id='word_1_40' title='bbox 312 600 511 640; x_wconf 89' lang='lat' dir='ltr'><strong>nomen</strong></span> <span class='ocrx_word' id='word_1_41' title='bbox 533 584 643 657; x_wconf 89' lang='lat' dir='ltr'><strong>(vel</strong></span> <span class='ocrx_word' id='word_1_42' title='bbox 664 583 802 639; x_wconf 88' lang='lat' dir='ltr'><strong>deus</strong></span> <span class='ocrx_word' id='word_1_43' title='bbox 822 592 1041 639; x_wconf 84' lang='lat' dir='ltr'><strong>mutans</strong></span> <span class='ocrx_word' id='word_1_44' title='bbox 1063 584 1287 657; x_wconf 80' lang='lat' dir='ltr'>angelos</span> <span class='ocrx_word' id='word_1_45' title='bbox 1309 585 1537 659; x_wconf 87' lang='lat' dir='ltr'><strong>varios),</strong></span> <span class='ocrx_word' id='word_1_46' title='bbox 1567 586 1772 659; x_wconf 83' lang='lat' dir='ltr'><strong>glorio-</strong></span> 
     </span>
     <span class='ocr_line' id='line_1_7' title="bbox 164 660 1770 734; baseline 0 -18"><span class='ocrx_word' id='word_1_47' title='bbox 164 679 296 717; x_wconf 87' lang='lat' dir='ltr'><strong>sum</strong></span> <span class='ocrx_word' id='word_1_48' title='bbox 315 660 504 726; x_wconf 84' lang='lat' dir='ltr'><strong>efficit.</strong></span> <span class='ocrx_word' id='word_1_49' title='bbox 584 661 863 714; x_wconf 88' lang='lat' dir='ltr'><strong>Praeterea</strong></span> <span class='ocrx_word' id='word_1_50' title='bbox 880 700 893 723; x_wconf 94' lang='lat'>‚</span> <span class='ocrx_word' id='word_1_51' title='bbox 917 666 979 713; x_wconf 91' lang='lat' dir='ltr'><strong>ut</strong></span> <span class='ocrx_word' id='word_1_52' title='bbox 1000 668 1252 717; x_wconf 85' lang='lat' dir='ltr'><strong>accurate</strong></span> <span class='ocrx_word' id='word_1_53' title='bbox 1270 660 1520 715; x_wconf 85' lang='lat' dir='ltr'><strong>ostendat</strong></span> <span class='ocrx_word' id='word_1_54' title='bbox 1541 662 1770 734; x_wconf 83' lang='lat' dir='ltr'><strong>angelus</strong></span> 
     </span>
     <span class='ocr_line' id='line_1_8' title="bbox 164 733 1772 805; baseline 0 -14"><span class='ocrx_word' id='word_1_55' title='bbox 164 735 519 800; x_wconf 85' lang='lat' dir='ltr'><strong>fidelitatem,</strong></span> <span class='ocrx_word' id='word_1_56' title='bbox 562 751 761 789; x_wconf 89' lang='lat' dir='ltr'><strong>nomen</strong></span> <span class='ocrx_word' id='word_1_57' title='bbox 790 734 986 805; x_wconf 89' lang='lat' dir='ltr'><strong>optimi</strong></span> <span class='ocrx_word' id='word_1_58' title='bbox 1016 734 1128 788; x_wconf 90' lang='lat' dir='ltr'><strong>sibi</strong></span> <span class='ocrx_word' id='word_1_59' title='bbox 1158 733 1278 788; x_wconf 87' lang='lat' dir='ltr'><strong>dari</strong></span> <span class='ocrx_word' id='word_1_60' title='bbox 1309 734 1612 790; x_wconf 86' lang='lat' dir='ltr'><strong>absurdum</strong></span> <span class='ocrx_word' id='word_1_61' title='bbox 1651 753 1772 791; x_wconf 89' lang='lat' dir='ltr'><strong>esse</strong></span> 
     </span>
     <span class='ocr_line' id='line_1_9' title="bbox 163 810 1771 881; baseline -0.001 -14"><span class='ocrx_word' id='word_1_62' title='bbox 163 812 393 879; x_wconf 87' lang='lat' dir='ltr'><strong>asserit;</strong></span> <span class='ocrx_word' id='word_1_63' title='bbox 446 820 500 865; x_wconf 90' lang='lat' dir='ltr'><strong>et</strong></span> <span class='ocrx_word' id='word_1_64' title='bbox 525 810 575 869; x_wconf 86' lang='lat' dir='ltr'><strong>si</strong></span> <span class='ocrx_word' id='word_1_65' title='bbox 604 827 771 864; x_wconf 90' lang='lat' dir='ltr'><strong>suum</strong></span> <span class='ocrx_word' id='word_1_66' title='bbox 794 817 1098 864; x_wconf 80' lang='lat' dir='ltr'><strong>mutaretur</strong></span> <span class='ocrx_word' id='word_1_67' title='bbox 1115 850 1128 873; x_wconf 88' lang='lat'><strong>,</strong></span> <span class='ocrx_word' id='word_1_68' title='bbox 1170 826 1332 881; x_wconf 88' lang='lat' dir='ltr'><strong>posse</strong></span> <span class='ocrx_word' id='word_1_69' title='bbox 1362 819 1599 866; x_wconf 89' lang='lat' dir='ltr'><strong>erratum</strong></span> <span class='ocrx_word' id='word_1_70' title='bbox 1619 828 1771 871; x_wconf 77' lang='lat' dir='ltr'><strong>,com—</strong></span> 
     </span>
     <span class='ocr_line' id='line_1_10' title="bbox 162 882 1826 952; baseline -0.001 -11"><span class='ocrx_word' id='word_1_71' title='bbox 162 886 316 941; x_wconf 88' lang='lat' dir='ltr'><strong>mitti</strong></span> <span class='ocrx_word' id='word_1_72' title='bbox 345 886 403 940; x_wconf 93' lang='lat' dir='ltr'><strong>in</strong></span> <span class='ocrx_word' id='word_1_73' title='bbox 432 902 598 941; x_wconf 86' lang='lat' dir='ltr'><strong>suum</strong></span> <span class='ocrx_word' id='word_1_74' title='bbox 624 884 891 940; x_wconf 89' lang='lat' dir='ltr'><strong>honorem</strong></span> <span class='ocrx_word' id='word_1_75' title='bbox 918 882 1182 952; x_wconf 84' lang='lat' dir='ltr'><strong>declarat3</strong></span> <span class='ocrx_word' id='word_1_76' title='bbox 1229 883 1354 939; x_wconf 90' lang='lat' dir='ltr'><strong>ideo</strong></span> <span class='ocrx_word' id='word_1_77' title='bbox 1386 884 1618 940; x_wconf 79' lang='lat' dir='ltr'><strong>liberam</strong></span> <span class='ocrx_word' id='word_1_78' title='bbox 1637 885 1772 941; x_wconf 89' lang='lat' dir='ltr'><strong>reli-</strong></span> <span class='ocrx_word' id='word_1_79' title='bbox 1819 900 1826 907; x_wconf 85' lang='lat'><strong>·</strong></span> 
     </span>
     <span class='ocr_line' id='line_1_11' title="bbox 160 958 1769 1034; baseline -0.001 -17"><span class='ocrx_word' id='word_1_80' title='bbox 160 962 293 1033; x_wconf 88' lang='lat' dir='ltr'><strong>quit</strong></span> <span class='ocrx_word' id='word_1_81' title='bbox 312 961 618 1016; x_wconf 89' lang='lat' dir='ltr'><strong>scientiam.</strong></span> <span class='ocrx_word' id='word_1_82' title='bbox 684 958 845 1014; x_wconf 88' lang='lat' dir='ltr'><strong>Illius</strong></span> <span class='ocrx_word' id='word_1_83' title='bbox 867 964 1050 1014; x_wconf 85' lang='lat' dir='ltr'><strong>autem</strong></span> <span class='ocrx_word' id='word_1_84' title='bbox 1069 960 1265 1015; x_wconf 88' lang='lat' dir='ltr'><strong>mutati</strong></span> <span class='ocrx_word' id='word_1_85' title='bbox 1283 958 1566 1034; x_wconf 86' lang='lat' dir='ltr'><strong>(nominis)</strong></span> <span class='ocrx_word' id='word_1_86' title='bbox 1585 962 1769 1033; x_wconf 69' lang='lat' dir='ltr'><strong>scien·</strong></span> 
     </span>
     <span class='ocr_line' id='line_1_12' title="bbox 159 1033 1768 1107; baseline -0.001 -15"><span class='ocrx_word' id='word_1_87' title='bbox 159 1038 307 1093; x_wconf 86' lang='lat' dir='ltr'><strong>tiam</strong></span> <span class='ocrx_word' id='word_1_88' title='bbox 358 1044 656 1107; x_wconf 88' lang='lat' dir='ltr'><strong>utcumque</strong></span> <span class='ocrx_word' id='word_1_89' title='bbox 710 1034 915 1106; x_wconf 88' lang='lat' dir='ltr'><strong>aliquis</strong></span> <span class='ocrx_word' id='word_1_90' title='bbox 968 1033 1347 1106; x_wconf 80' lang='lat' dir='ltr'>aggrediatur,</span> <span class='ocrx_word' id='word_1_91' title='bbox 1409 1044 1593 1090; x_wconf 88' lang='lat' dir='ltr'><strong>tamen</strong></span> <span class='ocrx_word' id='word_1_92' title='bbox 1641 1035 1768 1091; x_wconf 90' lang='lat' dir='ltr'><strong>talis</strong></span> 
     </span>
     <span class='ocr_line' id='line_1_13' title="bbox 160 1108 1769 1182; baseline 0 -16"><span class='ocrx_word' id='word_1_93' title='bbox 160 1110 405 1167; x_wconf 88' lang='lat' dir='ltr'><strong>scientia</strong></span> <span class='ocrx_word' id='word_1_94' title='bbox 432 1127 463 1164; x_wconf 91' lang='lat' dir='ltr'><strong>a</strong></span> <span class='ocrx_word' id='word_1_95' title='bbox 491 1110 887 1182; x_wconf 81' lang='lat' dir='ltr'><strong>glorificatione</strong></span> <span class='ocrx_word' id='word_1_96' title='bbox 915 1108 1006 1166; x_wconf 90' lang='lat' dir='ltr'><strong>dei</strong></span> <span class='ocrx_word' id='word_1_97' title='bbox 1028 1126 1135 1163; x_wconf 90' lang='lat' dir='ltr'><strong>non</strong></span> <span class='ocrx_word' id='word_1_98' title='bbox 1159 1109 1501 1166; x_wconf 85' lang='lat' dir='ltr'><strong>aberrantem</strong></span> <span class='ocrx_word' id='word_1_99' title='bbox 1521 1112 1769 1166; x_wconf 87' lang='lat' dir='ltr'><strong>animum</strong></span> 
     </span>
     <span class='ocr_line' id='line_1_14' title="bbox 161 1184 1848 1257; baseline 0.001 -17"><span class='ocrx_word' id='word_1_100' title='bbox 161 1192 379 1241; x_wconf 86' lang='lat' dir='ltr'><strong>servat:</strong></span> <span class='ocrx_word' id='word_1_101' title='bbox 423 1185 623 1239; x_wconf 82' lang='lat' dir='ltr'><strong>etenim</strong></span> <span class='ocrx_word' id='word_1_102' title='bbox 643 1186 744 1255; x_wconf 91' lang='lat' dir='ltr'><strong>qui</strong></span> <span class='ocrx_word' id='word_1_103' title='bbox 760 1185 820 1238; x_wconf 91' lang='lat' dir='ltr'><strong>in</strong></span> <span class='ocrx_word' id='word_1_104' title='bbox 838 1186 1061 1256; x_wconf 86' lang='lat' dir='ltr'><strong>propria</strong></span> <span class='ocrx_word' id='word_1_105' title='bbox 1080 1184 1255 1256; x_wconf 81' lang='lat' dir='ltr'><strong>gloria</strong></span> <span class='ocrx_word' id='word_1_106' title='bbox 1270 1193 1537 1257; x_wconf 88' lang='lat' dir='ltr'><strong>perpetuo</strong></span> <span class='ocrx_word' id='word_1_107' title='bbox 1562 1195 1764 1249; x_wconf 87' lang='lat' dir='ltr'><strong>manet,</strong></span> <span class='ocrx_word' id='word_1_108' title='bbox 1841 1206 1848 1213; x_wconf 88' lang='lat'><em>·</em></span> 
     </span>
     <span class='ocr_line' id='line_1_15' title="bbox 161 1258 1768 1333; baseline 0.001 -17"><span class='ocrx_word' id='word_1_109' title='bbox 161 1263 219 1316; x_wconf 87' lang='lat' dir='ltr'><strong>is</strong></span> <span class='ocrx_word' id='word_1_110' title='bbox 250 1276 469 1329; x_wconf 83' lang='lat' dir='ltr'><strong>semper</strong></span> <span class='ocrx_word' id='word_1_111' title='bbox 494 1260 553 1313; x_wconf 84' lang='lat' dir='ltr'><strong>in</strong></span> <span class='ocrx_word' id='word_1_112' title='bbox 588 1276 689 1315; x_wconf 88' lang='lat' dir='ltr'><strong>suo</strong></span> <span class='ocrx_word' id='word_1_113' title='bbox 714 1276 885 1333; x_wconf 82' lang='lat' dir='ltr'><strong>regno</strong></span> <span class='ocrx_word' id='word_1_114' title='bbox 923 1260 1045 1313; x_wconf 89' lang='lat' dir='ltr'><strong>sine</strong></span> <span class='ocrx_word' id='word_1_115' title='bbox 1084 1258 1384 1315; x_wconf 81' lang='lat' dir='ltr'><strong>mutatione</strong></span> <span class='ocrx_word' id='word_1_116' title='bbox 1423 1259 1768 1317; x_wconf 86' lang='lat' dir='ltr'><strong>adorantium</strong></span> 
     </span>
     <span class='ocr_line' id='line_1_16' title="bbox 160 1333 1698 1408; baseline -0.003 -17"><span class='ocrx_word' id='word_1_117' title='bbox 160 1333 537 1408; x_wconf 82' lang='lat' dir='ltr'><strong>invenitur*).</strong></span> <span class='ocrx_word' id='word_1_118' title='bbox 1683 1358 1698 1372; x_wconf 93' lang='lat'><strong>·</strong></span> 
     </span>
    </p>
   </div>
   <div class='ocr_carea' id='block_1_3' title="bbox 160 1443 1792 2493">
    <p class='ocr_par' dir='ltr' id='par_1_3' title="bbox 160 1443 1792 2493">
     <span class='ocr_line' id='line_1_17' title="bbox 288 1443 1770 1516; baseline 0.002 -18"><span class='ocrx_word' id='word_1_119' title='bbox 288 1444 368 1498; x_wconf 75' lang='lat'><strong>⁴7.</strong></span> <span class='ocrx_word' id='word_1_120' title='bbox 426 1444 658 1499; x_wconf 85' lang='lat' dir='ltr'><strong>Posthac</strong></span> <span class='ocrx_word' id='word_1_121' title='bbox 684 1444 873 1515; x_wconf 88' lang='lat' dir='ltr'><strong>itaque</strong></span> <span class='ocrx_word' id='word_1_122' title='bbox 901 1443 999 1500; x_wconf 91' lang='lat' dir='ltr'><strong>ille</strong></span> <span class='ocrx_word' id='word_1_123' title='bbox 1033 1444 1262 1516; x_wconf 87' lang='lat' dir='ltr'><strong>parabat</strong></span> <span class='ocrx_word' id='word_1_124' title='bbox 1299 1444 1660 1515; x_wconf 84' lang='lat' dir='ltr'><strong>sacrificium;</strong></span> <span class='ocrx_word' id='word_1_125' title='bbox 1715 1455 1770 1501; x_wconf 84' lang='lat' dir='ltr'><strong>et</strong></span> 
     </span>
     <span class='ocr_line' id='line_1_18' title="bbox 163 1519 1792 1595; baseline 0.001 -20"><span class='ocrx_word' id='word_1_126' title='bbox 163 1523 274 1576; x_wconf 89' lang='lat' dir='ltr'><strong>iste</strong></span> <span class='ocrx_word' id='word_1_127' title='bbox 294 1519 675 1595; x_wconf 81' lang='lat' dir='ltr'><strong>exspectabat,</strong></span> <span class='ocrx_word' id='word_1_128' title='bbox 704 1536 884 1591; x_wconf 86' lang='lat' dir='ltr'><strong>usque</strong></span> <span class='ocrx_word' id='word_1_129' title='bbox 913 1519 1047 1573; x_wconf 91' lang='lat' dir='ltr'><strong>dum</strong></span> <span class='ocrx_word' id='word_1_130' title='bbox 1071 1520 1172 1575; x_wconf 91' lang='lat' dir='ltr'><strong>deo</strong></span> <span class='ocrx_word' id='word_1_131' title='bbox 1194 1522 1528 1576; x_wconf 79' lang='lat' dir='ltr'><strong>sacrificium</strong></span> <span class='ocrx_word' id='word_1_132' title='bbox 1545 1520 1792 1577; x_wconf 85' lang='lat' dir='ltr'><strong>offerre—-</strong></span> 
     </span>
     <span class='ocr_line' id='line_1_19' title="bbox 162 1594 1770 1667; baseline 0 -15"><span class='ocrx_word' id='word_1_133' title='bbox 162 1606 283 1661; x_wconf 85' lang='lat' dir='ltr'><strong>tur,</strong></span> <span class='ocrx_word' id='word_1_134' title='bbox 326 1603 381 1650; x_wconf 90' lang='lat' dir='ltr'><strong>et</strong></span> <span class='ocrx_word' id='word_1_135' title='bbox 404 1596 527 1667; x_wconf 85' lang='lat' dir='ltr'><strong>ipse</strong></span> <span class='ocrx_word' id='word_1_136' title='bbox 556 1612 667 1650; x_wconf 91' lang='lat' dir='ltr'><strong>una</strong></span> <span class='ocrx_word' id='word_1_137' title='bbox 695 1610 825 1649; x_wconf 90' lang='lat' dir='ltr'><strong>cum</strong></span> <span class='ocrx_word' id='word_1_138' title='bbox 844 1594 1119 1651; x_wconf 84' lang='lat' dir='ltr'><strong>oblatione</strong></span> <span class='ocrx_word' id='word_1_139' title='bbox 1141 1596 1202 1649; x_wconf 89' lang='lat' dir='ltr'><strong>in</strong></span> <span class='ocrx_word' id='word_1_140' title='bbox 1222 1596 1577 1652; x_wconf 87' lang='lat' dir='ltr'><strong>honorificato</strong></span> <span class='ocrx_word' id='word_1_141' title='bbox 1597 1596 1770 1653; x_wconf 85' lang='lat' dir='ltr'><strong>vehe-</strong></span> 
     </span>
     <span class='ocr_line' id='line_1_20' title="bbox 162 1669 1768 1745; baseline -0.001 -19"><span class='ocrx_word' id='word_1_142' title='bbox 162 1679 317 1727; x_wconf 88' lang='lat' dir='ltr'><strong>retur</strong></span> <span class='ocrx_word' id='word_1_143' title='bbox 346 1688 513 1731; x_wconf 78' lang='lat' dir='ltr'><strong>curru</strong></span> <span class='ocrx_word' id='word_1_144' title='bbox 528 1711 541 1734; x_wconf 90' lang='lat'>‚</span> <span class='ocrx_word' id='word_1_145' title='bbox 583 1669 654 1739; x_wconf 81' lang='lat' dir='ltr'><strong>ad</strong></span> <span class='ocrx_word' id='word_1_146' title='bbox 682 1669 897 1724; x_wconf 87' lang='lat' dir='ltr'><strong>caelum</strong></span> <span class='ocrx_word' id='word_1_147' title='bbox 918 1687 1205 1725; x_wconf 85' lang='lat' dir='ltr'><strong>ascensum</strong></span> <span class='ocrx_word' id='word_1_148' title='bbox 1227 1670 1474 1745; x_wconf 82' lang='lat' dir='ltr'><strong>dirigens</strong></span> <span class='ocrx_word' id='word_1_149' title='bbox 1495 1689 1594 1743; x_wconf 91' lang='lat' dir='ltr'><strong>per</strong></span> <span class='ocrx_word' id='word_1_150' title='bbox 1612 1670 1768 1743; x_wconf 85' lang='lat' dir='ltr'><strong>flam-</strong></span> 
     </span>
     <span class='ocr_line' id='line_1_21' title="bbox 163 1743 1768 1822; baseline -0.001 -20"><span class='ocrx_word' id='word_1_151' title='bbox 163 1762 317 1802; x_wconf 87' lang='lat' dir='ltr'><strong>mam</strong></span> <span class='ocrx_word' id='word_1_152' title='bbox 345 1744 627 1800; x_wconf 85' lang='lat' dir='ltr'><strong>sacrificii.</strong></span> <span class='ocrx_word' id='word_1_153' title='bbox 703 1743 973 1811; x_wconf 88' lang='lat' dir='ltr'><strong>Quoniam</strong></span> <span class='ocrx_word' id='word_1_154' title='bbox 1010 1746 1296 1822; x_wconf 86' lang='lat' dir='ltr'><strong>oportebat</strong></span> <span class='ocrx_word' id='word_1_155' title='bbox 1323 1746 1612 1817; x_wconf 80' lang='lat' dir='ltr'><strong>angelum,</strong></span> <span class='ocrx_word' id='word_1_156' title='bbox 1657 1754 1768 1800; x_wconf 89' lang='lat' dir='ltr'><strong>tam</strong></span> 
     </span>
     <span class='ocr_line' id='line_1_22' title="bbox 160 1818 1762 1892; baseline -0.004 -14"><span class='ocrx_word' id='word_1_157' title='bbox 160 1822 367 1878; x_wconf 80' lang='lat' dir='ltr'><strong>Manue</strong></span> <span class='ocrx_word' id='word_1_158' title='bbox 413 1835 635 1891; x_wconf 81' lang='lat' dir='ltr'><strong>quoque</strong></span> <span class='ocrx_word' id='word_1_159' title='bbox 687 1819 1037 1875; x_wconf 86' lang='lat' dir='ltr'><strong>manifestare</strong></span> <span class='ocrx_word' id='word_1_160' title='bbox 1089 1821 1367 1892; x_wconf 87' lang='lat' dir='ltr'><strong>propriam</strong></span> <span class='ocrx_word' id='word_1_161' title='bbox 1419 1818 1762 1891; x_wconf 80' lang='lat' dir='ltr'><strong>dignitatem,</strong></span> 
     </span>
     <span class='ocr_line' id='line_1_23' title="bbox 163 1893 1768 1967; baseline -0.001 -17"><span class='ocrx_word' id='word_1_162' title='bbox 163 1913 340 1967; x_wconf 91' lang='lat' dir='ltr'><strong>quam</strong></span> <span class='ocrx_word' id='word_1_163' title='bbox 370 1893 621 1950; x_wconf 87' lang='lat' dir='ltr'><strong>dividere</strong></span> <span class='ocrx_word' id='word_1_164' title='bbox 649 1894 979 1952; x_wconf 80' lang='lat' dir='ltr'><strong>miraculum</strong></span> <span class='ocrx_word' id='word_1_165' title='bbox 1008 1896 1068 1951; x_wconf 91' lang='lat' dir='ltr'><strong>in</strong></span> <span class='ocrx_word' id='word_1_166' title='bbox 1101 1895 1442 1966; x_wconf 89' lang='lat' dir='ltr'><strong>principium</strong></span> <span class='ocrx_word' id='word_1_167' title='bbox 1481 1908 1667 1949; x_wconf 86' lang='lat' dir='ltr'><strong>rerum</strong></span> <span class='ocrx_word' id='word_1_168' title='bbox 1705 1910 1768 1948; x_wconf 89' lang='lat' dir='ltr'><strong>ac</strong></span> 
     </span>
     <span class='ocr_line' id='line_1_24' title="bbox 165 1968 1769 2047; baseline 0 -24"><span class='ocrx_word' id='word_1_169' title='bbox 165 1968 245 2047; x_wconf 78' lang='lat'><strong>[*]</strong></span> <span class='ocrx_word' id='word_1_170' title='bbox 264 1968 451 2024; x_wconf 84' lang='lat' dir='ltr'><strong>finem.</strong></span> <span class='ocrx_word' id='word_1_171' title='bbox 524 1970 594 2025; x_wconf 87' lang='lat' dir='ltr'><strong>Et</strong></span> <span class='ocrx_word' id='word_1_172' title='bbox 618 1985 808 2047; x_wconf 82' lang='lat' dir='ltr'><strong>reapse</strong></span> <span class='ocrx_word' id='word_1_173' title='bbox 828 1970 898 2025; x_wconf 87' lang='lat' dir='ltr'><strong>ad</strong></span> <span class='ocrx_word' id='word_1_174' title='bbox 916 1970 1209 2040; x_wconf 86' lang='lat' dir='ltr'><strong>utriusque</strong></span> <span class='ocrx_word' id='word_1_175' title='bbox 1228 1977 1478 2023; x_wconf 89' lang='lat' dir='ltr'><strong>naturam</strong></span> <span class='ocrx_word' id='word_1_176' title='bbox 1499 1984 1560 2022; x_wconf 88' lang='lat' dir='ltr'><strong>se</strong></span> <span class='ocrx_word' id='word_1_177' title='bbox 1577 1968 1769 2043; x_wconf 90' lang='lat' dir='ltr'><strong>dispo-</strong></span> 
     </span>
     <span class='ocr_line' id='line_1_25' title="bbox 160 2042 1767 2129; baseline -0.001 -29"><span class='ocrx_word' id='word_1_178' title='bbox 160 2062 307 2100; x_wconf 89' lang='lat' dir='ltr'><strong>nens</strong></span> <span class='ocrx_word' id='word_1_179' title='bbox 321 2085 343 2117; x_wconf 35' lang='lat'><strong>,·</strong></span> <span class='ocrx_word' id='word_1_180' title='bbox 370 2043 591 2099; x_wconf 87' lang='lat' dir='ltr'><strong>mulieri</strong></span> <span class='ocrx_word' id='word_1_181' title='bbox 610 2043 716 2129; x_wconf 67' lang='lat' dir='ltr'><strong>sub</strong></span> <span class='ocrx_word' id='word_1_182' title='bbox 735 2046 1011 2121; x_wconf 89' lang='lat' dir='ltr'><strong>principio</strong></span> <span class='ocrx_word' id='word_1_183' title='bbox 1032 2053 1312 2117; x_wconf 90' lang='lat' dir='ltr'><strong>stuporem</strong></span> <span class='ocrx_word' id='word_1_184' title='bbox 1333 2042 1603 2097; x_wconf 86' lang='lat' dir='ltr'><strong>inducens</strong></span> <span class='ocrx_word' id='word_1_185' title='bbox 1617 2084 1630 2107; x_wconf 86' lang='lat'><strong>,</strong></span> <span class='ocrx_word' id='word_1_186' title='bbox 1661 2044 1767 2098; x_wconf 88' lang='lat' dir='ltr'><strong>sub</strong></span> 
     </span>
     <span class='ocr_line' id='line_1_26' title="bbox 162 2119 1768 2195; baseline -0.001 -20"><span class='ocrx_word' id='word_1_187' title='bbox 162 2121 277 2175; x_wconf 86' lang='lat' dir='ltr'><strong>fine</strong></span> <span class='ocrx_word' id='word_1_188' title='bbox 316 2127 497 2175; x_wconf 90' lang='lat' dir='ltr'><strong>autem</strong></span> <span class='ocrx_word' id='word_1_189' title='bbox 534 2120 655 2176; x_wconf 84' lang='lat' dir='ltr'><strong>viro</strong></span> <span class='ocrx_word' id='word_1_190' title='bbox 692 2120 958 2176; x_wconf 88' lang='lat' dir='ltr'><strong>terribilis</strong></span> <span class='ocrx_word' id='word_1_191' title='bbox 997 2119 1278 2195; x_wconf 86' lang='lat' dir='ltr'><strong>apparuit:</strong></span> <span class='ocrx_word' id='word_1_192' title='bbox 1349 2126 1536 2189; x_wconf 82' lang='lat' dir='ltr'><strong>utpote</strong></span> <span class='ocrx_word' id='word_1_193' title='bbox 1565 2119 1768 2173; x_wconf 90' lang='lat' dir='ltr'><strong>mulie-</strong></span> 
     </span>
     <span class='ocr_line' id='line_1_27' title="bbox 160 2192 1766 2268; baseline -0.002 -17"><span class='ocrx_word' id='word_1_194' title='bbox 160 2212 285 2251; x_wconf 91' lang='lat' dir='ltr'><strong>rem</strong></span> <span class='ocrx_word' id='word_1_195' title='bbox 326 2195 396 2250; x_wconf 89' lang='lat' dir='ltr'><strong>ad</strong></span> <span class='ocrx_word' id='word_1_196' title='bbox 432 2195 833 2251; x_wconf 88' lang='lat' dir='ltr'><strong>admittendum</strong></span> <span class='ocrx_word' id='word_1_197' title='bbox 866 2194 1210 2268; x_wconf 87' lang='lat' dir='ltr'><strong>principium</strong></span> <span class='ocrx_word' id='word_1_198' title='bbox 1249 2210 1431 2253; x_wconf 87' lang='lat' dir='ltr'><strong>rerum</strong></span> <span class='ocrx_word' id='word_1_199' title='bbox 1478 2210 1548 2247; x_wconf 86' lang='lat' dir='ltr'><strong>ex</strong></span> <span class='ocrx_word' id='word_1_200' title='bbox 1591 2192 1766 2265; x_wconf 82' lang='lat' dir='ltr'><strong>figura</strong></span> 
     </span>
     <span class='ocr_line' id='line_1_28' title="bbox 162 2267 1769 2343; baseline -0.002 -18"><span class='ocrx_word' id='word_1_201' title='bbox 162 2272 291 2343; x_wconf 87' lang='lat' dir='ltr'><strong>ipsa</strong></span> <span class='ocrx_word' id='word_1_202' title='bbox 308 2270 691 2342; x_wconf 86' lang='lat' dir='ltr'><strong>persuaderet,</strong></span> <span class='ocrx_word' id='word_1_203' title='bbox 715 2272 901 2325; x_wconf 89' lang='lat' dir='ltr'><strong>virum</strong></span> <span class='ocrx_word' id='word_1_204' title='bbox 922 2277 1106 2327; x_wconf 89' lang='lat' dir='ltr'><strong>autem</strong></span> <span class='ocrx_word' id='word_1_205' title='bbox 1125 2276 1334 2323; x_wconf 91' lang='lat' dir='ltr'><strong>certum</strong></span> <span class='ocrx_word' id='word_1_206' title='bbox 1357 2267 1483 2322; x_wconf 86' lang='lat' dir='ltr'><strong>finis</strong></span> <span class='ocrx_word' id='word_1_207' title='bbox 1504 2286 1574 2322; x_wconf 87' lang='lat' dir='ltr'><strong>ex</strong></span> <span class='ocrx_word' id='word_1_208' title='bbox 1593 2268 1769 2322; x_wconf 87' lang='lat' dir='ltr'><strong>sacri-</strong></span> 
     </span>
     <span class='ocr_line' id='line_1_29' title="bbox 162 2342 1765 2417; baseline -0.002 -17"><span class='ocrx_word' id='word_1_209' title='bbox 162 2346 295 2401; x_wconf 88' lang='lat' dir='ltr'><strong>ficio</strong></span> <span class='ocrx_word' id='word_1_210' title='bbox 322 2345 523 2401; x_wconf 85' lang='lat' dir='ltr'><strong>faceret</strong></span> <span class='ocrx_word' id='word_1_211' title='bbox 552 2355 716 2417; x_wconf 88' lang='lat' dir='ltr'><strong>atque</strong></span> <span class='ocrx_word' id='word_1_212' title='bbox 744 2345 899 2401; x_wconf 82' lang='lat' dir='ltr'><strong>velut</strong></span> <span class='ocrx_word' id='word_1_213' title='bbox 936 2344 1103 2399; x_wconf 84' lang='lat' dir='ltr'><strong>fldem</strong></span> <span class='ocrx_word' id='word_1_214' title='bbox 1133 2342 1348 2399; x_wconf 85' lang='lat' dir='ltr'><strong>futurae</strong></span> <span class='ocrx_word' id='word_1_215' title='bbox 1388 2342 1765 2398; x_wconf 84' lang='lat' dir='ltr'><strong>admirationis</strong></span> 
     </span>
     <span class='ocr_line' id='line_1_30' title="bbox 162 2421 696 2493; baseline 0 -18"><span class='ocrx_word' id='word_1_216' title='bbox 162 2429 466 2493; x_wconf 85' lang='lat' dir='ltr'><strong>praestaret</strong></span> <span class='ocrx_word' id='word_1_217' title='bbox 489 2421 696 2476; x_wconf 84' lang='lat' dir='ltr'><strong>visum.</strong></span> 
     </span>
    </p>
   </div>
   <div class='ocr_carea' id='block_1_4' title="bbox 284 2547 1799 2618">
    <p class='ocr_par' dir='ltr' id='par_1_4' title="bbox 284 2547 1799 2618">
     <span class='ocr_line' id='line_1_31' title="bbox 284 2547 1799 2618; baseline -0.001 -19"><span class='ocrx_word' id='word_1_218' title='bbox 284 2550 365 2600; x_wconf 76' lang='lat'><strong>⁴8.</strong></span> <span class='ocrx_word' id='word_1_219' title='bbox 396 2547 636 2601; x_wconf 87' lang='lat' dir='ltr'><strong>Ponente</strong></span> <span class='ocrx_word' id='word_1_220' title='bbox 664 2562 793 2618; x_wconf 82' lang='lat' dir='ltr'><strong>ergo</strong></span> <span class='ocrx_word' id='word_1_221' title='bbox 813 2547 1009 2601; x_wconf 88' lang='lat' dir='ltr'><strong>Manue</strong></span> <span class='ocrx_word' id='word_1_222' title='bbox 1028 2561 1196 2616; x_wconf 87' lang='lat' dir='ltr'><strong>super</strong></span> <span class='ocrx_word' id='word_1_223' title='bbox 1215 2553 1425 2616; x_wconf 83' lang='lat' dir='ltr'><strong>petram</strong></span> <span class='ocrx_word' id='word_1_224' title='bbox 1443 2552 1765 2615; x_wconf 87' lang='lat' dir='ltr'><strong>apparatum</strong></span> <span class='ocrx_word' id='word_1_225' title='bbox 1793 2562 1799 2570; x_wconf 90' lang='lat'><strong>·</strong></span> 
     </span>
    </p>
   </div>
   <div class='ocr_carea' id='block_1_5' title="bbox 166 2686 1764 2781">
    <p class='ocr_par' dir='ltr' id='par_1_5' title="bbox 166 2686 1764 2781">
     <span class='ocr_line' id='line_1_32' title="bbox 266 2686 1764 2735; baseline -0.001 -9"><span class='ocrx_word' id='word_1_226' title='bbox 266 2687 311 2735; x_wconf 68' lang='lat'><strong>¹⁵)</strong></span> <span class='ocrx_word' id='word_1_227' title='bbox 354 2686 681 2726; x_wconf 82' lang='lat' dir='ltr'><strong>Intrlcatissimo</strong></span> <span class='ocrx_word' id='word_1_228' title='bbox 708 2687 761 2727; x_wconf 77' lang='lat' dir='ltr'><strong>de</strong></span> <span class='ocrx_word' id='word_1_229' title='bbox 794 2686 889 2725; x_wconf 85' lang='lat' dir='ltr'><strong>loco</strong></span> <span class='ocrx_word' id='word_1_230' title='bbox 928 2688 1095 2733; x_wconf 78' lang='lat' dir='ltr'><strong>integro</strong></span> <span class='ocrx_word' id='word_1_231' title='bbox 1129 2686 1240 2725; x_wconf 82' lang='lat' dir='ltr'><strong>hanc</strong></span> <span class='ocrx_word' id='word_1_232' title='bbox 1272 2688 1440 2724; x_wconf 81' lang='lat' dir='ltr'><strong>tantum</strong></span> <span class='ocrx_word' id='word_1_233' title='bbox 1465 2687 1586 2733; x_wconf 81' lang='lat' dir='ltr'><strong>potui</strong></span> <span class='ocrx_word' id='word_1_234' title='bbox 1612 2686 1764 2726; x_wconf 84' lang='lat' dir='ltr'><strong>elicere</strong></span> 
     </span>
     <span class='ocr_line' id='line_1_33' title="bbox 166 2737 652 2781; baseline -0.008 0"><span class='ocrx_word' id='word_1_235' title='bbox 166 2739 437 2781; x_wconf 68' lang='lat' dir='ltr'><strong>sententiam.</strong></span> <span class='ocrx_word' id='word_1_236' title='bbox 488 2737 652 2777; x_wconf 71' lang='lat' dir='ltr'><strong>Auen.</strong></span> 
     </span>
    </p>
   </div>
   <div class='ocr_carea' id='block_1_6' title="bbox 234 2788 1354 2840">
    <p class='ocr_par' dir='ltr' id='par_1_6' title="bbox 234 2788 1354 2840">
     <span class='ocr_line' id='line_1_34' title="bbox 234 2788 1354 2840; baseline -0.003 0"><span class='ocrx_word' id='word_1_237' title='bbox 234 2789 463 2840; x_wconf 66' lang='lat' dir='ltr'><strong>Purno</strong></span> <span class='ocrx_word' id='word_1_238' title='bbox 501 2788 620 2840; x_wconf 89' lang='lat' dir='ltr'><strong>Vll.</strong></span> <span class='ocrx_word' id='word_1_239' title='bbox 1258 2788 1354 2837; x_wconf 88' lang='lat' dir='ltr'><strong>Cc</strong></span> 
     </span>
    </p>
   </div>
  </div>
 </body>
</html>
