2125 3084
342 204 442 260 290
590 208 795 254 PHIL.
836 209 984 254 IUD.
1026 207 1350 266 QUAEST.
1388 208 1486 253 ET
1527 209 1682 253 SOL.
1729 203 1958 272 [11,439.]

344 327 472 366 nam
483 309 586 364 iter
600 307 797 372 facere,
822 316 1033 380 patrem
1054 309 1170 364 filio
1191 308 1511 364 mandatum
1531 309 1682 374 dare,
1710 309 1958 382 despon-

344 402 466 440 sare
485 400 743 448 uxorem,
771 381 844 460 [*]
868 400 1010 455 quae
1038 384 1289 439 eiusdem
1320 386 1664 456 cognationis
1695 387 1785 440 sit.
1863 385 1962 443 Ad

345 467 585 514 mentem
614 475 745 514 vero
776 458 1084 532 symbolica
1113 461 1250 514 ratio
1278 459 1560 515 reddenda
1588 461 1662 515 ita
1681 479 1741 516 se
1763 461 1954 516 habet.

341 537 403 590 In
426 535 661 590 concilio
680 541 1028 606 congregato,
1058 533 1157 587 ubi
1181 535 1474 588 consilium
1498 543 1682 589 actum
1703 544 1802 598 est,
1827 538 1958 591 ani-

344 628 432 666 ma
453 609 591 664 dicit
607 599 826 664 meliori
842 609 1015 679 parti:
1069 608 1238 684 Vides
1258 609 1575 680 improbum
1596 627 1764 681 super
1783 620 1835 666 te
1858 629 1958 666 ac-

344 685 643 740 cusationis
682 700 874 739 vocem
913 684 1273 755 imposuisse;
1319 701 1435 744 ‚cur
1473 701 1605 756 ergo
1643 685 1854 750 tardas,
1897 697 1960 742 et

344 779 451 816 non
482 759 666 815 resilis
698 757 886 814 motu?
942 749 1214 825 Quoniam
1243 775 1372 814 vero
1407 759 1592 814 adhuc
1631 760 1958 816 infirmiori-

345 837 451 890 bus
470 851 633 890 vacas
661 832 945 888 laboribus
976 834 1142 898 belli,
1185 833 1431 888 nondum
1452 837 1726 891 constanti
1747 837 1956 891 virtute

344 927 603 982 operanS,
634 918 709 986 ‘ut
737 925 907 980 queas
937 926 1212 982 opponere
1241 918 1293 963 te
1324 927 1386 964 ac
1415 927 1676 980 superare
1706 927 1806 982 per
1831 919 1953 966 stu-

346 987 503 1041 dium
525 985 777 1049 virtutis‚
818 984 985 1049 vade,
1021 985 1153 1057 fuga
1175 993 1351 1056 capta.
1430 986 1569 1050 Nam
1591 985 1640 1039 si
1670 994 1730 1040 tu
1762 987 1946 1057 procul

344 1061 702 1133 transmigres
734 1060 802 1115 ab
830 1059 1152 1116 huiusmodi
1194 1059 1334 1124 fera,
1379 1061 1580 1114 melius
1617 1059 1950 1132 feliciusque

350 1139 516 1192 vitam
539 1135 793 1190 traduces
809 1179 821 1201 ‚
864 1137 1058 1191 eteius
1081 1135 1239 1190 ardor
1259 1144 1423 1206 atque
1443 1135 1754 1208 indignatio
1775 1137 1949 1190 malae

345 1211 549 1267 indolis
574 1210 938 1282 exitialesque
959 1213 1148 1266 irritae
1169 1211 1482 1266 cessabunt.
1561 1210 1714 1266 Vade
1746 1229 1876 1284 ergo
1897 1221 1951 1266 et

344 1285 691 1358 proficiscere
730 1286 788 1339 in
828 1287 1303 1357 Mesopotamiam:
1366 1287 1434 1340 ad
1472 1285 1705 1345 verbum
1744 1288 1807 1341 in
1842 1296 1954 1342 ter-

345 1377 480 1424 ram,
506 1359 605 1413 ubi
628 1358 1113 1431 deguntChaldaei
1133 1369 1186 1416 et
1205 1362 1510 1434 Babylonii,
1536 1379 1594 1416 re
1616 1371 1800 1416 autem
1823 1379 1956 1417 vera

344 1436 403 1489 in
436 1432 683 1488 medium
712 1435 1010 1490 terminum
1038 1435 1393 1492 habitationis
1435 1438 1658 1492 virtutis
1695 1445 1750 1492 et
1788 1438 1955 1493 mali-

347 1610 460 1665 filio
483 1608 620 1665 dicit
638 1611 993 1672 mandantem
1012 1612 1083 1667 ad
1103 1613 1468 1685 copulandam
1489 1631 1717 1670 uxorem
1735 1617 1954 1687 proprii

344 1687 585 1760 generiS.
664 1687 978 1743 Intellectus
1008 1689 1330 1761 auspicialis
1353 1698 1436 1744 est
1460 1691 1772 1754 relationis,
1817 1707 1956 1746 con-

345 1763 538 1817 cilium
580 1762 848 1819 bonarum
898 1766 1289 1838 cogitationum
1333 1781 1560 1819 suarum
1597 1766 1958 1821 convocando

346 1839 557 1893 animas
588 1839 753 1896 vadat
780 1841 994 1896 meliori
1020 1841 1192 1914 parti:
1235 1839 1443 1896 Videns
1465 1840 1730 1896 infestum
1751 1841 1959 1896 adver-

348 1915 585 1979 sarium,
642 1917 756 1971 noli
796 1926 1080 1982 cunctare,
1137 1914 1236 1970 sed
1275 1931 1552 1988 exurgens
1591 1915 1726 1992 dum
1769 1916 1960 1972 adhuc

348 1989 521 2044 firmis
551 1990 835 2047 doloribus
862 1994 1036 2048 uteris
1067 2009 1168 2047 nec
1198 1990 1330 2045 dum
1359 1992 1656 2046 certamine
1681 1993 1960 2063 prolatam

346 2065 726 2122 fortitudinem
766 2067 1228 2132 demonstrantes,
1291 2083 1394 2121 nec
1438 2067 1508 2122 ad
1555 2067 1962 2123 retribuentem

344 2143 726 2212 praevalentes
768 2141 1090 2198 festinanter
1126 2141 1342 2198 recede.
1432 2142 1495 2198 Si
1539 2143 1688 2197 enim
1728 2143 1960 2216 longius

347 2216 518 2271 larem
558 2217 905 2273 constitueris
947 2218 1115 2272 huius
1153 2217 1389 2282 best-iae,
1429 2218 1547 2273 1tibi
1584 2213 1789 2272 nielius
1825 2220 1956 2274 erit.

345 2291 413 2345 Hi
434 2308 655 2364 quoque
674 2290 861 2364 (marq.
886 2291 1148 2366 quotque)
1163 2293 1378 2348 furorae
1397 2302 1452 2348 et
1471 2295 1964 2364 concupiscentiae

345 2367 612 2422 instinctu
635 2367 970 2422 malitiarum
990 2378 1353 2431 evanescunt,
1397 2370 1507 2423 eris
1534 2386 1663 2441 ergo
1691 2369 1750 2422 in
1771 2371 1963 2426 Meso—

344 2443 584 2510 potamia
599 2481 612 2505 ,
651 2441 811 2496 verbi
831 2442 1007 2514 gratia
1025 2442 1087 2496 in
1108 2444 1332 2514 regione
1353 2444 1756 2500 Chaldaeorum
1777 2453 1832 2500 et
1851 2439 1964 2498 Βὲι-

341 2511 587 2584 bylonis.
667 2514 823 2581 Quod
854 2525 936 2570 est
964 2524 1148 2570 autem
1178 2519 1678 2590 integrum-verum
1705 2521 1965 2586 osmali-

350 2587 645 2657 tiae-atque
664 2591 913 2655 virtutis,
938 2607 1080 2660 quae
1102 2599 1230 2644 sunt
1250 2593 1646 2648 meliorationis
1669 2593 1844 2648 latera
1865 2596 1967 2648 via

350 2657 614 2739 duntaxat
641 2661 880 2734 diligens
919 2663 1105 2737 (marq.
1145 2664 1411 2740 dirigens)
1450 2677 1543 2722 aut
1581 2667 1962 2732 beatitudine,

354 2730 483 2782 hcet
512 2731 631 2801 ipsa
662 2738 813 2806 regio
832 2740 1252 2809 Mesopotamiae
1273 2743 1416 2798 inter
1435 2743 1546 2798 duo
1565 2740 1798 2798 flumina
1821 2761 1968 2800 con-
