2125 3084
316 152 381 202 98
579 151 774 197 PHIL.
803 149 949 195 ιω).
981 148 1307 206 QUAE-ST.
1334 149 1433 193 ET
1470 149 1641 199 son..
1694 142 1919 211 [11,279.]

317 252 640 306 divitiarum
655 291 667 314 ,
711 250 980 305 honorum
1001 258 1054 304 et
1076 249 1451 304 consimilium
1472 258 1627 314 sunt,
1672 259 1726 304 et
1746 251 1803 303 in
1826 268 1922 305 sa—

315 328 486 392 nitate
501 365 514 389 ,
555 325 746 380 robore
761 365 774 388 ,
813 333 867 378 et
892 325 1085 397 vigore
1114 325 1359 394 corporis
1386 325 1559 379 vitam
1582 334 1778 397 agunt,
1816 343 1922 396 per

313 415 616 469 omnesque
660 416 856 453 sensus
903 398 1239 469 voluptatem
1278 399 1597 470 coagulant,
1658 408 1920 470 putantes

315 492 376 529 se
418 474 696 546 propriam
741 472 1059 527 felicitatem
1114 474 1362 545 attigisse
1376 514 1389 537 ,
1456 476 1919 545 permutationem

315 549 430 605 fore
459 549 555 603 vix
580 555 925 619 exspectant,
967 547 1069 601 sed
1087 547 1242 610 illos,
1284 548 1385 618 qui
1414 547 1688 613 dixerint,
1728 550 1918 604 omnia

313 641 456 695 quae
490 624 634 679 intra
671 630 726 677 et
761 630 914 677 extra
953 638 1153 692 corpus
1189 630 1345 685 sunt,
1397 622 1661 677 damnosa
1694 640 1817 678 esse
1852 642 1919 679 ac

313 699 502 755 brevis
532 697 822 768 temporis,
865 696 1118 752 irrident.
1194 695 1487 762 Quisnam,
1531 698 1713 752 Persis
1734 698 1917 753 domi-

313 774 574 830 nantibus
603 780 777 827 terrae
808 778 861 826 et
879 771 1045 835 mari,
1090 771 1345 841 sperabat
1364 788 1457 826 eos
1478 772 1737 827 casuros?
1773 774 1915 845 quid

313 859 367 905 et
410 845 803 903 Macedonibus
850 845 1044 900 itidem
1092 845 1442 900 valentibus?
1497 846 1657 913 Quod
1694 849 1744 901 si
1784 850 1915 919 quis

313 939 481 979 ausus
511 922 618 976 fuit
647 920 858 985 dicere,
901 922 1125 975 omnino
1152 921 1297 975 sicut
1324 920 1509 977 fatuus
1535 930 1701 993 atque
1720 939 1913 977 amens

313 998 502 1052 irrisui
543 995 668 1051 fuit.
748 997 868 1050 Non
906 997 1095 1049 minus
1128 1002 1183 1050 et
1220 997 1501 1067 oppositas
1540 997 1656 1050 illis
1694 1007 1909 1069 gente-⁴3,

310 1089 454 1144 quae
483 1072 688 1127 interea
719 1069 1024 1134 clarebant,
1080 1070 1445 1125 necessariam
1482 1069 1913 1127 demutationem

309 1148 553 1203 subiisse
584 1147 778 1217 liquet.
855 1146 936 1201 Ita
963 1153 1025 1199 ut
1052 1145 1305 1199 irrisores
1334 1146 1485 1216 ipsos
1512 1146 1609 1201 alii
1630 1148 1913 1217 coeperint

309 1220 633 1293 irridere*),
677 1229 731 1275 et
755 1221 905 1275 irrisi
930 1219 1134 1275 fuerint
1153 1220 1432 1284 irrisores,
1476 1236 1651 1290 quum
1680 1222 1913 1276 mobilia

311 1295 712 1364 mutabiliaque
744 1312 814 1348 ex
843 1302 1036 1350 natura
1118 1290 1189 1367 [*]
1234 1295 1603 1351 immutabilia
1648 1312 1710 1349 ac
1748 1297 1913 1351 inva-

310 1369 532 1424 riabilia
552 1384 675 1421 esse
699 1370 1034 1438 putaverint.

422 1592 582 1651 Quare
610 1595 772 1659 anyeli
795 1595 1084 1645 contin-batis
1106 1594 1199 1645 illis
1233 1602 1475 1645 tenuerunt
1502 1611 1685 1645 manum
1712 1594 1807 1645 Lot

496 1672 542 1711 et
571 1663 732 1712 uxoria
762 1680 821 1713 ae
846 1662 1046 1713 duarum
1068 1662 1286 1724 fib'arum
1316 1662 1445 1711 eiua?
1486 1664 1593 1724 (19,
1618 1664 1723 1725 16.)

418 1801 504 1853 14.
547 1798 705 1855 Certa
733 1800 1000 1856 securitas
1035 1797 1162 1853 data
1196 1797 1305 1861 eis,
1357 1812 1496 1867 quos
1527 1796 1913 1869 apprehende-

307 1882 462 1939 runt,
515 1892 624 1931 non
663 1875 844 1930 solum
881 1873 1185 1930 confortare
1212 1888 1306 1927 eos
1341 1870 1561 1937 debuit,
1614 1871 1713 1927 sed
1743 1872 1911 1926 etiam
1988 1874 1995 1881 '

307 1949 650 2019 impediebat
669 1959 926 2005 eventum
948 1947 1245 2002 malorum:
1286 1947 1576 2019 quoniam,
1616 1948 1763 2001 sicut
1784 1963 1913 2001 ver-

309 2023 381 2078 bo
421 2022 658 2076 naturali
703 2024 962 2077 animalia
1002 2022 1343 2093 detinentur,
1396 2021 1479 2077 sic
1518 2022 1685 2076 etiam
1726 2022 1913 2075 inani-

314 2096 521 2149 mantia
569 2103 826 2149 verentur
874 2096 1108 2151 verbum
1155 2096 1493 2162 divinitatiS,
1561 2098 1637 2151 ita
1685 2106 1747 2150 ut
1798 2114 1911 2151 non

308 2168 527 2224 laedant
568 2167 864 2223 adstantes.
944 2171 1149 2225 Littera
1189 2170 1314 2225 talis
1344 2179 1445 2226 est.
1533 2169 1616 2226 Ad
1669 2180 1910 2226 mentem

308 2260 466 2307 ver0,
512 2244 726 2297 animae
755 2260 897 2313 quae
927 2244 1206 2299 ducuntur
1234 2246 1406 2301 sacris
1432 2246 1647 2310 verbiS,
1703 2246 1909 2300 salvari

305 2327 566 2391 possunt,
636 2318 979 2372 solummodo
1026 2318 1502 2389 apprehendentes
1546 2329 1766 2376 teneant
1812 2338 1903 2388 ea;

309 2394 445 2449 alias
476 2394 785 2449 disiunctae
815 2410 878 2447 ac
906 2402 1186 2465 separatae
1213 2394 1271 2448 in
1292 2395 1432 2466 ipsis
1454 2412 1581 2450 cum
1602 2396 1728 2450 aliis
1750 2395 1911 2450 subi-

306 2477 506 2541 gentur
525 2469 948 2525 calamitatibus.

409 2644 453 2689 ⁵¹)
481 2653 517 2683 s.
544 2644 600 2690 (si
625 2642 938 2683 Hellenismum
958 2641 1231 2689 usurpaverit
1256 2641 1483 2688 interpres)
1508 2641 1577 2679 Ita
1600 2645 1646 2681 ut
1670 2642 1775 2690 ipsi,
1806 2651 1907 2689 quos

309 2694 532 2732 irriserunt
539 2720 552 2739 ‚
581 2692 783 2740 incipiant
799 2694 892 2733 illoc
911 2693 1105 2733 irridere.
1158 2690 1198 2729 A
1207 2700 1234 2729 u
1245 2700 1267 2728 c
1276 2691 1303 2727 h
1314 2717 1325 2727 .
