2125 3084
346 194 444 248 390
600 197 795 244 PHIL.
834 195 983 244 nm.
1022 196 1342 255 QUAEST.
1381 197 1486 244 ΕΤ
1525 201 1690 248 SOL.
1743 198 1834 264 [Π.
1851 201 1970 267 54⁷]

344 297 573 354 inferior
601 313 744 368 aqua
770 306 879 362 est,
920 299 1043 352 iure
1073 299 1241 354 etiam
1267 303 1326 352 in
1351 303 1605 368 inferiore
1627 313 1788 370 parte
1804 310 1972 360 subu-

348 377 496 430 culae
514 377 688 442 fiyura
702 376 831 428 mali
843 378 1027 442 punici
1044 383 1136 428 est.
1210 373 1334 427 Flos
1361 382 1546 428 autem
1576 377 1714 430 mali
1741 381 1966 448 punici,

346 458 409 504 ut
446 447 911 502 nomenclaturam
949 447 1160 502 habens
1197 445 1458 502 fluxionis
1497 449 1664 504 modo
1703 450 1857 526 (ῥοιά
1895 472 1972 509 ex

350 522 499 599 ρέω);
576 521 727 594 quod
766 531 949 578 autem
988 523 1266 595 imprimis
1305 521 1518 578 fluxum
1555 541 1692 596 prae
1733 544 1796 582 se
1835 527 1962 593 fert,

348 597 617 670 quidnam
646 606 729 652 est
759 597 913 653 aliud
938 615 1110 670 quam
1139 597 1318 670 aqua?
1589 607 1602 618 ·

394 745 555 804 Qum
588 747 724 797 ama
754 747 962 811 stymam
994 746 1113 798 maa·
1134 723 1304 813 Μα-
1335 747 1746 810 „tintinnabulum
1763 749 1916 812 flore-

760 815 917 864 dum“
952 814 1243 866 circumdat?
1285 817 1394 880 (28,
1423 815 1536 879 34.)

468 920 582 973 ⁴20.
632 917 855 972 Notavit
881 917 1159 988 imprimis
1191 917 1404 972 caelum
1427 933 1530 990 per
1547 934 1672 972 oras
1693 925 1748 972 et
1765 925 1959 988 pecto-

347 994 425 1048 ris
446 1001 845 1056 ornamentum,
868 991 1018 1064 quod
1038 992 1310 1063 pectorale
1332 993 1670 1061 nominavit3
1715 1009 1962 1064 sequen-

346 1069 423 1123 tia
436 1076 635 1132 autem,
662 1076 721 1122 ut
742 1069 863 1122 abira
883 1084 983 1138 per
1003 1067 1286 1138 duplicem
1307 1067 1764 1140 hyacinthinum3
1795 1067 1962 1122 dein-

347 1142 418 1198 de
440 1159 637 1214 aquam
658 1144 779 1198 aere
798 1141 1116 1212 inferiorem
1136 1159 1236 1213 per
1255 1141 1571 1216 symbolum
1599 1147 1802 1212 fiqurae
1829 1146 1963 1198 mali

342 1223 545 1288 punici.
624 1219 783 1273 Nunc
812 1226 992 1273 autem
1026 1217 1095 1272 ad
1123 1217 1276 1272 illam
1315 1215 1448 1272 mali
1486 1218 1684 1289 punici
1725 1216 1960 1272 formam

348 1292 486 1348 dicit
505 1296 771 1359 floridam,
807 1293 1049 1365 figurans
1070 1301 1297 1360 terram3
1360 1293 1494 1364 quia
1515 1293 1702 1348 omnia
1723 1291 1794 1347 de
1815 1301 1960 1348 terra

346 1366 641 1422 florescunt
666 1384 730 1421 ac
756 1370 1086 1440 germinant.
1170 1370 1596 1422 Tintinnabulum
1625 1377 1812 1422 autem
1841 1385 1963 1423 me·-

348 1441 476 1497 dius
509 1449 591 1496 est
618 1441 752 1497 ordo
778 1444 921 1498 inter
948 1443 1081 1498 mali
1110 1444 1304 1515 punici
1334 1441 1566 1498 formam
1597 1452 1651 1498 et
1681 1441 1956 1508 floridam,

348 1515 696 1572 concordiam
749 1517 1121 1574 subumbrans
1181 1519 1606 1574 elementorum:
1691 1520 1961 1589 quoniam

346 1592 469 1646 sine
509 1601 777 1648 concentu
814 1600 1095 1666 tamquam
1135 1593 1393 1659 choreae,
1444 1610 1516 1648 ex
1551 1593 1786 1648 vocibus
1827 1609 1964 1649 con-

346 1666 531 1724 trariis
570 1669 979 1725 consonantiam
1020 1669 1313 1726 edentibus
1357 1665 1430 1756 [⁴¹⁶]
1475 1669 1960 1724 concinnationem

348 1742 545 1798 mundi
583 1744 964 1816 temperando,
1012 1761 1123 1799 non
1162 1752 1498 1815 suscepisset
1534 1743 1957 1814 perfectionem.

346 1818 552 1875 Verum
579 1821 748 1874 nimis
776 1828 1024 1875 accurate
1054 1817 1226 1884 dixit,
1268 1821 1530 1891 quoniam
1559 1827 1798 1890 quatuor
1827 1829 1958 1874 sunt

349 1893 647 1960 elementa,
689 1895 1124 1951 tintinnabulum
1154 1895 1453 1968 seiungens
1485 1893 1554 1948 ab
1573 1896 1705 1967 igne
1727 1904 1783 1949 et
1803 1897 1952 1949 ae're:

348 1969 629 2041 siquidem
650 1987 679 2024 a
698 1989 758 2026 se
778 1973 901 2043 ipso
921 1980 1003 2026 est
1022 1978 1204 2044 motus
1225 1970 1468 2035 animae,
1503 1977 1566 2024 ut
1584 1971 1847 2024 convenit
1869 1969 1959 2024 di-

348 2061 491 2111 cere,
517 2047 756 2100 maxime
776 2045 1082 2102 secundum
1101 2032 1463 2118 philosopho's
1485 2061 1556 2100 ex
1575 2044 1703 2100 Stoa
1726 2044 1794 2117 (s,
1809 2045 1960 2100 Stoi-

348 2119 481 2194 cos).
562 2123 784 2176 Terram
814 2129 995 2177 autem
1023 2129 1225 2177 etcum
1245 2136 1390 2192 aqua
1410 2120 1623 2185 univit,
1655 2121 1790 2192 quia
1813 2119 1956 2174 terra

349 2205 404 2252 et
430 2213 569 2268 aqua
611 2205 741 2252 sunt
778 2213 977 2269 corpus
1013 2195 1238 2266 mundi;
1284 2213 1508 2270 ·corpus
1550 2202 1734 2250 autem
1771 2197 1958 2250 inani-

348 2288 437 2327 me
467 2279 630 2328 estet
665 2272 951 2328 immobile
986 2273 1045 2326 in
1084 2289 1171 2337 se,
1216 2271 1367 2343 quod
1405 2289 1546 2344 opus
1584 2267 1829 2325 habebat
1867 2287 1959 2325 ra-

348 2348 516 2403 tionis
535 2347 692 2403 illius
707 2388 720 2411 ,
753 2364 895 2419 quae
916 2347 1222 2403 secundum
1245 2356 1416 2403 artem
1437 2347 1709 2402 musicam
1736 2346 1798 2400 in
1828 2345 1962 2401 har-

349 2424 589 2478 moniam
613 2421 899 2478 reduceret
917 2422 1081 2488 illud,
1111 2439 1210 2496 pro
1230 2422 1522 2479 concordia
1541 2421 1959 2478 universorum.

558 2561 689 2621 Quid
720 2573 789 2614 est
822 2565 1047 2628 „lamina
1083 2581 1233 2614 aurea
1259 2567 1469 2629 pura“?
1503 2569 1611 2630 (28,
1637 2565 1749 2628 36.)

464 2667 578 2718 ⁴2⁴.
616 2666 841 2719 Lamina
866 2674 977 2719 tam
997 2666 1456 2722 constructionem
1478 2667 1646 2722 habet
1665 2665 1962 2733 subtilem,

350 2750 517 2805 quam
557 2736 927 2806 profunditate
966 2747 1138 2806 caret3
1205 2741 1428 2797 videtur
1463 2758 1592 2816 ergo
1631 2741 1972 2814 superficies
