2125 3084
350 182 449 235 250
600 186 780 233 PHIL
833 185 980 231 1111).
1018 186 1343 244 QUAEST.
1377 188 1480 233 ET
1525 189 1683 235 SOL.
1717 184 1807 251 [IL
1829 186 1962 251 411]

349 287 643 344 consilium
662 286 754 342 dei
774 288 1231 341 amantissimum.
1307 288 1596 361 Magistro,
1640 291 1742 356 ait,
1792 292 1962 348 nullo

349 372 474 419 utor
492 362 735 427 mortali,
760 361 859 417 sed
880 361 1033 417 dedit
1054 361 1194 416 mihi
1214 364 1274 417 in
1294 380 1491 418 manus
1511 366 1959 436 speculationem

350 439 652 511 sapientiae
672 437 1181 510 intelligentiaeque
1207 444 1386 509 pater3
1447 440 1806 525 quamobrem
1837 460 1956 497 non

348 514 529 569 solum
558 512 762 576 didici,
803 512 901 567 sed
934 513 1100 568 etiam
1127 514 1282 584 potui
1317 514 1586 567 invenire.
1665 516 1804 569 Nam
1847 519 1954 588 qui

346 589 451 644 deo
472 590 645 644 utitur
662 588 952 660 magistro,
994 596 1048 643 et
1067 586 1285 659 proficit
1301 595 1356 641 et
1373 586 1632 659 prodesse
1651 588 1952 646 sufficiens

348 672 457 719 est:
509 662 725 735 proficit
750 661 1043 727 discendo,
1085 670 1138 717 et
1165 661 1387 733 prodest
1411 662 1745 718 inveniendo
1764 662 1952 720 disci-

348 740 509 811 pulos
546 737 651 793 sub
676 738 979 825 principio,
1029 736 1377 826 postmodum
1413 738 1576 792 etiam
1601 739 1856 810 magistri
1889 751 1946 795 et

346 814 508 869 ducis
528 813 822 868 honorem
808 830 867 867 ιιι
884 812 1078 867 ordine
1099 813 1396 884 accipiens.

354 969 514 1029 Quare
556 970 696 1021 dicit.-
757 1006 791 1033 „
777 968 1155 1034 ,Appropt'nqua
1197 969 1267 1019 ad
1303 985 1399 1033 me,
1447 979 1494 1019 et
1531 971 1830 1021 convectabo
1875 979 1936 1033 te,

432 1039 537 1101 fili,
566 1040 613 1089 εἰ
635 1048 685 1088 tu
712 1038 932 1100 sinfilius
956 1054 1084 1087 meus
1109 1036 1274 1100 Esau,
1311 1053 1377 1085 cm
1401 1040 1572 1089 non“?
1600 1039 1705 1103 (27,
1729 1041 1838 1100 21.)

450 1143 573 1196 209.
614 1142 734 1196 Non
755 1138 1016 1195 suadetur
1036 1139 1219 1195 statim
1239 1139 1443 1194 virtute
1468 1142 1794 1212 praestanti,
1839 1140 1939 1196 se‘d

344 1204 601 1279 miratur,
645 1214 795 1301 quod
824 1231 1013 1269 revera
1047 1221 1159 1270 tam
1187 1213 1371 1269 subito
1399 1224 1756 1287 augmentum
1785 1233 1940 1270 sum-

344 1291 517 1363 pserit
542 1307 747 1360 pravus
774 1290 831 1343 in
861 1290 1143 1344 virtutem.
1222 1290 1494 1355 Primum,
1535 1291 1667 1362 quia
1699 1292 1937 1364 ignavus

344 1374 399 1419 et
432 1365 593 1419 deses
629 1365 727 1435 qui
766 1372 909 1427 erat,
952 1364 1098 1419 celer
1135 1371 1191 1419 et
1216 1364 1466 1420 celeriter
1493 1364 1718 1421 edoctus
1747 1366 1934 1421 fuerit.

344 1607 631 1680 magistre,
700 1608 991 1673 asserenti,
1060 1608 1203 1663 nulli
1241 1608 1552 1663 mortalium
1598 1606 1932 1664 auxiliosum

342 1699 483 1737 esse.
580 1682 829 1739 Tradidit
867 1684 1016 1739 enim
1058 1683 1198 1739 mihi
1238 1678 1658 1756 disciplinarum
1701 1684 1930 1757 pignora

340 1757 742 1830 spectatissima
780 1759 1084 1831 sapientiae
1119 1756 1360 1833 genibn
1423 1760 1583 1815 cuius
1614 1760 1789 1832 gratia
1823 1775 1926 1813 non

340 1842 552 1889 tantum
582 1834 801 1900 doctus,
853 1835 953 1891 sed
982 1837 1148 1891 etiam
1177 1834 1463 1906 possibilis
1493 1834 1670 1890 factus
1698 1850 1825 1889 sum
1861 1834 1930 1889 ad

341 1909 757 1967 inveniendum.
836 1910 945 1978 Qui
972 1912 1122 1966 enim
1151 1910 1254 1966 deo
1281 1912 1456 1965 utitur
1481 1908 1853 1982 praedicatore
1879 1918 1930 1965 et

338 1986 556 2057 proficit
580 1994 635 2047 et
661 1986 921 2058 prodesse
950 1987 1136 2042 alteris
1161 1986 1394 2042 idoneus
1413 1994 1520 2041 est:
1563 1984 1780 2057 proficit
1801 2000 1929 2041 vero

338 2060 638 2115 instructus
652 2102 665 2127 ,
726 2061 949 2133 prodest
985 2061 1318 2118 inveniendo
1357 2070 1512 2117 notos
1525 2101 1540 2125 ‚
1601 2077 1665 2115 ac
1703 2058 1928 2115 minime

342 2134 706 2191 dissonantes.
772 2137 1128 2195 Postmodum
1147 2146 1329 2193 autem
1349 2136 1585 2193 doctoris
1607 2134 1926 2209 dignitatem

340 2210 591 2265 assumit.

438 2326 787 2393 „Approxt'ma
818 2325 952 2390 mihi,
1016 2339 1061 2377 et
1091 2328 1308 2393 ραζυαόο
1346 2337 1414 2393 te,
1456 2328 1562 2393 fili,
1616 2329 1664 2379 si
1697 2339 1746 2379 tu
1781 2346 1829 2377 es

853 2394 993 2455 filius
1027 2412 1155 2445 meus
1187 2394 1397 2447 Esau“.

445 2500 566 2552 209.
589 2497 657 2551 Et
676 2495 863 2569 (marq.
885 2493 974 2569 Ut)
992 2513 1103 2551 non
1121 2497 1441 2554 incredulus
1459 2500 1638 2583 primo
1659 2516 1790 2555 casu
1809 2508 1924 2555 stu-

338 2568 527 2625 diosus
548 2573 778 2626 miratur
796 2570 976 2641 (marg.
1003 2572 1226 2627 mirator
1241 2573 1361 2647 sit),
1404 2582 1516 2629 tam
1541 2570 1703 2630 iralde
1723 2592 1924 2647 pravus

338 2644 673 2699 incrementa
710 2644 906 2701 habuit
942 2642 1164 2702 virtutis
1202 2644 1336 2702 olim
1373 2648 1576 2704 surdus
1616 2657 1670 2705 et
1713 2648 1919 2715 tax-dua,

338 2716 501 2771 modo
528 2727 784 2773 strenuus
810 2718 1053 2775 effectus.
1133 2720 1388 2779 Secundo
1417 2723 1569 2795 quod
1605 2741 1713 2780 ιιοιι
1747 2724 1924 2781 solum
