2125 3084
351 186 454 239 220
609 189 804 234 rum,
831 188 980 233 mn.
1009 187 1334 245 QUABST.
1360 186 1463 231 ΒΤ
1496 186 1656 232 ΒΟΒ.
1726 182 1813 247 [Π,
1834 185 1961 250 393.]

355 307 480 376 φωρ
509 298 572 343 ut
593 306 760 345 onere
785 288 1020 352 insanit,
1059 297 1119 343 et
1142 284 1485 359 ἆφιίὄσοφος
1512 287 1833 361 (insipiens)
1858 308 1961 344 ex·

351 372 518 419 stetit.

355 472 432 539 [Ἴ
475 469 636 529 Qum-e
667 468 938 520 Abit-deda
971 467 1044 517 ad
1072 468 1223 519 Isaac
1256 466 1399 519 ‹Ea’n-
1458 468 1701 533 „Recede
1736 489 1771 520 a
1804 472 1957 535 nobis,

420 540 642 604 qnoniam
667 536 912 603 potentior
943 537 1081 585 nobis
1100 538 1275 603 factm
1306 554 1359 586 es
1389 536 1613 585 vffi‘ffl
1645 540 1754 603 (26,
1780 540 1889 599 16.)

465 636 580 689 492.
621 632 784 687 Dirus
805 639 860 686 et
879 629 1056 685 malae
1076 629 1326 685 invidiae
1346 628 1763 701 exprobrandas
1783 634 1960 689 simul

351 714 405 763 et
423 724 620 763 caecus
639 704 882 778 profecto
901 714 984 761 est
1003 723 1211 778 pravus
1230 704 1417 761 homo.
1490 704 1609 760 Non
1640 706 1790 761 enim
1818 710 1958 761 satis

351 785 567 839 censuit
585 782 864 855 expellere
877 821 890 844 ,
915 780 984 835 ad
1003 781 1239 835 verbum
1261 798 1333 835 ex
1351 779 1488 835 urhe
1500 821 1514 843 ‚
1538 796 1595 835 re
1616 789 1801 836 autem
1820 799 1957 837 vera

350 877 422 913 ex
449 859 632 915 anima
659 874 760 911 sua
789 856 1069 911 eruditum
1096 874 1161 910 ac
1189 855 1663 927 sapientissimum
1690 856 1952 923 verbum,

348 951 544 989 verum
583 933 749 987 etiam
786 949 914 986 cum
951 932 1159 992 ratione
1193 929 1439 985 declarat
1464 948 1525 985 se
1552 930 1769 987 invidia
1800 931 1957 989 labo-

349 1026 496 1073 rare,
535 1023 773 1084 namque
803 1006 968 1062 dicit:
1013 1010 1629 1076 potentiornobiasaotus
1646 1024 1727 1075 es,-
1782 1024 1955 1080 quum

352 1101 591 1156 aequum
626 1091 774 1139 esset
810 1082 1187 1137 infirmitatem
1224 1098 1384 1137 suam
1421 1081 1619 1137 sedare
1648 1079 1732 1154 '(s.
1772 1092 1960 1139 osten-

352 1160 528 1233 dere),
571 1167 794 1231 propter
829 1175 978 1223 eam,
1028 1174 1140 1229 qua
1180 1152 1465 1212 fruebatur
1492 1156 1562 1229 (s.
1592 1165 1656 1211 ut
1684 1158 1958 1230 decebat),

349 1252 670 1308 prosperam
691 1233 963 1289 fortunam
979 1274 991 1297 ‚
1024 1243 1081 1287 et
1100 1231 1469 1305 congratulari
1490 1232 1562 1287 de
1582 1233 1641 1287 vi
1664 1233 1958 1289 abundan-

349 1312 422 1365 tis
451 1308 845 1382 possessionis,
887 1309 1021 1379 quia
1050 1308 1236 1380 aliqua
1264 1316 1419 1366 erant
1444 1306 1597 1363 intus
1622 1309 1684 1363 in
1705 1326 1955 1381 ool-pore,

351 1385 624 1455 quaedam
661 1391 814 1439 extra
853 1400 1079 1455 eorpus:
1152 1382 1303 1454 quod
1330 1383 1379 1436 si
1407 1383 1619 1455 potiora
1654 1384 1787 1455 quis
1825 1402 1957 1440 oon—

352 1458 594 1531 iiciat*)‚
642 1457 900 1514 omnibus
929 1475 1105 1513 unum
1134 1457 1471 1515 frumentum
1498 1474 1621 1515 esse
1648 1460 1931 1515 convenit.

454 1599 498 1647 ³¹)
524 1598 594 1638 Aci
617 1600 818 1639 verbnm:
864 1601 1046 1649 amplius
1072 1604 1208 1640 mutem
1227 1600 1577 1649 philosophando.
1631 1599 1796 1641 Aneh.

351 1786 599 1861 pondus,
642 1788 854 1860 quibus
878 1796 1105 1861 gravata
1134 1804 1293 1841 mens
1321 1787 1591 1857 premitur
1610 1795 1667 1841 et
1684 1788 1817 1843 sine
1828 1787 1962 1859 phi-

353 1863 608 1936 losophia
627 1871 892 1920 remanet.

441 1970 604 2030 Quare
637 1972 910 2027 Abimlech
943 1970 1067 2023 dabit
1101 1969 1173 2021 ad
1200 1968 1375 2024 Isaac:
1411 1968 1617 2035 „Pet-92
1653 1984 1686 2019 α
1718 1972 1875 2034 nobie,

679 2039 794 2103 quia
819 2038 1095 2105 passibilior
1126 2038 1263 2089 nobis
1284 2038 1457 2103 suem
1500 2040 1630 2090 ess‘?

471 2128 586 2183 ⁴92.
645 2125 954 2179 Pessimum
989 2123 1239 2187 invidiae
1277 2124 1434 2178 virus
1472 2131 1527 2178 et
1562 2123 1960 2197 vituperabile,

354 2202 430 2256 ita
445 2216 680 2271 pravus,
711 2206 899 2270 utpote
920 2198 1115 2253 eaeeus
1130 2240 1143 2263 ‚
1176 2197 1499 2271 disiungere
1518 2204 1746 2253 conatur
1773 2200 1966 2255 virum

354 2274 682 2347 prudentem
721 2272 891 2332 verbo
919 2272 1149 2343 quidem
1180 2290 1211 2327 a
1240 2274 1465 2329 civitate
1480 2314 1493 2338 ,
1533 2274 1655 2347 ipsa
1684 2283 1873 2329 autem
1905 2292 1966 2329 re

355 2349 426 2404 de
463 2351 646 2404 anime
681 2365 782 2403 sua
817 2363 946 2403 cum
983 2348 1234 2403 clausula
1283 2349 1477 2405 livoris
1514 2350 1788 2421 ingestae.
1871 2350 1966 2404 Ait

353 2424 530 2477 enim:
583 2426 881 2493 possibilior-
896 2428 1071 2491 faetus
1088 2438 1143 2475 es
1160 2426 1339 2491 nebim·
1364 2432 1551 2495 utpote
1578 2423 1967 2491 infirmitatem

354 2496 594 2567 optando
613 2496 703 2552 his
721 2498 820 2570 qui
841 2496 1159 2567 diriguntur
1173 2536 1186 2559 ,
1230 2514 1359 2552 cum
1388 2500 1565 2570 possit
1584 2500 1966 2571 congratulari

355 2570 678 2626 melioribus
693 2612 706 2636 ,
751 2572 884 2627 etin
903 2570 1156 2640 utrisque
1176 2572 1441 2641 proficere
1455 2614 1467 2637 ‚
1510 2574 1753 2631 maxime
1772 2574 1968 2645 philo-

356 2642 584 2709 sophiae
611 2646 790 2700 titulis
804 2686 817 2710 ,
858 2660 1096 2717 quorum
1122 2660 1313 2699 omnes
1340 2649 1631 2703 unanimes
1650 2663 1775 2703 esse
1794 2666 1972 2722 opor-

357 2721 552 2767 tuerat.
