2125 3084
180 206 367 276 [1,8⁷.]
451 213 550 258 DE
588 212 1136 262 PROVIDENTIA
1175 215 1428 260 SERMO
1467 217 1527 259 11.
1723 212 1788 264 85
1847 276 1851 280 ,

181 313 395 370 exinde
426 312 563 368 ratio
590 311 749 368 datur
773 329 871 384 per
892 311 1086 377 deum,
1131 331 1238 368 non
1259 332 1390 372 vero
1409 331 1508 386 per
1525 315 1788 387 sphaeras

179 389 392 446 multas
412 404 581 460 super
600 405 659 444 se
680 389 917 444 invicem
945 389 1180 460 positaS,
1223 405 1459 459 quarum
1489 391 1792 447 circumro-

179 465 423 520 tationea
450 463 767 534 poliverunt
794 462 1116 536 figuram*)3
1159 465 1290 534 quia
1321 464 1466 522 eirea
1497 481 1616 520 eam
1635 483 1791 523 coar-

181 547 330 595 ctata
356 537 464 594 fuit
490 537 721 611 sphaera
754 539 901 611 iguis
930 538 1232 608 mirabili-53
1295 556 1528 612 magnae
1557 541 1706 596 enim
1737 550 1792 598 et

181 614 518 687 multiplicia
539 614 783 670 theoriae
810 612 877 685 (a.
911 613 1148 684 speciei,
1191 612 1415 688 formae)
1444 616 1561 674 vim
1589 614 1783 674 habet:

184 690 319 746 ideo
340 707 441 744 neo
460 689 570 746 huc
589 705 695 746 nee
714 689 850 746 illuc
872 689 1020 746 eadit
1040 690 1165 745 ista.

264 862 271 870 ⁸
302 797 389 850 6⁴.
438 796 645 850 Deinde
671 797 1027 852 'ratiocinatus
1056 795 1127 850 de
1152 798 1318 860 mari,
1363 798 1466 853 ait:
1529 799 1790 854 Concreta

185 879 272 924 est
293 871 607 926 extremitas
628 889 779 936 orae,
812 872 1054 926 maxime
1076 872 1133 925 in
1155 871 1442 944 grandinis
1471 891 1676 928 morem
1700 893 1789 930 re-

185 946 410 1000 siliente
440 960 581 1018 aqua
608 945 831 1002 limosa:
894 963 1035 1019 quae
1065 947 1212 1001 enim
1241 947 1300 1001 in
1321 955 1463 1002 terra
1483 948 1788 1004 humiditas

184 1021 397 1092 passim
428 1030 537 1086 est,
573 1023 634 1076 in
656 1021 915 1076 demissis
936 1021 1326 1094 depressisque
1345 1023 1466 1078 eius
1487 1023 1622 1078 locis
1645 1034 1788 1080 amat

186 1092 463 1165 frequenti
490 1103 777 1152 ventorum
808 1095 1057 1168 impulsu
1085 1096 1327 1169 impelli,
1364 1095 1436 1174 [Ἴ
1468 1097 1638 1154 fluctu
1677 1117 1788 1156 uno

187 1170 422 1224 alterum
450 1173 755 1228 sustinente
780 1189 931 1230 more
952 1189 1198 1226 nexuum
1218 1173 1582 1243 quorumdam
1601 1172 1788 1230 fortis-

186 1245 478 1300 simorum.
555 1245 873 1302 Absurdum
894 1255 1078 1302 autem
1105 1254 1187 1301 est
1215 1246 1426 1312 dicere,
1474 1250 1629 1304 iuxta
1658 1267 1788 1322 pro-

186 1319 494 1384 videntiam
515 1337 635 1376 esse
656 1330 860 1378 tantam
881 1321 1296 1377 multitudinem
1318 1339 1583 1395 aquarum
1597 1367 1610 1390 ,
1643 1341 1787 1397 quae

190 1395 423 1452 minime
460 1395 755 1466 bibuntur-3
818 1397 1272 1472 quandoquidem
1310 1399 1481 1455 maria
1521 1409 1650 1455 sunt
1675 1419 1785 1456 non

187 1487 361 1542 pauca
399 1472 615 1527 inclusa
654 1473 795 1528 intra
832 1473 1127 1527 Herculeas
1165 1473 1474 1540 columnas,
1523 1493 1788 1549 magnum

187 1555 369 1602 autem
398 1565 550 1602 mare
580 1547 895 1603 extenditur
922 1556 1138 1620 praeter
1164 1549 1345 1622 legem
1373 1559 1599 1605 naturae
1625 1551 1787 1607 debi-

184 1625 315 1700 tam.
394 1625 585 1694 Itaque
612 1639 752 1694 quae
784 1640 853 1678 ex
878 1631 1020 1678 terra
1050 1621 1244 1680 defluit
1266 1624 1599 1690 humiditas,
1645 1643 1787 1700 aqua

185 1707 268 1753 est
306 1697 473 1765 faeta3
526 1697 785 1753 similiter
822 1706 875 1752 et
913 1699 1001 1752 aer
1028 1715 1199 1770 vapor
1233 1700 1519 1756 exhalatus
1547 1701 1616 1755 ab
1644 1719 1786 1772 aqua

187 1783 469 1842 terraque,
509 1771 655 1828 sieut
680 1773 741 1827 in
770 1771 985 1830 balneis
1005 1775 1144 1830 solet
1163 1789 1312 1838 esse,
1351 1775 1450 1830 ubi
1470 1791 1612 1846 aqua
1632 1783 1786 1830 exte-

186 1855 387 1902 nuatur
406 1863 507 1918 per
528 1844 789 1912 calorem,
830 1849 1136 1905 seeundum
1157 1851 1525 1908 necessariam
1543 1849 1786 1906 elemen-

184 1931 367 1978 torum
385 1921 457 1976 ad
475 1938 537 1976 se
554 1922 797 1978 invicem
812 1925 1310 1982 commutationem.

296 2033 383 2088 62.
424 2029 633 2086 Pauo.
685 2029 949 2097 Adverte,
992 2042 1054 2088 ut
1081 2033 1285 2105 optime
1314 2032 1480 2087 verba
1511 2039 1604 2087 tua
1624 2033 1784 2086 eolli-

226 2123 285 2162 as
300 2147 313 2170 ,
357 2103 696 2173 Alexander,
738 2109 883 2162 sicut
908 2108 1006 2179 qui
1029 2115 1312 2182 amputant
1331 2107 1550 2161 arbores
1569 2107 1784 2180 agrico-

186 2123 274 2237 fae
305 2189 581 2252 accurate3
644 2183 777 2258 quia
808 2182 1019 2237 fructus
1046 2201 1176 2256 pars
1206 2190 1288 2237 est
1315 2181 1561 2254 plantae,
1605 2189 1658 2236 et
1683 2181 1782 2252 qui

190 2258 293 2312 rite
314 2264 543 2311 utuntur
563 2274 653 2326 eo,
695 2256 1009 2330 proficiunt.
1087 2255 1396 2328 Perpende‚
1440 2255 1588 2326 quod
1616 2257 1778 2318 diem,

188 2349 220 2386 a
256 2331 603 2406 gravioribus
640 2342 864 2387 sursum
905 2332 995 2404 agi
1042 2330 1269 2387 leviora.
1357 2331 1623 2398 Quoniam
1673 2347 1782 2385 non

188 2422 375 2472 omne,
416 2423 449 2461 ο
476 2407 565 2462 vir
590 2408 825 2479 optime,
867 2423 1066 2479 eorpus
1095 2407 1338 2479 pondere
1355 2405 1586 2480 gaudet,
1627 2407 1704 2460 ita
1721 2415 1782 2462 ut

190 2480 457 2554 quaedam
477 2483 701 2538 omnino
722 2499 831 2536 non
851 2483 1042 2556 gravia
1066 2481 1180 2536 dici
1200 2482 1348 2555 apud
1367 2481 1661 2555 physicum
1683 2497 1783 2536 ex-

230 2555 399 2622 ediat‚
429 2557 586 2612 velut
601 2557 848 2632 opposita
868 2556 1162 2632 gravibus:
1223 2573 1479 2632 magnam
1498 2558 1646 2612 enim
1665 2557 1780 2611 vim

231 2630 353 2686 abet
386 2632 781 2688 contrariorum
812 2633 1165 2704 compositi0‚
1209 2649 1278 2686 ex
1304 2631 1510 2706 quibus
1537 2634 1780 2688 mundus

290 2770 333 2818 ⁴¹)
366 2771 396 2810 ί.
425 2783 465 2811 e.
493 2772 536 2810 tn
566 2753 753 2819 speeiem
780 2772 983 2820 sphaerae
1009 2773 1228 2814 mundum·
1243 2773 1565 2824 conglobavere.
1617 2773 1777 2813 Aueh.
