2125 3084
399 189 490 241 {40
641 191 839 235 mm„
882 190 1031 234 1151).
1073 188 1398 245 QUAEs‘r.
1437 187 1536 231 ET
1577 188 1734 233 δοῖ..
1779 178 2013 254 [11,292.]

392 294 692 364 quicquam
714 290 991 353 admittat,
1032 296 1327 359 antequam
1348 288 1570 360 cogitet.
1648 288 1792 341 Haec
1814 294 2017 342 autem

394 368 703 423 necessarie
742 373 905 436 atque
944 363 1267 419 naturaliter
1297 380 1370 417 ex
1395 371 1550 433 patre
1581 369 1882 415 nascuntur
1913 363 2018 417 in-

393 442 643 497 tellectu:
696 457 851 494 mens
872 439 1021 493 enim
1040 456 1140 509 per
1161 438 1549 509 cogitationem
1569 437 1806 491 seminat
1825 435 2015 509 digna

394 517 756 586 decentiaque
797 523 851 568 et
878 513 1192 585 probabilia
1221 510 1371 583 apud
1402 511 1556 574 illos,
1601 512 1700 582 qui
1731 527 1836 565 non
1869 522 2016 567 sunt

394 590 675 647 discordes
704 590 762 644 in
785 590 1012 643 veritate
1042 586 1412 658 assequenda3
1477 586 1742 640 admissio
1773 602 1905 639 vero
1939 604 2012 641 ea

392 676 502 731 est,
537 682 678 737 quae
700 666 855 719 iuxta
875 664 1156 734 proposita
1178 661 1430 716 concedit
1450 660 1692 733 singulis
1713 660 1979 715 sensibus
1993 704 2006 715 .

392 740 661 809 Quoniam
691 738 829 810 quid
858 740 980 792 sine
1008 745 1192 792 mente
1212 736 1394 791 valeat
1413 736 1630 807 operari
1649 735 1766 791 sola
1788 736 2010 807 cogita-

392 818 497 881 tio,
532 824 586 871 et
608 812 680 889 [⁴¹⁶]
706 812 845 884 quid
869 810 1169 868 admissio?
1214 812 1418 866 inertes
1439 812 1588 865 enim
1609 818 1664 866 et
1682 808 2003 865 inefficaces

392 892 531 945 istae
551 897 679 943 sunt
700 905 797 959 per
817 906 876 943 se
890 930 903 952 ‚
947 888 1057 942 nisi
1086 895 1407 942 moveantur
1428 903 1459 940 a
1479 893 1661 941 mente
1683 884 1754 939 ad
1775 902 2003 957 compe—

392 974 567 1020 tentes
590 964 701 1019 sibi
722 962 944 1019 effectus
972 971 1256 1033 actusque.

400 1095 559 1153 Quare
602 1098 801 1161 pariens
851 1095 1009 1145 senior
1037 1094 1198 1157 filium
1245 1091 1459 1157 appellat
1503 1090 1683 1156 Moab,
1740 1094 1996 1143 vocitando

526 1182 667 1229 super
721 1182 823 1213 eum
882 1163 937 1212 id
986 1162 1118 1225 quod
1167 1178 1367 1224 aequum
1419 1168 1524 1209 crat
1576 1160 1813 1210 occultare
1865 1162 1896 1224 (
1906 1162 1998 1209 hoc

529 1234 657 1296 est).·
702 1230 787 1279 Ex
814 1239 959 1293 patre
993 1245 1094 1277 meo
1132 1237 1214 1276 est.
1257 1232 1366 1291 (19,
1404 1228 1514 1291 37.)

506 1316 591 1370 57.
644 1313 863 1369 Gloriae
902 1312 1266 1367 iactabundae
1297 1311 1446 1384 apud
1475 1321 1620 1367 recte
1649 1311 1996 1385 (symbolice)

392 1388 803 1443 considerantes
832 1395 959 1442 nota
986 1395 1071 1441 est
1095 1387 1222 1441 talis
1245 1389 1500 1455 asserti03
1553 1406 1662 1443 non
1681 1389 1830 1443 enim
1850 1389 1998 1443 sicut

391 1462 751 1534 opprobrium
790 1462 1055 1517 conticuit
1085 1478 1148 1516 ac
1175 1463 1440 1526 cessavit,
1484 1462 1582 1517 sed
1613 1472 1896 1534 tamquam
1926 1464 1998 1518 de

392 1554 592 1609 magna
631 1535 904 1607 probitate
944 1538 1200 1591 iactitans
1239 1539 1297 1591 in
1339 1538 1695 1609 cogitatione,
1749 1538 1998 1593 iucundo

394 1612 575 1667 animo
606 1609 769 1667 dicit:
831 1610 1016 1667 Habeo
1036 1612 1375 1687 condignum
1395 1611 1683 1675 honorem,
1716 1629 1883 1683 quem
1907 1632 1998 1668 se—

393 1689 627 1742 minavit
664 1694 819 1759 pater
859 1688 957 1760 qui
994 1688 1053 1742 in
1094 1705 1183 1742 me
1223 1695 1307 1741 est
1347 1686 1682 1755 intellectus3
1752 1690 1998 1744 maxime

391 1762 541 1835 quod
581 1771 731 1818 satus
772 1764 893 1835 ipse
932 1780 1038 1818 non
1083 1761 1304 1818 abortus
1346 1760 1450 1816 fuit
1487 1762 1724 1816 inaniter
1751 1772 1998 1834 praeter-

392 1841 541 1903 iens,
583 1839 680 1894 sed
709 1838 987 1912 perfectus
1017 1847 1178 1893 natus
1214 1836 1420 1908 dignus
1451 1844 1533 1890 est
1571 1836 1794 1891 effectus
1825 1855 1999 1909 gene—

391 1916 601 1970 ratione
624 1924 786 1986 atque
816 1914 1160 1969 educatione.
1239 1909 1389 1978 Quae
1411 1920 1591 1965 autem
1614 1921 1696 1966 est
1715 1916 1998 1983 generatio

392 1990 593 2043 mentis
624 1998 677 2043 et
699 1990 1051 2061 >cogitationis
1082 1985 1617 2059 irreprehensibilis,
1669 1988 1781 2041 nisi
1811 1990 1998 2043 consi-

392 2064 533 2116 lium
562 2063 769 2116 bonum
798 2062 1217 2134 optimumque?
1271 2060 1448 2127 Quare
1479 2069 1532 2115 et
1558 2062 1659 2133 qui
1680 2070 1843 2117 natus
1869 2063 1993 2127 fuit,

391 2154 509 2189 mas
538 2144 640 2188 est.

398 2256 559 2315 Quare
584 2258 739 2306 senior
756 2257 917 2319 filium
942 2269 1104 2308 natum
1131 2260 1447 2311 denominavit
1481 2261 1612 2325 „Ex
1637 2270 1782 2325 patre
1817 2266 1996 2321 mso“,·

526 2326 679 2374 iunior
706 2334 859 2374 autem
888 2324 1009 2374 dixit
1043 2326 1315 2391 „Amman,
1345 2330 1486 2390 filius
1516 2330 1705 2394 yeneris
1735 2330 1898 2377 mei“?
1954 2340 1997 2377 et

526 2392 584 2441 de
613 2392 769 2456 primo
796 2392 969 2441 dictum
996 2402 1092 2441 est.-
1151 2394 1298 2456 „Iste
1327 2406 1395 2445 est
1415 2407 1562 2461 pater
1585 2395 1918 2447 Moabitarum
1936 2400 1994 2457 “,·

528 2460 585 2507 de
610 2460 811 2508 secundo
836 2476 976 2507 vero:
1030 2459 1178 2521 „Hic
1201 2471 1348 2525 pater
1369 2463 1740 2513 Ammonitarum
1773 2466 1844 2527 (s.
1884 2464 1996 2511 Am-

524 2527 837 2589 monitarum)
874 2542 1018 2589 usque
1055 2526 1106 2573 in
1141 2527 1414 2577 hodiernum
1450 2530 1650 2579 diem“?
1692 2532 1799 2593 (19,
1841 2536 1903 2580 37
1928 2533 1994 2591 s.)

503 2630 589 2679 58.
630 2624 1092 2698 Quandoquidem
1111 2628 1210 2699 qui
1231 2629 1460 2699 cogitat,
1495 2631 1810 2686 intellectus
1831 2649 1999 2687 voca-

390 2708 480 2750 tur
518 2710 571 2753 et
609 2700 867 2772 cogitatio
908 2701 1168 2774 dirigitur
1205 2701 1276 2757 ad
1315 2702 1456 2757 bene
1504 2706 1992 2775 considerandum,
