2125 3084
139 179 368 249 [11‚384.]
479 184 560 228 IN
603 184 962 230 GENESIN.
1004 186 1257 231 SERMO
1295 189 1387 235 IV.
1650 186 1750 239 207

147 289 248 350 ait,
289 282 398 340 tibi
425 290 594 338 totam
622 280 990 339 substantiam
1015 292 1290 340 terrenam
1318 304 1380 341 ac
1414 291 1750 359 corporalem

145 370 427 430 tamquam
447 358 692 429 principi
710 358 964 413 subditos
985 376 1201 429 servos;
1247 361 1373 415 volo
1399 363 1548 415 enim
1569 372 1621 417 te
1640 382 1748 419 non

145 442 478 507 proventum
497 432 760 505 col-ligere
781 450 884 487 nec
903 434 1174 489 tributum
1194 436 1419 507 exigere
1434 476 1446 499 ,
1480 452 1621 507 quae
1642 440 1750 492 im-

144 509 548 565 moderationes
595 508 999 579 aviditatesque
1046 510 1378 581 cupidinum
1424 508 1743 575 decernunt,

147 584 243 639 sed
262 583 414 655 regis
435 598 586 643 more
607 581 806 638 ducem
825 600 888 637 ac
905 584 1218 656 principem
1240 601 1361 641 esse
1376 624 1389 648 ‚
1422 584 1624 640 ducere
1648 603 1749 656 po—

143 661 252 714 tius
270 674 440 730 quam
457 657 686 730 portari.

215 812 348 872 Quid
381 823 451 863 est
487 812 888 877 „Benedicentur
920 812 970 863 in
1003 815 1175 863 semine
1216 823 1293 864 tuo
1334 830 1491 865 omnes
1517 824 1681 879 qentes

751 882 984 930 terrae“?
1022 882 1141 945 (ib.)

227 977 236 985 ”
261 984 378 1035 183.
429 982 632 1036 Littera
659 988 772 1035 tam
801 979 1105 1053 symbolica
1134 998 1300 1052 quam
1330 982 1621 1037 manifesta
1641 992 1742 1039 est.

140 1056 492 1111 Ad‘mentem
510 1072 640 1111 vero
662 1055 955 1127 allegorice
974 1056 1056 1110 sic
1088 1058 1296 1127 accipe.
1376 1056 1578 1112 Omnes
1608 1075 1747 1131 gen-

135 1140 222 1186 tes
262 1131 411 1185 imae
447 1130 618 1185 huius
654 1138 829 1185 terrae
865 1138 995 1185 sunt
1021 1131 1083 1185 in
1110 1131 1270 1186 nobis
1300 1139 1352 1186 et
1378 1132 1589 1205 singuli
1618 1150 1747 1187 sen-

135 1222 342 1268 suum,
385 1205 484 1275 qui
512 1213 811 1276 utcumque
837 1214 992 1268 sunt,
1034 1206 1093 1259 in
1124 1206 1373 1278 singulas
1411 1206 1744 1279 cupiditates

137 1276 515 1335 coalescunt.'
577 1280 830 1335 Meliores
871 1296 1000 1353 ergo
1037 1280 1132 1334 isti
1168 1280 1333 1345 fiunt,
1392 1281 1615 1352 quando
1654 1299 1745 1337 se-

135 1361 396 1427 quuntur
431 1353 594 1407 talem
630 1353 997 1425 praefectum,
1063 1362 1329 1411 rectorem
1373 1364 1737 1428 tutoremque,

137 1430 235 1501 qui
259 1429 340 1483 sit
357 1430 511 1483 iuxta
528 1437 744 1499 poetam
761 1431 972 1497 Duplici
989 1433 1130 1494 dote,
1159 1448 1258 1485 rem
1278 1436 1621 1502 optimusque,
1639 1450 1743 1500 pu-

137 1686 362 1724 omnem
384 1684 611 1723 censum
632 1676 909 1723 terrenum
925 1710 938 1733 ‚
977 1679 1038 1725 ut
1063 1671 1437 1742 principatum
1464 1669 1743 1739 quendam

104 1779 120 1789 -
137 1744 478 1799 subiectum.
561 1743 692 1799 Volo
711 1744 860 1798 enim
879 1752 933 1797 te
953 1762 1060 1799 non
1082 1762 1153 1799 ex
1170 1745 1274 1799 hac
1294 1760 1426 1813 opes
1445 1740 1632 1796 flatare
1652 1742 1744 1797 vel

138 1818 368 1873 foenora
395 1818 616 1889 exigere
631 1858 643 1881 ‚
689 1834 759 1872 ex
792 1818 1215 1890 intemperantia
1251 1818 1513 1870 vitiorum
1553 1815 1747 1884 acqui-

135 1894 278 1955 sita,
337 1891 435 1946 sed
484 1891 600 1946 loco
621 1918 626 1925 ·
645 1892 992 1963 imperatoris
1036 1890 1443 1962 praesidentem
1484 1889 1745 1944 universa

136 1968 396 2022 subiecta
433 1966 636 2021 habere
671 1967 882 2021 nemini
922 1965 1251 2021 subiectum.
1350 1982 1355 1985 ·

235 2138 371 2196 Quid
405 2149 472 2189 est
505 2139 906 2203 „Benedicentur
939 2140 990 2189 in
1025 2138 1209 2188 nomine
1244 2147 1323 2187 tuo
1361 2152 1515 2187 omnes
1549 2150 1661 2199 qen-

769 2217 838 2257 tes
873 2208 1111 2257 terrae“?

263 2328 380 2379 ⁴83.
438 2325 615 2380 Pensa
649 2323 1018 2379 declaratione
1055 2324 1191 2380 dicti
1230 2323 1545 2379 intellectus
1591 2317 1751 2372 altior

137 2398 474 2454 huiusmodi
510 2408 619 2455 est:
678 2398 882 2453 Omnes
921 2407 1113 2471 gentes
1152 2400 1358 2471 figuras
1392 2410 1514 2450 esse
1547 2391 1751 2447 terreni

139 2474 393 2545 corporis
419 2475 620 2537 nostri,
660 2489 900 2544 quorum
923 2490 1024 2544 per
1041 2471 1293 2547 singulos
1312 2486 1511 2525 sensus
1529 2466 1751 2539 singula

139 2550 283 2604 vitia
319 2555 648 2616 nascuntur;
709 2547 1067 2603 meliorantur
1106 2565 1235 2603 vero
1271 2545 1519 2600 sobrium
1563 2542 1753 2596 sortita

141 2622 465 2693 praesidem
479 2664 492 2687 ‚
521 2629 757 2693 utraque
778 2628 923 2677 recte
943 2631 1225 2695 regentem
1244 2617 1553 2675 secundum
1572 2617 1752 2671 Poeti-

142 2714 274 2753 cum
297 2714 550 2753 carmen:
593 2696 706 2751 Rex
727 2700 988 2752 benivolus
1006 2701 1206 2766 artifem
1226 2704 1319 2751 est.
1385 2693 1551 2749 Fiunt
1572 2700 1753 2748 autem
