2125 3084
158 155 228 220 [ι,
258 153 357 220 εει]
440 158 540 204 DE
577 157 1124 206 PRovaN‘nA
1161 159 1417 206 sunno
1453 161 1514 206 11.
1713 152 1780 205 87

160 260 445 333 positioni
466 275 689 314 causam
701 255 882 313 fuisse
905 265 1086 330 putet,
1130 258 1230 312 sed
1259 259 1600 314 solummodo
1626 241 1784 330 prin-

163 337 366 408 cipem
394 334 650 407 opificem
677 333 1031 388 considerans
1061 332 1223 387 illum
1254 333 1514 388 laudibus
1544 333 1784 390 celebret

164 417 405 483 propter
444 408 774 482 sapientiam
815 408 1242 480 intelligentiae,
1284 416 1556 479 quatenus
1591 407 1783 466 ordine

166 485 425 558 quodam
445 485 762 540 harmonico
782 483 1033 556 singulas
1054 500 1242 537 earum
1263 483 1620 538 ordinaverit.

293 595 381 650 64.
434 595 515 649 Tu
546 601 727 648 autem
758 592 1098 656 haesitabaS,
1140 609 1310 664 quare
1338 593 1786 649 nimirum-tanta

170 670 266 724 vis
288 686 398 725 non
418 669 679 740 potabilis
702 685 875 740 aquae
898 667 1102 722 diffusa
1123 666 1232 722 sit‘?
1290 665 1636 740 Superfluam
1657 669 1786 722 nul-

171 745 329 800 lam
313 745 567 800 invenias
589 752 815 799 naturae
840 741 915 818 [Ἵ
935 750 1174 815 partem,
1196 759 1229 797 o
1249 741 1586 808 Alexander,
1616 744 1667 796 si
1687 753 1786 798 ve-

174 819 249 874 lis
281 837 385 892 per
411 828 464 874 te
492 821 676 949 ifisum
717 819 1075 891 investigare.
1155 816 1613 889 Quandoquidem
1651 817 1785 871 dili-

171 896 365 968 gentis
396 895 508 949 inte
534 895 709 950 lectus
744 911 852 948 non
884 911 943 948 es
972 907 1170 964 expers
1201 901 1253 947 et
1283 893 1352 946 ab
1392 893 1517 946 aliis
1559 891 1784 947 edoctus

176 969 253 1024 ad
276 971 449 1024 instar
482 987 669 1026 eorum
684 1011 697 1035 ,
739 970 839 1040 qui
858 969 1262 1042 perlustrarunt
1280 969 1428 1023 viam
1450 969 1779 1038 sapientiae:

174 1061 323 1117 quos
345 1053 400 1099 et
418 1061 515 1100 nos
536 1046 822 1116 sequimur
837 1086 849 1108 ,
892 1045 1097 1116 assueti
1125 1042 1327 1098 habere
1347 1043 1517 1098 verba
1540 1042 1606 1097 ad
1629 1043 1786 1096 infir-

176 1136 303 1174 mos
325 1117 732 1194 (inconstantes),
806 1120 1010 1176 Verum
1033 1118 1360 1174 inexhausta
1381 1118 1786 1190 quodammodo

178 1213 255 1251 ex
294 1193 442 1248 fonte
482 1197 782 1268 sapientiae
818 1193 1124 1250 hauriendo
1153 1193 1500 1248 auditoribus
1529 1193 1784 1250 discendi

154 1332 160 1339 ,
178 1269 371 1327 studio
393 1269 712 1326 ardentibus
731 1271 855 1325 istis
876 1269 1194 1324 satisfacere
1211 1278 1584 1342 procurantes,
1611 1270 1786 1323 maio-

177 1363 239 1400 ra
274 1345 521 1418 aggressi
550 1354 677 1401 sunt
705 1347 925 1419 negotia
958 1347 1102 1400 inter
1139 1363 1199 1406 se
1237 1346 1478 1401 invicem
1515 1362 1780 1400 connexa.

181 1420 312 1476 Ideo
361 1419 555 1476 dicunt
602 1429 891 1478 extensum
930 1437 1081 1475 mare
1122 1419 1406 1475 hominum
1447 1420 1804 1491 deorumque·

182 1495 489 1552 commodo.
567 1497 684 1552 Diis
706 1497 855 1551 enim
876 1497 952 1551 ita
982 1496 1095 1551 fere
1125 1496 1378 1551 adornari
1407 1496 1626 1552 dicunt:
1689 1495 1781 1551 Sol

183 1589 351 1643 quem
371 1572 625 1627 nonnulli
647 1578 911 1626 rectorem
932 1589 1052 1626 esse
1074 1571 1360 1636 dixerunt,
1403 1589 1465 1628 eo
1495 1572 1644 1643 quod
1674 1571 1786 1626 lar-

183 1647 333 1719 gitur
352 1647 693 1711 necessaria,
717 1664 788 1701 ex
806 1649 963 1712 mari,
986 1648 1266 1719 inquiunt,
1292 1649 1549 1718 nutritur,
1574 1647 1784 1719 quippe

184 1721 607 1792 purgatissimas
637 1729 819 1791 partes
846 1722 1066 1776 humidi
1097 1723 1354 1779 elementi
1384 1720 1452 1776 ad
1482 1739 1540 1776 se
1561 1720 1782 1776 trahens

185 1795 388 1850 sorbet.
465 1795 569 1850 Pro
599 1794 808 1850 indicio
832 1797 906 1852 sit
931 1806 1148 1868 praeter
1179 1798 1312 1860 alia,
1355 1794 1505 1866 quod
1535 1813 1633 1866 per
1653 1795 1784 1848 anni

185 1876 535 1941 tempestates
554 1870 613 1924 in
641 1872 971 1926 contrarium
999 1872 1177 1927 tendit
1205 1887 1398 1926 cursus
1427 1870 1649 1932 solariS,
1693 1886 1785 1922 ae-

189 1954 325 2000 state
343 1961 444 2017 per
464 1945 760 2010 Cancrum,
787 1955 840 2002 et
860 1948 1043 2002 hieme
1062 1965 1163 2019 per
1183 1946 1594 2017 Capricornum.
1645 1945 1785 1998 Nam

190 2020 687 2078 circumambulans
726 1987 819 2078 S’ol
862 2032 1108 2078 aeternos
1148 2020 1274 2077 illos
1324 2021 1584 2074 terminos
1632 2017 1784 2072 haud

190 2096 607 2169 transgreditur.
684 2098 795 2153 Et
780 2116 933 2186 ipsae
962 2114 1184 2169 quoque
1205 2096 1446 2151 nutrices
1469 2093 1610 2148 fixae
1630 2093 1786 2165 (stel-

192 2172 295 2245 lae)
332 2172 675 2237 nutriuntur‚
720 2190 793 2228 ex
832 2176 952 2228 aere
989 2180 1280 2244 purgatam
1317 2170 1388 2224 ad
1419 2187 1481 2224 se
1505 2168 1782 2225 trabentes

192 2246 599 2312 humiditatem,
625 2249 775 2320 quod
795 2251 869 2303 ita
889 2245 1215 2320 probant*);
1268 2247 1473 2301 etenim
1491 2242 1783 2316 paululum

193 2322 365 2395 ipsius
381 2322 627 2378 humoris
648 2325 804 2380 nullo
824 2324 987 2379 modo
1008 2323 1345 2394 permixtum
1357 2320 1622 2376 constanti
1638 2319 1777 2391 lege,

192 2397 295 2454 sub
314 2415 502 2454 aurora
522 2399 728 2471 iugiter
748 2398 994 2472 frigens
978 2417 1038 2454 lu
1058 2407 1258 2452 terram
1278 2397 1592 2459 remittitur,
1609 2411 1783 2466 aquae

194 2473 363 2530 colore
384 2483 604 2545 accepto
618 2515 631 2538 ,
657 2474 807 2546 quod
826 2491 915 2530 ros
936 2475 1220 2530 nominare
1241 2490 1358 2527 mos
1379 2480 1481 2527 est.
1507 2531 1520 2543 ‚

291 2613 333 2661 *)
376 2613 483 2653 Cod.
517 2615 700 2662 primum
734 2615 886 2653 habuit
919 2618 1162 2654 exaratum:
1208 2615 1377 2652 multum
1411 2615 1480 2652 est.
1547 2611 1628 2652 Sed
1663 2616 1782 2660 post-

195 2665 377 2756 ζιέιὲιιιιιιιιιιΑ
388 2665 540 2755 :gigas
583 2675 711 2704 manu
746 2665 965 2704 reductum
998 2667 1042 2704 in
1076 2664 1339 2712 manifestum
1372 2671 1450 2710 est,
1497 2668 1572 2704 aut
1603 2665 1782 2712 manite-
