2125 3084
118 188 202 251 [11,
234 180 353 248 358]
469 187 553 233 IN
592 187 948 233 GENEslN.
1002 190 1256 237 sEnmo
1293 194 1376 240 ιν.
1628 188 1716 241 Πι

124 294 252 353 Quid
296 305 367 345 est
418 294 540 359 „Et
583 294 715 345 dedit
765 294 1014 347 Abraham
1056 298 1301 360 universa,
1365 317 1486 363 quae
1538 302 1718 366 habuit,

248 364 428 413 Isaaco
451 362 567 424 filio
602 380 716 424 suo,·
781 373 827 413 et
848 364 977 424 filivs
1016 365 1381 415 concubinarum
1415 384 1604 419 auarum
1643 371 1722 420 de·

202 456 215 469 o
249 431 321 483 dit
355 447 553 481 munera
568 433 634 478 “2
686 435 793 495 (25,
816 434 925 494 5³.)
1711 480 1718 485 .

230 520 346 572 ⁴48.
398 516 818 571 Distinctionem
856 514 1023 570 refert
1052 524 1433 585 possessionum
1467 528 1523 575 et
1547 538 1723 577 mune-

119 610 257 658 rum,
290 600 404 647 tam
426 591 496 645 ad
517 590 783 654 litteram,
822 606 990 661 quam
1020 591 1092 645 ad
1120 600 1382 648 mentem.
1461 592 1548 648 Ad
1578 595 1725 651 litte-

120 685 249 732 ram,
273 668 411 739 quia
421 666 743 729 bonevitae,
767 667 975 736 quietis
995 683 1212 732 causae,
1241 676 1508 724 vocantur
1523 687 1726 738 possea-

116 750 279 797 siones
313 750 481 813 atque
514 740 790 811 quicquid
824 740 1023 796 stabile
1059 741 1289 797 firmiter
1322 743 1724 815 possidendum

116 820 239 884 erit3
284 834 508 871 munera
528 832 661 870 vero
682 815 823 869 dona
843 815 913 870 de
932 833 1101 871 manu
1115 858 1128 880 ,
1167 834 1406 888 quorum
1426 836 1564 874 usus
1585 828 1725 879 tem-

112 892 317 964 poralis
339 900 442 945 est.
522 889 610 945 Ad
632 898 871 945 mentem
891 900 1076 945 autem
1097 892 1438 948 substantiae
1459 888 1724 950 vocantur

111 982 357 1039 opesque
385 974 440 1020 et
468 966 849 1036 possessiones
865 1006 878 1029 ,
922 974 1266 1021 constructae
1293 967 1524 1024 firmiter
1547 970 1724 1025 virtu-

112 1052 188 1097 tes
211 1050 267 1097 et
286 1057 454 1113 opera
480 1039 791 1097 secundum
808 1041 1095 1095 virtutem.
1176 1041 1326 1108 Quae
1350 1061 1478 1099 vero
1498 1044 1722 1099 indiffe—

112 1118 287 1172 rentia
308 1123 441 1170 sunt
463 1123 625 1185 atque
646 1116 1015 1170 inconstantia
1030 1156 1043 1179 ,
1085 1115 1182 1170 illa
1202 1126 1332 1173 sunt
1353 1119 1496 1173 circa
1520 1136 1718 1190 corpus

111 1202 159 1246 et
179 1199 345 1246 extra
367 1206 591 1260 corpus;
632 1206 776 1261 quae
796 1208 997 1261 nempe
1020 1192 1238 1245 vocavit
1266 1209 1513 1248 munera.
1593 1194 1719 1249 Vir—

110 1275 297 1321 tutum
328 1265 515 1334 itaque
542 1282 909 1335 possessorem
948 1274 1290 1338 compertum
1330 1285 1450 1323 esse
1490 1268 1719 1324 demon-

110 1350 245 1397 strat
285 1339 595 1412 genuinum
642 1341 823 1395 filium
868 1342 1065 1396 Risum
1115 1340 1331 1414 (Isaac),
1401 1345 1500 1414 qui
1549 1362 1716 1415 supra

110 1432 301 1471 omnes
330 1423 558 1469 naturae
586 1432 674 1471 res
701 1416 957 1484 laetatur;
1002 1415 1378 1477 indifferentes
1399 1428 1582 1473 autem
1601 1419 1717 1475 Ab·-

110 1492 271 1546 rahae
292 1498 453 1545 natos
474 1506 545 1545 ex
564 1491 889 1545 concubinis
908 1490 1352 1547 indifferentibus
1373 1501 1536 1565 atque
1562 1495 1715 1550 indi-

109 1566 326 1621 stinctis
349 1563 595 1639 gaudere
615 1564 797 1621 bonis.
876 1563 1026 1621 Adeo
1046 1568 1340 1638 superabat
1359 1570 1509 1625 Isaac
1527 1571 1711 1642 proles

110 1640 575 1704 concubinarum,
628 1648 681 1694 et
709 1642 987 1711 possessio
1012 1658 1260 1696 munera.
1348 1642 1713 1708 Quamobrem

110 1716 316 1771 interea
345 1717 599 1770 Isaacum
628 1715 783 1769 velut
810 1724 981 1772 matre
1008 1725 1283 1771 carentem
1315 1716 1608 1781 describit,
1663 1729 1716 1773 et

111 1808 226 1855 eOS,
273 1792 375 1862 qui
406 1807 478 1845 ex
507 1789 835 1845 concubinis
864 1799 1043 1853 erant,
1087 1799 1241 1862 patre
1266 1800 1512 1846 carentes
1533 1802 1712 1847 vocat.

109 1866 195 1919 Illi
216 1882 349 1937 ergo
364 1907 376 1930 ,
422 1866 523 1937 qui
544 1864 839 1921 concordes
862 1874 1015 1920 erant
1041 1866 1100 1919 in
1122 1865 1296 1936 patria
1317 1874 1506 1936 gente,
1551 1867 1716 1918 etiam

112 1940 344 1995 masculi
374 1941 491 1995 nati
522 1940 740 2012 (nomen
774 1939 1127 2011 sortiuntur);
1183 1955 1378 1993 verum
1417 1938 1501 1993 illi
1542 1938 1711 2012 (ipsi),

110 2017 239 2086 quia
268 2014 533 2087 (alienam
561 2016 911 2088 participant)
949 2014 1248 2069 femineam
1286 2013 1488 2067 lineam
1526 2016 1714 2087 pravis

110 2091 360 2161 prolibus
390 2090 750 2163 gaudentem,
794 2098 941 2145 certo
970 2090 1174 2145 certius
1210 2090 1445 2145 vocandi
1473 2100 1603 2145 sunt
1633 2090 1715 2145 fe-

110 2166 291 2221 minae
320 2165 615 2229 vecordes,
658 2182 722 2221 eo
755 2165 906 2236 quod
941 2165 1013 2219 ob
1053 2165 1265 2219 minora
1301 2165 1398 2221 illa
1433 2174 1713 2239 tamquam

108 2242 344 2296 maiores
362 2240 493 2313 (sibi
514 2240 644 2313 ipsi)
667 2240 1017 2295 admirationi
1038 2248 1168 2303 sunt
1177 2239 1252 2312 *).

112 2348 180 2413 [Ἴ
227 2346 393 2405 Quare
431 2348 612 2398 alienos
649 2356 789 2397 natos
822 2348 1088 2398 muneribus
1122 2348 1250 2403 datis
1285 2346 1476 2397 dimittit
1512 2348 1574 2394 ab
1607 2346 1713 2395 Isa-

241 2432 303 2464 ac
332 2415 447 2477 filio
494 2432 605 2478 auo,
663 2432 803 2479 quum
849 2415 1005 2465 adhuc
1043 2416 1146 2480 ipse
1188 2416 1384 2475 viveret,
1441 2413 1492 2461 in
1541 2422 1714 2461 terram

238 2482 471 2532 orientis?
506 2484 615 2547 (25,
639 2483 715 2543 6.)

221 2568 339 2620 ⁴49.
373 2566 591 2649 ‚Littera
620 2565 851 2622 evidens
882 2574 983 2621 est.
1060 2564 1148 2620 Ad
1176 2570 1417 2619 mentem
1444 2579 1573 2617 vero
1595 2562 1714 2617 vult

202 2691 247 2736 ¹¹)
286 2692 561 2742 Quamquam
586 2695 709 2733 uncis
735 2694 877 2742 aliqua.
902 2692 1057 2738 adieci,
1085 2700 1166 2729 nec
1191 2690 1255 2729 ita
1278 2690 1422 2729 tamen
1448 2699 1516 2727 mo
1543 2698 1715 2727 sensum

108 2751 249 2783 verum
272 2745 539 2793 expressisse
558 2744 738 2784 confido.
791 2742 951 2782 Auch.
