2125 3084
184 188 247 255 sl,
271 186 363 253 94]
444 192 544 249 DE
582 192 1130 241 PROVIDENTIA
1167 194 1420 239 SERMO
1457 194 1520 239 11.
1707 186 1768 239 91

184 310 312 349 nem
351 292 535 349 dicere
573 292 632 347 in
672 290 1019 348 commodum
1059 292 1343 347 hominum
1387 292 1557 347 factas
1603 292 1776 347 fuisse

184 383 366 425 nonne
413 367 785 439 superbientis
824 367 1061 423 nimium
1100 367 1270 421 animi
1307 365 1427 421 est?
1493 366 1776 421 Rationem

183 444 335 499 enim
354 444 584 498 istarum
606 458 736 513 prae
754 458 815 496 se
835 438 1017 497 ferunt
1036 441 1392 513 indicantque
1419 442 1626 495 aestiva
1655 440 1778 495 hie-

185 518 487 589 malisque,
526 534 627 588 per
652 533 793 587 quas
810 516 904 573 Sol
934 516 1131 580 fertur,
1171 515 1436 587 sphaerae
1457 513 1773 579 variabiles,

182 592 494 665 imparibus
524 590 889 657 sectionibus,
932 591 1214 646 horizonte
1246 590 1542 647 definiente
1563 598 1777 646 utrum-

182 684 295 740 que
330 665 819 738 hemisphaerium.
900 668 1190 721 Testantur
1225 674 1408 722 autem
1446 681 1777 737 magnopere

182 742 529 814 providentia
576 740 893 796 destitutam
940 741 1323 797 necessitatem
1365 740 1592 811 eclipsis
1631 738 1778 794 Solis

184 816 530 888 defectioque
551 815 779 871 luminis
800 817 985 870 Lunae
1005 846 1084 857 —
1100 832 1228 870 nam
1247 817 1386 871 istae
1411 815 1778 871 utilitatemne

182 890 417 947 afferunt
444 891 631 1019 {eneti
662 889 881 947 nostro?
907 920 983 931 —
1010 906 1184 961 quum
1215 889 1402 947 adsint
1440 889 1778 961 multiplices

182 982 383 1022 causae
414 982 443 1020 a
485 964 787 1021 ducendae.
866 964 959 1020 Sol
989 966 1139 1019 enim
1165 963 1376 1030 deficit,
1410 965 1564 1020 Luna
1585 964 1691 1019 sub
1713 980 1778 1018 eo

178 1042 419 1097 intrante
440 1040 838 1095 coniunctionis
858 1048 1100 1113 tempore
1114 1081 1128 1103 ‚
1159 1056 1334 1111 quum
1355 1039 1580 1095 advenit
1605 1040 1778 1093 inter-

184 1118 401 1171 lunium
430 1114 520 1170 vel
551 1116 924 1182 novilunium3
987 1114 1212 1187 eclipsis
1239 1131 1367 1170 vero
1387 1116 1571 1169 Lunae
1602 1113 1777 1169 laten-

181 1193 256 1245 tis
287 1190 395 1245 sub
422 1189 617 1244 umbra
642 1198 841 1255 terrae,
884 1188 1106 1262 quando
1125 1197 1235 1247 tres
1255 1189 1342 1245 illi
1361 1188 1515 1263 globi
1536 1188 1605 1244 ad
1626 1188 1780 1243 invi-

184 1282 304 1321 cem
324 1273 453 1320 sunt
472 1282 543 1320 ex
563 1262 845 1320 diametro.

296 1391 382 1447 72.
420 1390 626 1445 Pauo.
656 1390 896 1455 Sustine,
922 1408 1030 1446 non
1051 1391 1200 1447 enim
1219 1392 1440 1447 nescius
1459 1406 1601 1454 sum,
1625 1388 1776 1460 quod

180 1467 282 1530 iis,
324 1466 424 1539 qui
455 1474 638 1521 amant
664 1464 918 1538 obloqui,
961 1466 1304 1522 abundantes
1332 1465 1586 1523 caelestia
1615 1464 1777 1520 exhi-

180 1541 315 1595 bent
354 1541 718 1597 accusationis
757 1558 951 1595 causas
987 1558 1049 1595 ac
1089 1542 1348 1615 difficiles
1384 1542 1455 1597 ad
1483 1540 1771 1597 tuendum.

182 1616 570 1671 Verumtamen
600 1632 671 1671 ex
701 1615 941 1671 humana
967 1617 1346 1674 imbecillitate
1368 1633 1558 1671 ansam
1581 1632 1777 1687 capere

181 1690 523 1743 accusandae
542 1689 853 1744 divinitatis
872 1691 1112 1745 maxime
1141 1693 1398 1763 iniquum
1425 1700 1525 1745 est.
1603 1690 1776 1744 Deum

182 1763 335 1819 enim
362 1765 506 1818 sicut
532 1770 827 1817 creatorem
848 1770 1168 1835 patremque
1189 1764 1345 1819 decet
1364 1766 1506 1819 scire
1524 1763 1776 1834 singulo-

181 1853 309 1893 rum
327 1838 591 1891 rationem
610 1852 795 1890 veram
809 1877 823 1900 ‚
847 1837 1158 1891 mortalium
1177 1854 1308 1893 vero
1327 1838 1604 1892 neminem
1625 1852 1776 1890 asse-

181 1912 283 1985 qui
302 1910 707 1985 physiologiam
721 1952 733 1974 ,
765 1911 1025 1980 quoniam
1051 1919 1106 1965 et
1119 1910 1272 1966 istud
1292 1911 1360 1966 ad
1379 1910 1629 1971 ordinem
1647 1926 1776 1981 spe-

182 1994 314 2043 ctat.
390 1986 579 2057 Itaque
606 1984 1048 2057 probabilitatem
1079 1987 1404 2058 attingentes
1419 2027 1433 2049 ,
1475 1984 1774 2055 responde-

181 2064 371 2117 bimus
392 2060 750 2132 subreptitiae
770 2061 904 2118 huic
932 2060 1294 2115 accusationi:
1357 2067 1408 2115 et
1433 2060 1676 2132 primum
1704 2058 1772 2113 de

184 2153 295 2192 non
321 2137 566 2191 erraticis
598 2134 825 2209 (astris),
868 2152 939 2191 ex
955 2135 1163 2206 quibus
1182 2151 1380 2208 nempe
1400 2142 1452 2190 et
1470 2143 1530 2190 tu
1551 2134 1774 2189 initium

183 2212 387 2267 ducere
405 2212 561 2267 visus
582 2228 661 2267 οε.

296 2338 382 2391 73.
424 2336 733 2393 Notandum
752 2352 899 2410 ergo,
922 2334 1073 2407 quod
1093 2334 1261 2391 Fixae
1281 2337 1339 2390 in
1359 2352 1522 2391 causa
1542 2341 1670 2389 sunt
1690 2342 1772 2389 et-

181 2415 295 2468 iam
304 2413 696 2485 temperantiae
706 2412 863 2476 aeris,
888 2411 1021 2483 quia
1040 2418 1234 2466 natura
1252 2419 1380 2466 sunt
1399 2410 1603 2485 frigida
1621 2426 1773 2465 com-

180 2488 420 2561 positae,
462 2487 531 2542 de
554 2504 613 2543 se
633 2486 927 2559 liquefacta
949 2484 1291 2551 diffundunt,
1335 2495 1390 2542 et
1415 2486 1518 2541 iste
1540 2484 1668 2558 (ae‘r)
1688 2482 1766 2615 ἴ]

183 2562 443 2618 dilatatus
472 2578 636 2618 causa
666 2562 904 2617 efficitur
933 2561 1266 2617 animalibus
1291 2562 1658 2634 generationis
1712 2578 1771 2616 a-

180 2638 437 2704 ciendae.‚
480 2640 624 2693 sicut
653 2640 817 2695 etiam
845 2638 955 2693 iam
983 2635 1142 2693 factis
1173 2636 1354 2711 (natis)
1393 2637 1769 2710 respirationis

22 2689 25 2712 ²
110 2704 119 2717 '
188 2730 347 2769 causa
380 2718 737 2787 comperitur:
799 2714 867 2770 ad
897 2712 1259 2770 subtilitatem
1287 2715 1436 2770 enim
1455 2710 1772 2787 cooperatur
