2125 3084
357 160 460 217 234

355 283 556 335 Musica
567 281 956 344 encyclopaedis
965 280 1010 339 Ι,
1023 284 1138 327 521.
1173 279 1392 328 Naturae
1440 278 1691 340 quaedam
1735 281 1980 345 incorpo-

1238 360 1357 395 reae
1393 346 1595 395 homine
1622 348 1771 409 prius
1802 352 1977 399 condi·

1239 421 1321 461 tae
1338 413 1381 471 I,
1402 418 1484 461 84.
1505 414 1677 462 bonae
1695 423 1793 464 aut
1808 418 1973 465 malae

1240 481 1303 528 ab
1330 481 1473 528 initio
1496 480 1541 539 I,
1567 486 1683 529 102.
1712 488 1835 532 108.
1864 489 1973 531 164.

1240 548 1545 596 excellentes
1616 550 1723 597 cito
1798 552 1973 613 digno-

1240 622 1447 663 scuntur
1469 615 1539 675 Π,
1563 619 1649 663 58.
1672 620 1763 665 90.
1794 618 1971 666 beatae

423 350 658 401 coelestis
681 349 724 409 1,
751 354 828 397 18.
849 352 963 397 625.
989 352 1103 395 626.

355 418 540 468 Mutuo
551 417 668 465 data
679 416 932 465 reddenda
937 414 1008 473 11,
1021 419 1113 462 841
1124 448 1137 461 .

357 486 624 549 Hysteris„
653 497 836 547 magns
859 488 910 530 et
923 496 1080 544 parva
1094 480 1137 539 Ι,

427 556 541 601 174.
559 551 630 611 11,
653 554 733 599 70.
763 564 866 599 non
883 548 1140 611 divulgan-

425 621 491 668 ds
506 620 549 677 Ι,
575 620 685 666 147.
723 631 790 665 ex
807 616 1139 665 absconsione

425 684 764 735 erubescenda
781 684 851 744 11,
873 688 987 733 260.
1019 698 1139 747 qua-

425 755 500 803 les
535 754 598 801 iis
629 752 887 801 initiantur
919 750 988 811 11,
1021 755 1135 799 261.

427 824 543 869 447.

712 884 762 935 N

356 954 558 1005 Nschor
575 954 700 1003 duas
717 920 870 1003 hebet
885 952 1136 1011 mulieres,

423 1036 636 1071 uxorem
655 1028 706 1071 et
721 1021 952 1085 pellicem
963 1021 1005 1081 1,
1019 1024 1135 1067 525.

427 1094 542 1138 526.

355 1154 530 1206 Nadab
547 1154 888 1215 voluntariusL
901 1159 1013 1203 462.
1035 1152 1137 1201 Na·

423 1224 520 1271 dab
547 1230 600 1271 ot
625 1222 793 1271 Abilm
827 1223 871 1283 1,
903 1226 980 1271 76.
1011 1224 1136 1281 517;

421 1291 690 1339 morientes
711 1291 883 1338 vivunt
898 1290 941 1349 Ι,
965 1292 1080 1337 555.

355 1355 486 1407 Naid
523 1356 764 1405 commotio
799 1357 842 1416 1,
877 1360 990 1404 140.
1019 1360 1137 1404 280.

713 163 960 209 INDEX
995 160 1522 208 nANGEYANUS
1558 162 1597 207 1.

1240 696 1489 743 quaenam
1510 682 1581 741 Π,
1604 688 1727 731 659.

1173 748 1513 811 Navigationis
1556 755 1841 813 tempestas
1884 766 1968 814 op-

1236 824 1453 881 portuna
1468 816 1538 875 H,
1554 821 1674 865 548.
1700 819 1815 867 eius
1836 834 1965 867 eom-

1236 884 1389 932 moda
1408 883 1478 943 11,
1500 887 1618 932 651.

1172 950 1371 999 Nebrod
1389 950 1532 1013 gigas
1549 951 1591 1011 Ι,
1616 956 1737 1000 272.

1172 1018 1403 1081 Nephtali
1422 1017 1465 1075 I,
1488 1022 1604 1065 664.

1172 1084 1308 1133 Nihil
1326 1099 1393 1133 ex
1410 1085 1567 1132 nihilo
1589 1084 1661 1145 Π,
1684 1090 1807 1135 488.

1170 1152 1315 1201 Nilus
1344 1152 1631 1214 Aegyptum
1670 1154 1887 1202 inundat
1914 1154 1949 1211 Ι,

1241 1223 1352 1269 578.
1402 1226 1455 1267 et
1488 1219 1731 1269 fecundat
1765 1221 1839 1281 11,
1876 1226 1948 1269 98.

1240 1289 1347 1336 eius
1382 1288 1813 1337 incrementorum
1848 1303 1950 1337 eeu-

1235 1370 1325 1403 ·sae
1352 1354 1417 1403 ib.

421 1437 488 1471 ex
517 1424 725 1471 adverso
752 1423 914 1471 Edem
947 1421 990 1481 1,
1019 1428 1137 1471 282.
1173 1421 1418 1471 Nobilitas
1436 1436 1555 1470 vera
1571 1423 1752 1471 mentis
1776 1437 1948 1485 purga·

353 1489 543 1539 Natura
561 1490 904 1537 universorum
917 1503 1140 1537 commu-

419 1557 497 1604 nis
512 1570 693 1618 parens
704 1556 772 1614 11,
788 1557 898 1604 187.
922 1557 1139 1618 adplen-

419 1630 498 1673 tas
525 1637 580 1672 se
605 1623 830 1671 extendit
855 1623 899 1683 Ι,
931 1626 1011 1671 71.
1066 1624 1136 1683 11,

423 1696 540 1740 606.
593 1691 791 1739 initium
829 1696 881 1739 et
911 1689 1028 1740 finis
1063 1692 1139 1739 di-

425 1760 598 1809 scendi
616 1760 659 1820 1,
677 1760 790 1807 572.
811 1759 1137 1808 institutionis

425 1829 768 1890 cuiuscunque
845 1827 1138 1877 fundamen-

421 1904 531 1944 tum
565 1896 610 1957 1,
639 1900 754 1945 610.
799 1895 908 1943 sine
943 1894 1138 1943 institu-

421 1964 562 2013 tione
587 1970 640 2011 et
665 1962 1020 2012 exercitatione
1046 1962 1138 2009 im-

1237 1490 1374 1539 tione
1394 1496 1647 1551 spectatur
1660 1490 1728 1549 H,
1752 1494 1869 1537 438.
1904 1496 1949 1538 et

1236 1557 1485 1606 maiorum
1548 1556 1821 1605 imitatione
1882 1557 1944 1604 ib.

1236 1624 1431 1673 virtutis
1500 1624 1818 1683 possessione
1876 1622 1943 1683 Π,

1238 1697 1355 1741 439.
1391 1692 1613 1754 indignis
1631 1706 1736 1741 non
1750 1692 1943 1755 prodest

1237 1759 1309 1819 Π,
1318 1764 1436 1808 441.
1464 1774 1569 1807 non
1584 1774 1677 1822 per
1696 1774 1753 1809 se
1770 1760 1943 1808 bonum

1236 1826 1519 1890 perfectum
1537 1826 1607 1886 Π,
1628 1832 1749 1876 866.
1787 1843 1818 1876 a
1834 1842 1942 1875 non-

1238 1895 1389 1943 nullis
1408 1894 1619 1942 nimimn
1634 1895 1869 1945 laudatur
1883 1894 1939 1951 11,

419 2030 644 2094 perfecta
665 2029 734 2090 11,
755 2035 801 2078 9.
824 2035 941 2078 418.
979 2029 1137 2077 homi·
1170 2027 1345 2077 Noctis
1364 2029 1553 2077 utilitas
1575 2028 1645 2089 Π,
1668 2033 1788 2077 288.

421 2096 500 2146 nis
519 2110 734 2145 noverca
753 2096 795 2156 Ι,
817 2101 932 2146 256.
962 2095 1136 2159 paucis
1169 2095 1305 2156 Noe,
1336 2111 1402 2145 ex
1420 2104 1584 2159 etymo
1612 2096 1747 2159 quies
1770 2097 1815 2156 Ι,
1841 2102 1937 2145 102.

421 2171 657 2213 contenta
678 2164 721 2223 Ι,
743 2166 858 2212 685.
881 2168 998 2213 665.
1017 2164 1133 2213 667.

421 2233 470 2281 ei
519 2246 626 2280 non
679 2231 1041 2279 adversandum
1090 2229 1132 2290 1,

427 2304 540 2349 185.
592 2302 702 2347 186.
769 2298 837 2357 Π,
885 2304 968 2347 28.
1017 2302 1132 2349 653.

421 2373 756 2416 consentanee
793 2366 841 2415 ei
871 2366 1135 2415 vivendum

418 2434 461 2493 1,
485 2437 601 2483 887.
622 2438 738 2482 456.
771 2434 879 2482 eius
898 2434 1034 2496 leges
1057 2446 1134 2481 se-

421 2502 508 2561 qui
548 2502 865 2549 ntilissimum
908 2500 977 2560 H,
1015 2502 1130 2548 286.

419 2566 526 2611 eius
563 2566 650 2613 lex
685 2567 1034 2628 antiquissima
1059 2566 1130 2625 11,

417 2634 464 2676 2.
493 2630 600 2677 eius
622 2640 922 2681 scrutatores
939 2633 1132 2680 fodien-

417 2692 547 2737 tibus
564 2703 746 2753 puteos
759 2699 946 2747 similes
954 2699 995 2760 Ι,
1009 2704 1127 2747 841.

1238 2168 1353 2213 214.
1372 2164 1443 2223 11,
1465 2169 1511 2211 5.
1533 2164 1702 2212 Iustus
1720 2164 1881 2226 primo
1896 2166 1937 2211 in

1236 2232 1391 2280 sacris
1414 2232 1569 2279 literis
1588 2232 1753 2280 dictus
1772 2232 1817 2292 1,
1838 2236 1935 2279 532.

1234 2298 1305 2358 Π,
1339 2303 1385 2346 5.
1425 2299 1766 2361 generationis
1792 2300 1935 2347 malae

1232 2366 1465 2425 ultimus,
1516 2366 1681 2415 bonae
1717 2368 1934 2429 princeps

1233 2432 1301 2493 11,
1326 2438 1442 2481 411.
1469 2433 1673 2481 alterins
1690 2434 1935 2483 hominum

1236 2500 1424 2549 sobolis
1456 2501 1691 2564 princeps
1724 2502 1796 2561 11,
1836 2506 1930 2551 144.

1232 2566 1483 2630 perfectus
1510 2567 1625 2615 Deo
1660 2568 1851 2630 placuit
1870 2568 1927 2625 Π,

1232 2638 1281 2681 6.
1306 2634 1559 2682 masculae
1576 2641 1780 2683 tantum
1792 2635 1927 2697 prolis

1226 2708 1369 2762 pater
1406 2701 1448 2761 1,
1488 2704 1601 2747 262.
1658 2716 1727 2749 ex
1762 2702 1925 2750 diluvio

2064 2672 2067 2737 λ
