2125 3084
174 175 268 239 [11,
293 168 419 233 tea]
570 172 649 216 IN
686 173 1019 218 Exomm.
1059 173 1312 218 sunno
1349 175 1412 218 11.
1695 169 1786 220 33⁴

180 285 238 332 et
258 271 617 346 generatione
638 269 879 326 filiorum
904 271 1084 341 posita
1112 270 1218 326 fuit
1245 270 1314 324 ad
1345 273 1564 342 generis
1591 288 1792 342 perpe-

180 351 461 404 tuitatem.
512 345 717 399 Littera
736 345 863 399 talis
884 353 985 398 est.
1042 342 1130 398 Ad
1149 352 1388 399 mentem
1411 352 1593 399 autem
1613 344 1790 399 infoe-

184 420 472 478 cunditate
514 436 576 473 ac
612 418 899 473 sterilitate
936 418 1243 472 animarum
1281 419 1444 488 peius
1490 419 1790 488 quicquam

186 513 351 552 nemo
379 494 653 550 inveniet:
704 510 767 547 ea
798 501 880 547 est
912 491 1212 547 ineruditio
1251 499 1306 546 et
1341 490 1792 562 indisciplinatus

180 570 243 623 in
263 565 614 622 sterilitatem
627 574 849 620 vertens
870 561 1252 618 consiliarium
1270 562 1610 618 intellectum
1627 581 1640 630 ;
1659 561 1802 617 bona

182 659 316 698 vero
350 637 697 696 foecunditas
728 641 782 694 et
806 637 1031 710 prolum
1056 634 1447 707 multiplicitas
1476 653 1576 708 per
1597 635 1803 690 doctri·

190 731 316 769 nam
338 720 501 782 atque
519 711 945 783 intelligentiam
964 717 1066 764 est.
1132 711 1320 780 Itaque
1339 709 1530 764 multis
1551 710 1794 782 gaudent

190 787 443 860 prolibus
489 783 727 838 multum
774 785 1041 838 scientiae
1086 783 1460 854 possidentes,
1529 793 1584 838 et
1629 783 1792 839 bonis

128 867 133 872 “
186 861 429 935 praediti
450 866 581 912 sunt
598 857 731 912 filiis
745 898 757 921 ‚
784 859 883 928 qui
904 857 1080 912 bonae
1099 858 1448 929 optimaeque
1468 857 1790 930 intelligen—

186 939 299 993 tiae
316 933 481 1006 periti
510 939 664 1000 sunt3
706 931 840 986 filiis
871 939 1054 986 autem
1085 939 1328 986 carentes
1359 932 1513 996 sunt,
1555 948 1791 1004 quorum

186 1013 382 1084 pigrae
411 1005 708 1078 tardaeque
736 1013 866 1061 sunt
887 1012 1140 1070 naturae,
1183 1005 1350 1060 simul
1371 1007 1536 1062 etiam
1557 1005 1792 1061 indisci-

185 1086 452 1157 plinatae.

250 1221 381 1280 Quid
412 1231 481 1271 est
513 1219 819 1285 „Numerum
855 1221 1032 1270 dierum
1068 1229 1249 1270 tuorum
1283 1221 1482 1286 implebo
1495 1225 1563 1270 “2
1615 1223 1732 1286 (ib.)

302 1336 387 1389 20.
429 1331 711 1403 Optimum
733 1331 925 1400 utique
947 1347 1054 1384 non
1075 1331 1364 1385 mensibus
1383 1347 1564 1402 neque
1589 1347 1790 1386 secun-

190 1410 328 1463 dum
347 1423 603 1462 numeros
622 1413 925 1475 supputare
944 1405 1116 1459 vitam
1135 1405 1510 1460 ministrorum
1538 1405 1646 1478 (vel
1669 1405 1789 1460 cul-

188 1493 370 1538 torum
391 1481 531 1554 dei),
558 1479 659 1534 sed
680 1477 905 1542 diebus,
928 1478 1029 1548 qui
1048 1486 1178 1534 sunt
1196 1478 1360 1550 plane
1381 1481 1543 1553 aequi
1565 1479 1789 1535 honoris

193 1555 269 1633 [³⁵⁵]
300 1573 428 1612 cum
450 1557 573 1627 ipso
596 1562 813 1608 aeterno
834 1554 1118 1623 supputati
1137 1570 1200 1608 ac
1218 1556 1620 1610 connumerati:
1652 1555 1790 1608 alias

188 1633 291 1704 qui
319 1648 421 1686 nec
448 1630 659 1684 ratione
688 1644 868 1699 neque
897 1644 1128 1682 numero
1155 1627 1358 1700 dignus
1395 1628 1570 1684 factus
1601 1627 1785 1691 fuerit,

188 1707 415 1761 omnino
442 1712 590 1759 caret
618 1701 802 1757 laude.
880 1702 1086 1757 Verum
1116 1702 1258 1757 bene
1285 1720 1344 1756 se
1373 1703 1539 1756 habet
1574 1701 1792 1756 addita-

188 1788 441 1834 mentum
468 1779 574 1832 hoc
601 1776 717 1831 loco
745 1779 985 1844 implebo,
1033 1785 1256 1847 propter
1295 1777 1623 1831 vacuitatem
1655 1791 1792 1845 pru-

190 1854 414 1910 dentiae
441 1851 771 1922 virtutisque
800 1850 1017 1905 animae
1038 1850 1294 1905 distantis
1310 1889 1322 1912 ‚
1365 1865 1506 1920 quae
1526 1847 1792 1918 proficere

190 1929 367 2000 cupit.
446 1925 578 1982 Vult
607 1927 755 1980 enim
780 1925 984 1980 musici
1014 1924 1370 1979 instrumenti
1396 1939 1544 1976 more
1567 1925 1792 1977 concin-

192 2005 315 2059 nari
334 2019 433 2076 per
452 2017 641 2056 omnes
662 2017 823 2055 voces
845 2017 973 2055 eum
987 2040 1001 2064 ‚
1031 1997 1132 2071 qui
1153 1994 1460 2052 secundum
1479 1997 1641 2050 illum
1661 1995 1794 2068 phi-

190 2077 537 2148 losopbatur,
586 2074 740 2129 nulla
768 2091 840 2130 ex
863 2082 1017 2146 parte
1045 2072 1361 2144 oppositum
1390 2070 1792 2126 dissonantem-

191 2170 301 2224 que
322 2151 392 2206 ad
410 2167 579 2205 unam
599 2147 941 2221 eandemque
962 2147 1372 2203 consonantiam
1392 2163 1456 2200 ac
1467 2152 1790 2201 concentum

191 2226 493 2281 voluntatis
516 2222 586 2278 ad
607 2222 777 2278 verba
793 2263 806 2288 ‚
843 2223 1140 2278 verborum
1161 2220 1231 2276 ad
1256 2238 1419 2293 opera
1436 2220 1461 2285 ‚⁶
1491 2229 1544 2276 et
1563 2235 1792 2291 operum

193 2299 265 2355 ad
285 2308 583 2371 utrumque
603 2313 813 2354 eorum.

336 2437 497 2496 Quare
529 2437 671 2488 dicit.-
724 2473 758 2500 ,‚
779 2436 1008 2486 Timorem
1050 2438 1256 2501 mittam,
1313 2438 1398 2502 qui
1444 2446 1487 2487 te
1528 2444 1659 2485 ante·

735 2503 954 2552 cedat“?
1006 2507 1112 2569 (23,
1137 2506 1246 2569 27.)

308 2609 395 2664 2⁴.
418 2606 624 2659 Littera
645 2603 933 2659 manifesta
951 2613 1059 2668 est,
1081 2607 1214 2676 quia
1234 2605 1424 2660 horror
1442 2605 1791 2675 inimicorum

194 2680 382 2736 valida
413 2686 496 2734 est
515 2680 603 2732 vis
634 2695 697 2732 ac
716 2686 911 2742 terror,
954 2695 1063 2750 quo
1094 2680 1334 2734 maxime
1355 2679 1793 2734 adversariorum
