2125 3084
960 232 1031 277 111

162 350 565 406 Bibliothecae
586 346 705 402 Scti
727 347 919 401 Lazari
937 347 1015 419 (in
1046 348 1376 403 monasterio
1391 348 1794 406 Mochitarista—

164 460 293 498 rum
315 456 503 513 prope
522 440 789 494 Venetiae¹
802 438 929 511 sito)
948 440 1250 493 invenisse.
1318 440 1394 493 De
1408 441 1792 510 >interprete

162 533 516 588 Armenio‘
550 531 687 584 haec
731 529 929 583 habet:
1002 565 1039 593 ,,
1056 527 1143 583 Ad
1197 532 1386 600 ipsum
1440 532 1794 602 interpretem

165 625 323 697 quod
342 620 553 679 'a-ttinet
567 662 581 685 ‚
610 638 723 675 non
740 636 862 674 cam
883 620 941 674 in
962 636 1025 675 eo
1044 622 1320 677 Haicanae
1341 621 1563 693 linguae
1581 624 1794 692 purita-

164 728 279 771 tem
320 715 617 785 requirae‚
678 726 847 782 quam
891 720 1176 782 tantopere
1221 713 1290 782 in'
1317 712 1464 767 alius
1507 714 1794 783 scriptoris

164 810 483 877 interprete
534 802 914 857 laudavimus:
977 802 1164 859 haeret
1209 805 1358 861 enim
1403 804 1546 875 pede
1602 821 1792 875 presso

168 899 353 953 textui
384 898 633 958 Graeco,
678 910 781 947 nec
810 895 1047 949 auctoris
1075 897 1402 951 sententiam
1423 896 1650 953 exhibet
1669 905 1792 953 tan-

168 1003 287 1043 tum
304 1030 317 1053 ‚
343 989 453 1043 sed
472 990 598 1059 ipsa
618 1002 795 1057 paene
813 986 982 1039 verba
1000 995 1285 1042 enumerat
1298 1028 1311 1051 ‚
1343 990 1420 1042 ita
1437 998 1502 1043 ut
1519 989 1791 1047 Haicanae

174 1083 292 1135 sint
330 1088 503 1135 voce-e
534 1092 745 1149 eaeque
782 1077 1226 1151 elegantissimae
1265 1086 1428 1149 atque
1467 1079 1792 1149 antiquissi-

174 1188 299 1226 mae
314 1213 329 1236 ,
379 1172 607 1243 phrasis
644 1186 779 1225 vero
816 1178 978 1241 atque
1008 1170 1344 1223 constructio
1367 1169 1593 1225 omnino
1622 1170 1792 1224 Grae-
1887 1222 1892 1229 ,

174 1282 255 1318 ca.
274 1272 313 1295 ‘⁸
331 1306 347 1317 .
368 1307 381 1318 .
402 1305 416 1318 .
464 1302 502 1328 ‚‚
518 1263 809 1318 Caeterum
831 1261 961 1315 licet
980 1279 1043 1316 ea
1060 1260 1354 1315 methodus
1367 1300 1380 1324 ‚
1411 1276 1578 1331 quam
1597 1260 1794 1317 Arme—

172 1358 301 1410 nius
340 1356 641 1411 translator
668 1360 753 1407 est
781 1360 1031 1417 secutus,
1073 1371 1204 1407 suas
1239 1353 1440 1408 habeat
1466 1353 1792 1424 opportuni-

173 1455 341 1511 tates,
402 1448 725 1518 importune
772 1452 955 1499 tamen
994 1444 1065 1499 ab
1103 1462 1167 1500 eo
1205 1454 1468 1516 usurpata
1515 1455 1598 1499 est
1641 1446 1792 1501 circa

174 1536 472 1591 Philonem
490 1578 503 1599 ,
548 1546 827 1593 auctorem
865 1536 1352 1599 obscurissimum,
1397 1539 1558 1591 cuius
1593 1537 1784 1598 dictio,

177 1628 244 1681 ad
293 1629 612 1700 aenigmata
659 1626 938 1684 Platoni-ca
980 1636 1316 1699 comparata,
1385 1628 1457 1683 ab
1491 1630 1790 1699 interprete

140 1774 147 1783 ,
178 1718 495 1774 emolienda
518 1727 635 1773 erat
652 1728 707 1773 et
724 1719 1080 1783 illustranda,
1114 1721 1437 1792 praesertim
1457 1724 1612 1783 etim,
1647 1736 1793 1789 quae

180 1811 266 1865 vel
298 1810 515 1866 Graece
540 1808 779 1865 obscura
807 1820 960 1865 erant
996 1819 1050 1865 et
1085 1808 1375 1879 perplexa,
1418 1828 1483 1865 ea
1507 1812 1570 1863 in
1595 1812 1794 1865 Haica-

181 1918 312 1955 mim
350 1903 493 1957 κατὰ
543 1904 681 1965 λέξιν
720 1902 981 1957 translata
1028 1902 1252 1955 nonnisi
1295 1900 1691 1955 obscurissima
1739 1908 1797 1956 et

184 1994 611 2064 perplexissima
642 2002 867 2065 possent
902 1993 1158 2049 evadere.
1236 1990 1464 2047 Accedit
1500 1993 1558 2047 in
1597 1992 1790 2048 eodem

186 2086 483 2156 interprete
530 2086 845 2140 Platonicae
888 2084 1273 2157 philosophiae
1321 2085 1506 2141 minus
1547 2084 1790 2156 perfecta

190 2176 477 2232 instructio
490 2217 503 2242 ,
558 2194 668 2249 qua
706 2176 958 2231 effectum
999 2186 1108 2241 est,
1159 2185 1220 2232 ut
1251 2176 1539 2232 Philonem
1575 2194 1676 2249 per
1711 2184 1789 2231 tot

194 2266 313 2321 illos
342 2271 465 2323 'eius
494 2269 721 2323 scholae
752 2268 1023 2325 anfractus
1055 2286 1118 2325 ac
1155 2268 1498 2343 labyrinthos
1529 2268 1784 2323 dilaben-

196 2366 299 2412 tem
324 2362 425 2414 vix
444 2376 663 2432 semper
683 2360 904 2431 assequi
924 2364 1188 2432 potuerit,
1229 2380 1292 2417 ac
1310 2360 1480 2417 verba
1499 2360 1598 2415 illa
1612 2403 1624 2423 ‚
1657 2363 1788 2430 qui-

200 2448 298 2503 bus
324 2452 591 2507 Platonici
620 2459 799 2507 certas
828 2452 1094 2523 quasdam
1123 2454 1554 2525 significationes
1573 2452 1790 2505 tribue-

203 2540 351 2606 bant,
391 2545 481 2599 vel
501 2562 573 2599 ex
590 2544 873 2599 communi
904 2546 1219 2615 acceptione
1238 2550 1564 2612 exponeret,
1609 2540 1694 2593 vel
1720 2540 1792 2593 ad

204 2648 295 2685 sua
324 2644 501 2707 etyma
528 2652 593 2691 ac
620 2635 897 2707 principia
926 2643 1178 2688 revocata
1217 2631 1572 2705 grammatice
1607 2628 1792 2698 expli-

206 2735 359 2779 caret.
438 2728 499 2783 ld
530 2744 666 2781 sane
684 2726 925 2795 accipias
954 2725 1128 2778 velim
1151 2740 1252 2791 pro
1269 2736 1384 2777 uno
1401 2736 1470 2773 ex
1499 2732 1796 2789 argumen-
