2125 3084
196 216 277 280 [Π,
309 212 430 277 268]
557 217 637 261 IN
678 217 1020 262 GENESIN.
1070 220 1324 265 SERMO
1359 220 1447 265 IV.
1741 218 1806 269 89

197 319 347 375 Ciuis
370 325 559 372 autem
581 316 815 371 alterum
834 316 959 389 (erit
975 318 1291 391 symbolum
1325 360 1337 383 ‚
1377 322 1510 391 quia
1529 324 1804 395 quicquid

196 394 566 464 reliquiarum
585 392 813 446 mortale
840 394 1204 448 commixtum
1229 320 1310 469 [³¹3
1325 405 1439 450 erat
1453 438 1465 460 ‚
1505 414 1604 469 per
1623 398 1801 473 legem

192 468 418 540 pietatis
457 466 783 530 subactum,
828 468 1206 523 examinatum
1243 486 1308 523 ac
1345 470 1636 540 probatum
1675 474 1798 537 fuit,

192 544 271 599 uti
301 560 407 615 per
435 542 627 615 ignem
657 558 879 605 aurum,
924 549 979 597 et
1003 543 1062 598 in
1083 544 1299 597 intimis
1317 546 1657 602 orationibus
1677 566 1802 619 per-

191 618 399 672 mansit
422 616 672 689 probitas
692 617 834 671 eius.

196 775 331 833 Qnad
368 786 441 825 eat
472 774 657 837 „Abiit
692 774 927 836 dominus,
978 784 1238 838 postquam
1284 778 1486 826 cessavit
1534 778 1666 841 loqui
1704 794 1804 827 cum

329 842 614 975 ἂῑὲναὲἶτς
668 851 715 890 et
736 840 986 891 Abraham
1012 858 1228 891 reversus
1251 853 1321 893 est
1347 845 1396 895 in
1427 845 1574 895 locum
1604 850 1805 895 stauw‘?

428 946 441 970 ,
548 944 563 957 .

301 1024 391 1078 29.
452 1018 558 1087 Qui
590 1027 813 1075 ,creatus
846 1029 1254 1093 generatusque
1289 1030 1398 1086 est,
1440 1040 1550 1078 non
1582 1042 1800 1097 semper

190 1096 363 1151 deum
390 1095 451 1149 in
480 1112 541 1149 se
566 1112 759 1169 gerere
786 1094 893 1151 fuit
930 1096 1158 1161 solituS,
1207 1096 1307 1153 sed
1342 1114 1518 1169 quum
1556 1116 1654 1171 per
1695 1101 1799 1155 ali-

189 1170 345 1243 quod
374 1178 595 1242 tempus
632 1169 1025 1235 divinavisset,
1098 1171 1300 1227 iterum
1329 1174 1624 1229 revertitur
1651 1175 1712 1228 in
1739 1193 1798 1229 se

191 1249 412 1317 ipsum:
472 1245 594 1301 fieri
624 1246 774 1314 enim
802 1246 1022 1318 nequit,
1067 1254 1128 1301 ut
1155 1247 1386 1319 spiritus
1406 1247 1466 1302 in
1488 1264 1650 1303 carne
1669 1266 1798 1323 per-

187 1330 409 1377 severet
434 1330 731 1393 perpetuo,
774 1320 927 1377 nullo
952 1320 1236 1377 obstaculo
1254 1322 1426 1394 pedes
1456 1322 1790 1393 offendente;

188 1396 292 1452 sed
320 1414 546 1451 necesse
574 1404 686 1460 est,
726 1403 788 1450 ut
819 1396 1009 1468 purior
1032 1394 1131 1451 ille
1151 1397 1467 1454 intellectus
1487 1399 1794 1457 identidem

188 1472 412 1528 mortali
433 1472 855 1527 commisceatur
873 1479 1097 1542 propter
1114 1489 1254 1543 opus
1273 1476 1670 1531 necessarium.
1731 1477 1794 1532 Id

186 1549 378 1620 ipsum
399 1554 483 1603 est
495 1588 508 1612 ,
531 1545 684 1618 quod
702 1545 1056 1601 obumbravit
1072 1564 1170 1619 per
1189 1549 1364 1603 scalas
1387 1550 1669 1617 caelesteS,
1692 1552 1793 1607 ubi

186 1640 297 1677 non
316 1622 501 1677 solum
523 1638 805 1685 ascensus,
840 1620 939 1679 sed
966 1620 1130 1677 etiam
1149 1622 1448 1679 descensus
1471 1626 1793 1697 angelorum

186 1698 473 1752 asseritur.
572 1698 879 1752 Descensus
924 1705 1107 1751 autem
1146 1715 1521 1769 ascensusque
1557 1699 1626 1754 de
1665 1718 1795 1772 pro-

186 1773 355 1845 pheta
372 1772 557 1826 dictus
572 1813 586 1837 ,
628 1771 877 1827 velocem
896 1774 1381 1829 commutationem
1399 1774 1644 1827 declarat
1663 1790 1796 1829 con-

186 1847 326 1901 silii.
374 1847 688 1903 Consilium
707 1862 839 1901 vero
858 1864 982 1901 cum
1004 1863 1107 1901 sua
1129 1848 1556 1901 commutatione
1571 1849 1796 1902 omnino

187 1922 618 1977 similitudinem
640 1920 747 1977 fert
763 1922 832 1977 ad
852 1921 979 1976 illos
995 1962 1007 1985 ‚
1028 1922 1132 1991 qui
1153 1920 1460 1977 studiosam
1481 1919 1692 1993 degunt
1707 1923 1796 1975 vi-

186 2006 299 2051 tam
317 2014 418 2068 pro
440 1996 701 2051 athletica
726 1997 941 2067 quiete:
1006 2012 1178 2067 quam
1207 2003 1386 2050 astute
1415 1996 1796 2069 excogitarunt

186 2071 571 2127 instructionis
590 2072 865 2145 magistri,
892 2088 1001 2126 non
1020 2078 1084 2126 ut
1103 2088 1303 2143 corpus
1324 2071 1656 2127 contumelia
1665 2090 1794 2145 pro-

186 2156 490 2217 sequantur
504 2188 516 2211 ,
557 2146 660 2201 sed
687 2155 752 2201 ut
770 2155 939 2218 queat
958 2147 1176 2201 labores
1195 2147 1550 2203 imminentes
1571 2146 1792 2203 facilius

186 2220 413 2277 sufferre
427 2263 441 2286 ,
480 2236 660 2293 quum
686 2239 796 2276 non
825 2222 1106 2277 continuis
1135 2222 1417 2277 laboribus
1453 2221 1628 2297 affligi
1666 2241 1794 2296 per-

186 2297 454 2352 mittatur.
534 2295 697 2362 Quod
732 2305 788 2353 et
824 2298 883 2351 in
917 2298 1300 2353 instrumentis
1326 2299 1446 2353 suis
1474 2299 1674 2353 musici
1702 2316 1795 2353 ac·

187 2381 370 2447 curate
400 2371 726 2437 observant,
776 2389 973 2427 nervos
1002 2374 1313 2428 relaxantes
1328 2414 1340 2437 ,
1384 2388 1456 2425 ne
1482 2373 1656 2426 nimia
1683 2382 1798 2426 tor-

186 2456 304 2501 tura
331 2446 659 2502 fractionem
689 2449 987 2519 patiantur.
1063 2448 1272 2503 Eadem
1299 2447 1510 2501 ratione
1529 2454 1584 2499 et
1601 2454 1795 2501 natura

188 2524 303 2592 ipsa
325 2538 525 2577 vocem
546 2523 909 2576 animantium
929 2521 1366 2577 accommodavit
1379 2560 1392 2582 ‚
1433 2529 1495 2574 ut
1511 2536 1620 2574 non
1641 2521 1796 2575 iuxta

184 2612 351 2651 unam
372 2597 750 2652 intensionem
766 2638 779 2661 ,
812 2597 911 2651 sed
931 2596 1268 2651 omnimodis
1287 2593 1691 2647 variationibus
1709 2610 1799 2647 re—
1837 2608 1850 2621 ³

186 2671 425 2726 laxando
457 2686 522 2724 ac
558 2670 897 2725 intendendo
932 2680 1158 2726 cantum
1197 2668 1444 2721 ederent.
1522 2666 1802 2733 Quemad—

188 2745 417 2801 modum
445 2746 637 2815 itaque
666 2762 775 2801 non
806 2746 987 2801 solum
1018 2744 1090 2799 ad
1120 2742 1550 2797 disiunctionem
1569 2742 1804 2811 amplio-
