2125 3084
317 201 415 253 230
461 196 470 203 ’
558 201 750 247 PHIL.
791 198 936 244 lUD.
977 196 1299 255 QUAEST.
1336 196 1435 241 ET
1475 196 1634 241 sol..
1676 192 1762 259 [[1,
1786 194 1909 259 398]

316 305 464 355 variis
485 302 828 353 conditionum
843 299 1065 349 nutibus.
1114 296 1322 347 Nuntiat
1336 297 1509 360 itaque
1528 298 1726 347 divinus
1746 314 1908 349 sermo

315 380 432 437 post
455 371 764 420 nativitatem
789 366 950 430 quarti
975 366 1065 414 filii
1078 400 1091 424 ‚
1130 365 1453 414 stabilitatem
1476 378 1581 413 non
1600 367 1909 416 sterilitatem

316 444 370 489 in
391 440 643 489 creatione
659 436 878 485 maxime
896 434 1226 496 incorporalis
1250 438 1301 481 et
1322 433 1652 495 intelligibilis
1682 434 1911 483 substan-

317 510 442 557 tiae:
488 506 613 555 haec
635 504 819 553 etenim
833 503 895 550 ad
915 508 1146 564 quartum
1162 514 1322 561 usque
1340 500 1575 549 tenditur.
1650 498 1909 551 Sensnalis

317 590 434 626 vero
455 574 692 637 quinione
709 570 886 632 incipit
898 604 910 627 ,
949 583 1102 630 quam
1118 581 1222 616 non
1240 568 1348 615 siue
1366 566 1595 615 mercede
1613 568 1905 619 nominavit.

315 642 619 692 Naturaliter
650 640 821 699 itaque
850 636 1089 699 quoniam
1114 634 1227 682 finis
1254 634 1639 697 incorporalium
1664 648 1827 695 usque
1854 635 1907 684 in

320 718 496 774 quarto
517 715 616 768 est,
641 706 794 755 totius
815 711 981 753 autem
995 702 1087 762 rei,
1111 706 1161 751 et
1178 701 1331 750 totius
1352 700 1640 762 disciplinae
1659 702 1907 753 terminus

317 778 576 827 hominum
613 775 832 823 incertus
871 776 971 829 est,
1014 771 1109 817 deo
1147 776 1314 817 autem
1348 768 1636 817 manifestus
1650 802 1663 827 ‚
1705 768 1825 817 ideo
1852 770 1906 817 in

320 853 496 908 quarto
514 850 666 906 puteo
689 854 790 889 non
807 838 1067 887 inveniunt
1084 850 1281 897 aquam.
1322 834 1465 884 Sicut
1474 835 1904 898 enimputeumfo-

321 914 512 960 dientes
534 908 606 974 [³]
629 922 812 971 aquam
829 906 1103 968 requirunt,
1124 904 1195 951 ita
1212 903 1364 951 etiam
1380 903 1693 965 disciplinam
1712 910 1907 952 sectan-

319 990 394 1028 tes
421 979 573 1027 finem
603 976 889 1038 explorant,
929 972 1062 1036 quod
1090 978 1165 1019 est
1190 970 1500 1033 impossibile
1526 970 1811 1019 hominibus
1832 985 1910 1020 re-

317 1047 487 1095 velari.
557 1044 625 1092 Et
651 1043 852 1105 quidem
879 1040 1080 1103 superbi
1105 1038 1429 1097 mentientes,
1471 1038 1635 1087 solent
1663 1037 1911 1087 affirmare

320 1130 372 1163 se
394 1126 614 1161 summos
634 1125 743 1159 esse
762 1109 1005 1166 musicos,
1037 1120 1259 1155 summos
1276 1105 1651 1167 grammaticos,
1672 1107 1911 1155 transisse

317 1197 434 1230 vero
475 1188 524 1229 et
549 1177 894 1243 philosophiae
920 1187 1149 1237 grumos,
1196 1179 1246 1221 et
1272 1172 1545 1235 sapientiae
1574 1180 1625 1221 et
1650 1174 1803 1221 totius
1840 1174 1913 1221 di-

319 1249 561 1310 sciplinae
583 1252 630 1294 et
648 1244 840 1292 virtutis
861 1249 1038 1291 metas.
1109 1240 1321 1288 Astutus
1341 1253 1483 1298 vere,
1514 1245 1567 1287 et
1584 1254 1689 1287 non
1708 1241 1787 1288 sui
1811 1242 1915 1289 cul·

319 1325 398 1363 tor
417 1315 494 1361 vel
515 1313 592 1362 sui
609 1312 862 1369 laudator,
898 1308 1160 1357 confitetur
1180 1322 1245 1355 ex
1268 1314 1440 1369 aperto
1461 1314 1704 1369 quantum
1724 1308 1867 1357 deest
1884 1324 1915 1357 a

320 1384 444 1441 fine,
504 1389 553 1429 et
587 1380 778 1426 iuratus
813 1376 903 1425 tali
937 1376 1140 1423 foedere
1177 1374 1535 1423 conscientiam
1572 1376 1909 1435 commendat,

324 1448 457 1511 quod
477 1447 600 1494 nihil
619 1444 837 1507 perfecte
856 1444 1007 1490 homo
1025 1455 1177 1490 nosse
1196 1448 1378 1505 potest.
1448 1440 1547 1488 Hic
1567 1442 1732 1490 aliena
1747 1442 1912 1505 loqui-

322 1525 402 1563 tur
431 1514 516 1575 qui
544 1520 618 1560 tot
645 1512 874 1574 capitulis
899 1524 954 1559 se
977 1509 1232 1557 existimat
1247 1516 1440 1558 tantum
1458 1508 1612 1567 sci-re,
1643 1508 1757 1557 finis
1780 1510 1918 1559 enim

323 1581 562 1631 scientiae
582 1580 676 1628 deo
694 1585 887 1627 tantum
915 1577 1175 1625 recondita
1200 1584 1293 1625 est.
1364 1575 1528 1636 Quem
1556 1576 1706 1625 etiam
1732 1584 1917 1627 testem

322 1650 521 1699 animae
545 1653 714 1707 vocat,
753 1646 989 1708 quoniam
1016 1658 1144 1707 pura
1162 1644 1469 1693 conscientia
1487 1643 1752 1693 confitetur
1770 1659 1918 1694 suam

321 1716 668 1781 ignorantiam.
743 1712 865 1763 Sola
883 1713 1016 1763 enim
1033 1713 1173 1761 novit
1188 1712 1356 1760 anima
1367 1747 1381 1771 ,
1419 1711 1657 1773 quoniam
1680 1712 1804 1760 nihil
1822 1726 1916 1760 no-

321 1787 392 1834 vit
418 1784 637 1833 firmiter.
705 1782 1045 1831 Itu-amentum
1070 1780 1220 1843 igitur
1246 1780 1372 1828 nihil
1396 1785 1472 1827 est
1490 1778 1651 1827 aliud:
1688 1780 1915 1828 testimo-

321 1855 460 1901 nium
489 1853 568 1900 dei
595 1851 739 1900 fidele
766 1858 915 1912 atque
948 1848 1323 1897 solidissimum.
1406 1844 1462 1895 Si
1491 1845 1637 1897 fidele
1664 1854 1766 1907 est,
1806 1860 1915 1897 cer·-
1968 1850 1974 1854 '

321 1930 428 1968 tum
451 1928 549 1979 est,
579 1934 672 1968 nec
692 1919 857 1982 placet
873 1918 945 1965 illi
963 1916 1156 1965 incerta
1176 1915 1457 1964 credulitas.

333 2126 490 2184 Quare
517 2128 656 2177 Esau
687 2124 1098 2190 quadraqenarius
1134 2125 1315 2188 accepit
1349 2141 1537 2173 uxorem
1564 2122 1729 2174 Iudith
1753 2094 1920 2185 filiani

459 2194 622 2243 Beher
661 2192 864 2252 Cantici,
905 2200 950 2241 et
985 2191 1299 2241 Bar-hamath
1319 2192 1479 2253 filiam
1514 2190 1654 2241 Elem
1692 2190 1921 2240 Heuaei?

459 2267 565 2324 (26,
606 2258 714 2323 34.)

441 2402 516 2445 10.
553 2394 704 2443 Nulla
722 2394 947 2456 quaestio
963 2394 1231 2455 requiritur
1253 2410 1319 2443 ex
1342 2395 1475 2443 dicto
1490 2429 1502 2453 ,
1540 2393 1719 2442 relatio
1747 2402 1924 2443 autem

323 2462 651 2523 intelligibilis
679 2460 972 2510 naturaliter
997 2460 1243 2508 continet:
1284 2462 1445 2523 primo
1466 2460 1601 2522 quod
1620 2460 1923 2523 aequipara-

325 2534 405 2575 tus
425 2541 670 2577 annorum
687 2540 922 2577 numerus
941 2525 1129 2585 nuptiis
1149 2533 1293 2587 aptus
1314 2535 1413 2586 est,
1454 2534 1503 2577 et
1519 2528 1573 2574 in
1591 2526 1689 2575 hoc
1710 2527 1926 2576 festinat

325 2595 600 2653 pervenire.
673 2593 800 2653 Quis
831 2592 966 2641 enim
989 2604 1093 2638 non
1120 2593 1313 2652 optabit
1334 2607 1495 2655 usque
1523 2594 1588 2640 ad
1612 2593 1825 2655 verbum
1840 2596 1925 2643 vel

329 2657 392 2703 ad
413 2668 653 2717 quantum
673 2662 866 2708 videtur
882 2658 1077 2707 imitare
1094 2658 1307 2718 potiora.
1367 2660 1436 2708 Ut
1452 2662 1523 2708 ita
1540 2660 1931 2710 similitudinem

329 2736 496 2769 rerum
523 2725 778 2785 attingat„
795 2727 867 2773 ita
891 2726 944 2773 in
967 2724 1066 2771 hoc
1094 2737 1275 2785 pravus
1306 2733 1355 2773 et
1380 2727 1673 2775 commentis
1694 2729 1930 2777 eruditus
