2125 3084
348 161 445 213 424
836 165 1074 211 rmno
1111 162 1450 211 umatus
1715 162 1808 227 sn,
1831 164 1960 229 ssa]

345 274 538 323 vantes
556 265 945 321 extendebant.
1024 264 1094 320 At
1113 280 1300 320 eorum
1320 265 1830 337 supplicationibus
1849 285 1958 325 nec

344 343 507 398 turbo
536 341 832 397 sedabatur
860 356 1041 412 neque
1060 340 1220 397 havis
1237 342 1297 395 in
1317 342 1502 412 quiete
1519 341 1805 405 cessabat,
1849 345 1956 399 sed

344 420 529 489 potius
566 418 779 472 sonitus
805 414 1072 470 fluctuum
1109 415 1485 471 vehementior
1517 416 1860 472 reddebatur
1895 429 1956 473 et

346 492 505 548 flatus
544 500 831 547 ventorum
869 491 1162 546 violentior
1196 490 1374 546 factus
1423 494 1480 547 in
1499 490 1514 501 ⁸
1553 492 1952 563 navigantium

346 569 581 625 exitium
608 576 799 621 mutuo
834 566 1139 621 certabant:
1199 568 1450 641 gurgites
1484 566 1806 638 operiebant
1843 584 1950 622 na-

346 646 463 699 vim
478 684 491 711 ,
528 652 584 697 et
602 643 755 699 venti
776 651 899 696 ante
920 640 1330 697 immersionem
1349 642 1508 695 navis
1529 640 1822 695 studebant
1842 659 1948 697 ex—

346 727 531 775 cutere
548 719 873 779 exsistentes
892 717 951 771 in
970 716 1120 772 navi.
1162 716 1274 771 Nec
1291 718 1494 771 mirum
1516 715 1772 781 fortassis,
1796 732 1944 789 quo-

346 796 495 851 niam
514 802 697 850 aestus
708 792 964 847 hiemalis
982 792 1132 846 intus
1153 791 1346 851 eratin
1359 793 1509 856 navi,
1535 800 1586 848 et
1605 808 1768 863 super
1787 808 1942 846 mare

346 869 657 942 agitabatur
698 867 1053 923 exaestuatio.
1151 864 1298 933 Quid
1335 883 1466 939 ergo
1505 885 1612 922 non
1651 866 1943 921 sedabatur

332 942 620 1016 procella?
658 942 875 1013 Quippe
896 942 1072 1013 quod,
1118 950 1176 996 ut
1198 941 1337 997 mihi
1361 942 1582 1007 videor,
1626 960 1798 1013 quum
1817 959 1940 996 am-

343 1020 599 1092 plissima
619 1017 836 1075 flamma
856 1016 1284 1089 comprehendat
1303 1017 1506 1071 silvam
1521 1058 1534 1081 ,
1577 1018 1732 1073 nulla
1760 1026 1840 1072 est
1864 1014 1940 1091 [Ἴ

344 1096 666 1159 exstinctio,
709 1094 796 1147 sin
826 1101 1007 1147 autem
1036 1092 1211 1147 silvae
1241 1092 1534 1147 materiam
1554 1094 1684 1164 quis
1715 1093 1938 1157 auferat,

346 1171 497 1241 ignis
514 1184 738 1241 quoque
759 1168 1063 1223 exstinctus
1084 1167 1390 1223 invisibilis
1409 1167 1489 1222 fit.
1540 1168 1751 1223 Pariter
1772 1168 1945 1223 donec

342 1244 555 1299 ibidem
582 1251 695 1297 erat
722 1242 1017 1313 propheta,
1055 1241 1312 1297 hiemalis
1343 1242 1609 1315 agebatur
1629 1253 1814 1299 aestus
1835 1241 1948 1299 fer-

342 1336 507 1385 vens3
552 1335 616 1373 eo
638 1325 821 1373 autem
838 1317 1062 1372 absente
1091 1318 1244 1387 pacis
1263 1319 1489 1391 signum
1510 1317 1718 1373 aderat.

451 1444 503 1494 9,
541 1442 861 1495 Navarchus
884 1450 1066 1497 autem
1087 1460 1236 1498 mare
1256 1443 1555 1498 observans
1571 1486 1583 1507 ,
1609 1451 1673 1498 ut
1692 1444 1802 1497 sibi
1825 1460 1947 1498 cre-

342 1516 520 1571 ditum
555 1516 794 1571 habebat
830 1518 1202 1590 principatum
1238 1519 1425 1582 naviS,
1481 1520 1656 1573 sensit
1695 1536 1846 1573 mare
1883 1520 1945 1573 in

342 1600 491 1647 tanta
514 1610 634 1647 esse
665 1592 1078 1649 conturbatione
1095 1636 1106 1658 ,
1149 1596 1210 1649 in
1229 1602 1494 1665 quantum
1517 1612 1663 1648 unus
1679 1594 1799 1647 illic
1817 1593 1948 1649 dor-

342 1667 663 1741 mitabat*):
723 1668 972 1724 tradebat
1001 1670 1150 1725 enim
1181 1688 1308 1723 eum
1340 1687 1447 1724 vox
1472 1671 1692 1723 narium
1709 1678 1946 1724 sterten-

342 1746 511 1809 tium,
562 1760 735 1817 quum
766 1744 931 1799 altius
962 1743 1225 1799 reddatur
1263 1746 1320 1799 in
1360 1746 1580 1816 supinis
1608 1745 1941 1799 iacentibus.

344 1820 664 1893 Siquidem,
709 1826 770 1874 ut
798 1837 945 1885 reor,
988 1838 1081 1875 ore
1109 1820 1295 1875 clauso
1323 1822 1664 1891 caeterisque
1683 1820 1943 1875 sensibus

343 1896 688 1951 cessantibus
718 1911 816 1966 per
842 1913 1000 1950 nares
1029 1895 1239 1950 vadens
1267 1896 1494 1968 spiratio
1524 1896 1938 1968 constringitur,

344 1979 506 2043 atque
528 1970 721 2025 itidem
752 1972 1080 2025 constrictus
1109 1972 1287 2044 magis
1317 1980 1582 2043 angustus
1604 1971 1942 2042 subtilisque

342 2046 576 2111 canaliS,
628 2062 802 2118 quum
840 2046 1116 2117 repleatur
1153 2046 1481 2119 spiramine,
1533 2045 1767 2100 sibilum
1797 2046 1938 2100 edit:

344 2121 664 2193 angiportus
694 2137 822 2193 ergo
852 2120 944 2176 hic
972 2123 1029 2176 in
1053 2120 1156 2176 hoc
1177 2129 1361 2177 tenore
1383 2120 1744 2195 (naturaliter)
1763 2121 1945 2193 placet

342 2196 629 2249 declarari.
708 2194 977 2267 Propheta
998 2213 1130 2250 vero
1149 2214 1255 2251 non
1277 2196 1438 2268 quasi
1459 2214 1490 2251 a
1507 2204 1700 2251 natura
1721 2204 1943 2252 coactus

320 2270 629 2333 stertebat,
683 2279 950 2340 quantum
988 2288 1015 2325 a
1055 2270 1292 2335 iudici0,
1355 2272 1414 2326 in
1454 2272 1946 2343 reprehensionem

342 2345 555 2413 peccati
578 2345 800 2397 citatus.
878 2344 964 2399 Ad
984 2344 1135 2400 hunc
1161 2364 1292 2419 ergo
1309 2348 1618 2401 navarchus
1641 2347 1941 2403 accedens:

341 2418 725 2489 Negligenter,
755 2419 848 2480 ait,
878 2418 1105 2483 dormis,
1129 2438 1162 2475 o
1184 2421 1373 2477 homol
1418 2424 1694 2477 Tantusne
1713 2440 1954 2478 somnus

344 2490 485 2542 altus
514 2500 567 2544 te
596 2490 862 2555 obtinuit,
906 2502 967 2548 ut
993 2510 1172 2564 neque
1204 2514 1273 2549 ex
1301 2497 1535 2567 strepitu
1553 2495 1828 2553 fluctuum
1847 2516 1960 2554 ne-

344 2657 509 2743 uma·
524 2662 955 2748 '2⁰:1⁹3an
988 2666 1033 2702 in
1068 2668 1186 2705 tosto
1209 2670 1452 2715 comum
1473 2672 1602 2712 mit
1624 2681 1756 2711 unum
1783 2675 1966 2714 αοηηῑ-
