2125 3084
206 214 279 282 [1,
298 199 413 275 ιη]
604 216 742 261 Lis.
780 182 893 261 151³-
914 216 1408 290 numanatis.
1705 215 1801 268 ⁴45

204 315 483 382 mnndum
512 316 873 386 compositum
901 333 1021 370 esse
1034 357 1047 379 ‚
1091 333 1284 372 verum
1311 324 1523 388 partem
1551 335 1697 382 eam,
1741 321 1801 374 in

208 409 381 464 quam
406 389 557 445 cadit
582 390 795 445 iustitia
820 399 875 446 et
892 391 1190 455 iniustitia,
1231 391 1387 446 illam
1405 393 1628 446 omnino
1643 409 1803 464 prae·-

208 467 385 524 ditam
402 481 524 520 esse
544 465 709 519 etiam
728 465 963 520 ratione:
1024 473 1256 536 utraque
1281 466 1430 520 enim
1451 465 1520 520 ad
1538 467 1804 522 rationem

206 541 468 616 pertinet.
544 539 734 612 Itaque
760 539 906 594 sicut
934 538 1282 604 hominibuS,
1325 539 1408 593 sic
1433 556 1654 613 quoque
1684 543 1804 595 ani-

208 615 456 670 malibus
482 614 797 668 memoratis
826 613 1190 672 distribuatur
1217 613 1395 687 (ratio)
1435 630 1658 670 necesse
1681 625 1798 670 ·.est

208 693 335 746 Iure
363 704 495 746 sane
522 687 814 761 (homines)
844 689 1073 743 ciconiis
1121 688 1323 742 adultis
1360 698 1612 760 parentes
1653 689 1804 744 alen-

212 765 367 820 tibus
407 764 667 818 honorem
704 771 915 820 certum·
950 761 1216 817 exhibent
1256 770 1348 816 aut
1385 761 1796 832 contumeliam3

210 837 440 896 laudant
468 846 521 893 et
548 837 811 892 satellites
838 837 1031 892 Pinnis
1072 837 1372 908 aequaliter
1409 835 1803 893 distribuentes

212 913 430 980 cibum3
476 929 547 967 ex
572 911 801 969 adverso
820 927 951 967 vero
967 911 1260 984 opprobrio
1281 920 1334 966 et
1354 913 1698 968 accusatione
1716 912 1804 966 di-

254 999 387 1041 num
426 995 675 1052 censent,
716 987 765 1048 si
792 986 906 1042 *soli
947 994 1268 1040 consument
1305 985 1515 1041 dictum
1552 985 1799 1061 (cibum).

208 1005 322 1130 {ui
351 1077 481 1117 vero
509 1059 844 1117 laborant'in
876 1061 1128 1116 examine
1158 1077 1351 1132 apum,
1393 1061 1547 1116 fucos
1575 1063 1803 1116 nocivos

211 1137 341 1205 fatto
390 1135 663 1194 elaborato
690 1137 1080 1192 'existimantes
1119 1133 1452 1206 deperdunt3
1519 1137 1798 1208 quoniam,

210 1219 276 1267 ut
298 1211 373 1267 ait
390 1211 659 1266 Hesiodus
673 1252 685 1275 ‚
727 1213 952 1266 aliorum
979 1213 1203 1265 laborem
1219 1215 1276 1264 in
1291 1220 1492 1266 ventres
1509 1226 1630 1266 suos
1648 1215 1804 1265 indu-

212 1304 355 1341 mere.

320 1411 407 1468 62.
450 1408 711 1468 Videntes
733 1410 945 1482 antiqui
961 1409 1194 1466 virtutes
1213 1425 1390 1482 usque
1411 1409 1482 1464 ad
1500 1398 1677 1465 bruta
1683 1412 1804 1464 ani-

208 1487 417 1540 mantia
435 1483 755 1550 devenisse,
789 1501 819 1539 a
842 1485 1021 1539 carnis
1043 1501 1144 1540 esu
1165 1501 1286 1540 sese
1307 1484 1717 1550 abstinuerunt,
1741 1503 1803 1540 ac

212 1559 282 1614 ad
301 1560 536 1616 multum
556 1560 817 1631 temporis
838 1557 1292 1615 consuetudinem
1308 1560 1498 1617 talem
1483 1568 1625 1616 inter
1635 1561 1805 1616 Grae-

209 1651 302 1689 cos
324 1643 377 1690 et
395 1634 657 1689 barbaros
678 1633 983 1689 obtinuisse
1002 1635 1175 1700 aiunt,
1199 1633 1372 1690 donec
1390 1637 1574 1707 prisca
1593 1644 1805 1707 tempe-

208 1711 389 1764 rantia
408 1707 661 1763 labente
646 1725 705 1762 ιη
726 1707 1017 1763 delicatam
1032 1675 1262 1765 vivebdi
1280 1711 1545 1765 rationem
1565 1727 1693 1764 cum
1703 1725 1804 1764 vo·-

209 1781 421 1854 luptate
440 1781 813 1837 declinarunt:
856 1783 1015 1838 novis
1033 1785 1185 1838 enim
1204 1774 1603 1855 cupiditatibus
1614 1779 1690 1856 [⁴¹³]
1705 1783 1804 1836 ad-

208 1857 486 1920 inventis,
534 1855 749 1912 illicitis
790 1855 1007 1912 deliciis
1047 1859 1298 1914 civitates
1336 1857 1798 1928 adimpleverunt,

208 1948 445 2004 quorum
468 1931 741 2004 principia
759 1931 936 1988 morbi
961 1941 1116 1998 sunt,
1157 1931 1360 2004 quibus
1389 1947 1498 1986 non
1528 1945 1803 2002 expurga—

206 2007 285 2062 tis
306 2013 507 2061 mortes
528 2005 853 2062 subsecutae
870 2015 1019 2062 sunt.
1058 2007 1215 2062 Unde
1236 2006 1484 2060 homines
1505 2005 1802 2076 disciplina

206 2081 494 2145 instructi,
528 2083 625 2154 qui
645 2081 1004 2138 aemulatores
1024 2090 1154 2136 sunt
1167 2079 1560 2154 Pythagoricae
1580 2079 1802 2150 sapien-

208 2155 338 2222 tiae,
361 2172 540 2229 neque
560 2157 609 2212 si
630 2173 854 2212 necesse
875 2157 1039 2212 etiam
1060 2155 1244 2220 fuerit,
1268 2169 1485 2210 carnem
1503 2151 1796 2226 attingunt,

250 2238 431 2302 ropter
466 2231 813 2288 sobrietatem
846 2231 1165 2304 religiosam
1195 2238 1251 2284 et
1275 2230 1626 2286 evitationem
1655 2243 1801 2284 mor—

250 2319 425 2360 orum.

315 2435 403 2486 63.
444 2431 662 2486 Etenim
681 2431 887 2488 habent
906 2447 978 2485 ex
994 2437 1190 2485 natura
1209 2429 1528 2486 relationem
1557 2428 1800 2499 aliquam

29 2565 32 2630 ι
202 2503 1800 2650 5322'3‘1322223320ffi:¹²²q⁰111¹ss⁰u22¹33>23553333&ssssss

29 2633 36 2792 r
205 2661 362 2717 sumt,
402 2655 499 2708 sed
529 2657 695 2710 etiam
722 2664 785 2711 ut
808 2653 1039 2710 reddant
1056 2653 1209 2726 quod
1229 2651 1460 2710 debetur
1484 2653 1635 2712 fideli
1655 2654 1798 2710 dile-

207 2729 403 2852 ctigni3
464 2731 742 2855 quirffiim
770 2729 1053 2802 diligitur,
1097 2727 1286 2802 diligit
1312 2729 1504 2800 utique
1523 2729 1792 2792 vicissim.

334 2816 452 2852 ειη.
465 2817 499 2853 o
