2125 3084
150 163 366 229 [11,32s.]
508 167 589 211 IN
629 168 979 212 GENESIN.
1019 168 1271 213 SERMO
1307 171 1392 218 Ν.
1648 167 1740 219 143

154 286 216 341 ga
241 266 584 339 discipulum
614 266 949 321 demonstrat
978 284 1047 321 ex
1075 267 1200 331 illo,
1243 268 1391 339 quod
1420 287 1526 324 non
1558 271 1738 325 solum

156 351 332 413 potum
360 341 605 405 dederit,
657 358 851 396 verum
879 344 1045 396 etiam
1071 358 1249 412 usque
1279 342 1350 395 ad
1383 346 1739 399 cessationem

158 417 408 471 bibentis.
498 415 670 471 Cuius
714 415 988 469 indicium
1034 424 1118 469 est
1153 416 1305 470 haud
1343 416 1518 471 obiter
1559 418 1738 475 facere

158 492 570 553 enarrationem,
632 489 732 543 sed
770 489 1061 545 familiaris
1101 488 1174 564 [³¹⁶]
1213 490 1482 561 discipuli
1517 509 1738 565 noscere

156 568 411 637 impetum
432 562 790 634 studiumque
806 606 817 627 ,
860 572 915 618 et
933 581 1222 634 procurare
1248 573 1310 619 ut
1328 565 1550 635 plenius
1575 568 1740 636 perfi-

156 642 357 695 ciantur
376 639 583 693 omnia.
662 637 931 703 Quoniam
950 646 1187 709 oportet,
1229 647 1292 692 ut
1311 637 1478 709 paulo
1499 641 1739 695 anterius

152 714 416 776 dicebam,
442 730 551 766 non
569 711 699 783 pius
718 728 819 766 nec
838 713 1023 765 minus
1042 713 1282 783 propriis
1305 712 1521 768 viribus
1542 731 1739 785 aquam

149 790 391 856 haurire3
416 786 566 858 quod
586 787 735 840 enim
754 786 885 857 plus
906 794 1013 849 est,
1044 785 1190 840 foras
1212 785 1540 842 diffunditur
1553 830 1566 852 ,
1589 789 1740 859 quod

146 873 325 919 autem
345 862 533 916 minus
548 901 560 925 ,
586 877 693 915 non
714 860 934 933 implet,
960 877 1198 915 vacuum
1217 860 1538 932 relinquens
1558 862 1738 918 locum

142 943 199 993 in
224 938 409 993 animo
429 935 713 991 discentis.

215 1084 377 1143 Quare
404 1084 546 1134 dicit.-
581 1082 699 1146 „Et
720 1084 909 1133 camelis
927 1083 1018 1133 tuis
1037 1084 1254 1133 hauriam
1274 1101 1447 1147 aquam
1459 1120 1472 1146 ,
1513 1084 1675 1147 quoad

488 1167 635 1214 usque
664 1167 817 1199 omnes
847 1151 1123 1201 biberint“?
1158 1151 1262 1215 (24,
1290 1153 1394 1212 19.)
1455 1167 1460 1174 ·

257 1256 370 1307 ⁴06.
412 1252 629 1306 Prolixe
658 1252 903 1306 extendit
928 1252 1258 1306 beneficium
1287 1252 1593 1316 edocentiS‚
1637 1255 1735 1323 qui

139 1328 381 1383 voluerit
402 1343 509 1380 non
530 1326 709 1381 solum
729 1325 941 1380 tradere
964 1335 1126 1398 atque
1145 1343 1446 1398 proponere
1468 1344 1555 1381 res
1577 1328 1735 1399 inge-

138 1404 229 1457 nio
260 1401 537 1464 faventeS,
582 1400 680 1455 sed
718 1408 1029 1456 construere
1062 1418 1283 1473 quoque
1311 1402 1444 1457 istas
1472 1419 1536 1456 ao
1563 1402 1734 1457 collo-

137 1494 287 1531 care:
338 1476 400 1529 id
435 1483 518 1529 est
550 1476 869 1529 memoriam
898 1476 1062 1529 etiam
1091 1484 1302 1547 potare,
1345 1477 1506 1531 cuius
1535 1478 1732 1531 cameli

135 1560 265 1607 sunt
286 1548 559 1624 symbola.
622 1547 890 1616 Quoniam
913 1548 1104 1604 fideles
1123 1551 1370 1622 magistri
1391 1552 1730 1623 genuinique

136 1625 415 1687 doctores,
446 1624 546 1695 qui
572 1641 679 1678 non
701 1623 770 1677 ad
789 1626 1228 1689 ostentationem,
1261 1624 1360 1679 sed
1379 1642 1478 1695 pro
1497 1625 1732 1679 utilitate

134 1698 545 1771 discipulorum
575 1696 802 1752 fecerint
829 1697 1158 1763 doctrinam,
1204 1717 1230 1753 a
1260 1717 1319 1753 se
1345 1699 1492 1752 dicta
1511 1700 1683 1768 repeti
1705 1716 1734 1751 a

132 1773 436 1845 discipulis
468 1773 698 1844 exigunt
724 1773 782 1826 vi
812 1775 1134 1835 memoriae,
1177 1772 1520 1827 intrudentes
1555 1788 1646 1825 eos
1676 1772 1735 1824 in

131 1848 605 1904 confirmationem
626 1864 835 1911 rerum,
868 1864 1006 1919 quas
1028 1846 1342 1901 audierunt.

236 1986 402 2045 Quare
440 1986 581 2037 dicit.-
632 2023 667 2049 ‚,
680 1987 943 2037 Festinavit
980 1996 1025 2036 et
1065 1986 1312 2035 evacuavit
1348 1983 1562 2050 hydriam
1599 1985 1646 2033 in

630 2055 957 2103 cisternam“?
1011 2057 1118 2116 (24,
1142 2054 1250 2112 20.)

248 2156 368 2209 ⁴07.
419 2156 479 2209 In
507 2154 728 2209 homine
758 2156 992 2211 cisterna
1028 2153 1338 2227 symbolum
1369 2162 1452 2209 est
1483 2154 1728 2220 auditus3

122 2248 229 2302 per
260 2228 517 2284 auditum
536 2230 687 2283 enim
707 2230 859 2284 venit
877 2229 1170 2285 verborum
1191 2230 1398 2283 canalis
1418 2230 1475 2282 in
1499 2238 1733 2282 mentem

124 2305 511 2374 animamque.
611 2304 898 2359 Caeterum
934 2304 1141 2375 optime
1189 2304 1400 2357 dictum
1445 2310 1527 2355 est
1570 2309 1737 2354 totam

122 2376 399 2451 hydriam
428 2376 721 2432 effudisse:
761 2394 871 2448 quo
899 2378 1300 2433 demonstratur
1329 2376 1398 2431 ab
1426 2374 1641 2429 invidia
1669 2373 1740 2427 li-

123 2468 383 2522 voreque
410 2452 601 2523 procul
634 2452 827 2506 abesse
853 2452 1059 2506 bonum
1075 2492 1087 2515 ,
1130 2453 1230 2505 vix
1249 2465 1518 2520 reponens
1540 2464 1602 2501 ac
1623 2464 1739 2500 ser-

124 2543 270 2580 vans
292 2526 354 2579 in
384 2542 471 2589 se,
504 2525 605 2580 sed
630 2528 1041 2581 communicans
1071 2526 1286 2596 species
1316 2522 1556 2593 ingenii,
1587 2520 1740 2574 nullo

123 2599 435 2662 occultato,
466 2599 617 2670 quod
642 2600 846 2655 faciunt
866 2599 1117 2655 nonnulli
1137 2598 1526 2667 sophistarum.
1586 2594 1741 2649 Ratio

124 2674 485 2729 differentiae
504 2682 591 2729 est
604 2714 617 2739 ,
660 2676 922 2746 quoniam
944 2673 1121 2743 aliqui
1140 2672 1212 2725 ob
1231 2668 1738 2741 pusillanimitatem
