2125 3084
138 171 231 236 [11,
256 165 382 230 επ]
524 171 603 215 1·N
641 137 981 218 Exonmu.
1026 173 1279 218 sERMo
1317 175 1380 219 11.
1625 171 1748 251 ,349

142 277 221 330 ris
244 280 335 328 est
354 271 526 325 nimis
549 270 618 325 ad
639 272 1014 345 recipiendam
1036 274 1434 345 apparitionem
1455 274 1574 342 dei,
1605 279 1750 333 sicut

147 349 397 406 declarat
416 363 614 402 nomen
636 347 825 419 ipsum
842 347 1000 411 Sina,
1042 349 1192 420 quod
1221 350 1280 404 in
1308 349 1472 404 aliam
1502 350 1749 424 linguam
1835 413 1844 425 ¹

150 440 482 480 conversum
512 432 668 478 sonat
702 425 1143 478 inaccessum.
1221 425 1410 495 Itaque
1446 426 1751 482 inascensi-

149 499 285 554 hilis
317 505 482 569 atque
510 498 916 552 inaccessibilis
954 499 1150 570 utique
1187 507 1271 554 est
1309 499 1535 555 divinus
1574 501 1758 566 locust„

152 577 222 630 ita
253 581 318 628 ut
346 590 526 647 neque
551 574 841 646 purissimi
869 573 1181 629 intellectus
1207 581 1355 629 tanta
1381 571 1454 650 [³¹⁶]
1481 576 1750 631 celsitudo

154 651 215 706 ad
244 665 378 704 eum
409 648 705 704 ascendere
730 657 923 721 queat,
967 648 1430 706 sed‘solummodo
1452 653 1750 723 appropin-

151 742 321 796 quare
340 731 605 796 satagere.

271 865 369 915 C'ur
404 867 609 929 operitur
642 883 775 916 mona
807 867 927 915 nube
960 883 1045 916 sex
1079 867 1203 929 dies,
1243 846 1451 933 vseptimo
1486 875 1640 916 autem

538 932 706 982 Moses
747 951 929 982 sursum
960 939 1190 984 vocatur?
1241 935 1360 998 (ib.)

262 1055 349 1108 46.
398 1053 587 1107 Parem
624 1070 947 1118 numerum,
996 1069 1099 1108 sex
1137 1053 1424 1118 videlicet,
1481 1055 1750 1125 impertiit

150 1139 265 1184 tam
284 1126 481 1182 mundi
502 1129 790 1193 creationi,
834 1142 1002 1200 quam
1023 1128 1298 1184 theoricae
1317 1129 1498 1202 gentis
1525 1130 1750 1184 electio-

148 1207 226 1268 ni,
254 1202 449 1258 volens
469 1203 752 1260 ostendere
772 1205 1078 1276 imprimis,
1101 1204 1252 1275 quod
1270 1205 1390 1276 ipse
1407 1212 1460 1259 et
1477 1204 1747 1259 mundum

148 1279 287 1334 fecit
305 1285 359 1332 et
378 1286 594 1350 gentem
613 1280 819 1336 virtute
841 1280 1090 1334 electam.
1152 1278 1406 1335 Secundo
1427 1297 1557 1336 vero
1572 1321 1584 1344 ,
1615 1281 1748 1351 quia

147 1354 276 1410 vult
286 1361 504 1426 gentem
514 1354 588 1409 ita
598 1354 906 1410 ordinatam
917 1354 1512 1427 adornatamque,sicut
1523 1357 1748 1412 univer-

150 1446 279 1485 sum
299 1429 595 1486 mundum:
639 1439 701 1484 ut
719 1431 929 1502 quippe
948 1432 1103 1486 iuxta
1122 1431 1535 1504 haecetpariter
1543 1449 1676 1504 prae
1686 1448 1748 1486 se

150 1505 290 1560 ferat
308 1504 559 1563 ordinem
579 1507 995 1562 convenientiae
1014 1507 1320 1562 secundum
1341 1516 1544 1563 rectam
1565 1508 1746 1581 legem

151 1599 214 1635 ac
236 1597 483 1634 normam
508 1581 901 1645 immutabilia,
955 1582 1061 1637 loci
1089 1583 1330 1654 expertis
1361 1591 1414 1638 et
1440 1584 1746 1639 immobilis

150 1656 253 1710 dei*
262 1664 507 1710 naturae.
570 1651 789 1711 Sursum
809 1664 991 1712 autem
1009 1663 1212 1712 vocatio
1228 1658 1524 1729 prophetae
1545 1675 1746 1713 secun-

150 1733 223 1786 d‘a
254 1737 339 1783 est
366 1731 627 1786 nativitas
645 1729 785 1803 (sive
802 1733 1162 1806 regeneratio)
1183 1733 1364 1804 priore
1384 1733 1604 1786 melior:
1645 1733 1746 1786 illa

150 1807 305 1862 enim
334 1805 627 1860 commixta
654 1823 753 1876 per
774 1823 991 1863 carnem
1020 1809 1076 1862 et
1095 1807 1481 1878 corruptibiles
1508 1806 1746 1861 habebat

148 1887 435 1954 parentes3
480 1880 584 1935 ista
618 1897 746 1936 vero
784 1884 1142 1938 incommixta
1179 1881 1528 1953 simplexque
1566 1881 1746 1936 anima

147 1955 480 2030 principalis
507 1953 615 2027 (vel
644 1958 871 2028 spiritus
900 1956 1219 2030 principia),
1269 1963 1474 2010 mutata
1504 1973 1532 2009 a
1562 1956 1745 2028 genita

149 2032 221 2087 ad
236 2031 572 2106 ingenitam,
615 2033 776 2088 cuius
797 2051 905 2089 non
936 2042 1021 2088 est
1036 2040 1210 2086 mater
1223 2073 1236 2095 ‚
1279 2030 1379 2085 sed
1399 2038 1552 2102 pater
1571 2030 1740 2092 solus,

148 2109 249 2180 qui
271 2115 326 2162 et
345 2107 749 2164 universorum.
809 2108 1174 2176 Quamobrem
1197 2115 1250 2161 et
1269 2123 1490 2160 sursum
1510 2106 1738 2168 vocatio,

149 2184 272 2239 sive
311 2191 372 2236 ut
411 2183 684 2248 diximuS‚
739 2185 932 2239 divina
968 2183 1226 2238 nativitas
1265 2181 1496 2254 contigit
1535 2181 1586 2234 ei
1625 2180 1743 2234 fieri

146 2257 456 2314 secundum
483 2267 733 2314 naturam
752 2259 1049 2330 septenarii
1076 2275 1292 2329 semper
1318 2256 1574 2329 virginis.
1651 2255 1746 2310 Se-

141 2339 339 2403 ptimus
359 2335 507 2388 enim
531 2343 755 2390 vocatur
776 2335 895 2389 dies
911 2376 923 2399 ‚
963 2334 1066 2389 hoc
1086 2331 1341 2388 differens
1364 2350 1392 2385 a
1413 2330 1743 2404 protoplaste

148 2408 449 2480 terrigena,
498 2411 632 2481 quia
659 2407 757 2464 ille
788 2409 858 2464 de
886 2418 1028 2464 terra
1055 2418 1110 2463 et
1137 2426 1247 2463 una
1277 2425 1404 2462 cum
1434 2423 1656 2478 corpore
1685 2406 1743 2459 in

148 2484 530 2538 exsistentiam
558 2485 843 2550 veniebat,
895 2485 945 2539 is
973 2493 1154 2539 autem
1185 2501 1256 2538 ex
1291 2482 1508 2538 aethere
1542 2488 1596 2536 et
1624 2481 1744 2535 sine

148 2574 394 2630 corpore.
440 2557 619 2624 Quare
637 2561 943 2633 terrigenae
964 2575 1225 2614 numerus
1246 2557 1534 2612 familiaris
1555 2555 1746 2612 distri-

148 2635 319 2688 butus
340 2631 446 2688 fuit
463 2639 771 2691 sexcenarias
785 2677 797 2699 ,
840 2635 1202 2707 heterogenae
1223 2650 1352 2688 vero
1371 2634 1619 2706 superior
1645 2649 1744 2688 na-

147 2718 272 2764 tura
292 2715 589 2777 septenarii.
