2125 3084
362 191 465 244 302
600 193 799 240 run..
840 191 992 237 nm.
1036 190 1366 247 QUAEST.
1405 189 1505 234 ET
1543 189 1710 235 sol..
1741 184 1993 251 [mua]

364 289 703 370 quibusdam
722 293 926 348 festum
948 291 1326 362 laetitiamque
1345 307 1468 345 esse
1481 330 1494 354 ,
1527 289 1654 344 aliis
1673 299 1872 344 autem
1895 293 1992 344 lu-

363 383 513 428 ctum
552 387 641 426 ac·
660 369 1016 434 moestitiam,
1089 366 1206 421 illis
1243 365 1478 438 hymnos
1521 373 1834 436 cantusque
1875 366 1990 420 deo

364 447 686 519 condignos,
711 445 801 498 hia
820 443 1059 516 gemitus
1081 441 1452 512 planctusque
1469 441 1784 495 continuos
1859 441 1988 496 Lit-

362 534 476 578 tera
522 518 906 576 huiuscemodi
946 525 1049 571 est.
1137 514 1246 570 Ad,
1267 523 1508 570 mentem
1539 532 1673 570 vero
1711 517 1840 570 ovis
1881 517 1986 571 illa

362 597 732 672 progressiva,
757 593 904 647 sicut
922 593 1109 663 ipsum
1129 607 1328 644 nomen
1349 589 1592 644 declarat
1605 587 1680 664 [*]
1697 589 1978 663 (Phasec),

363 671 669 728 secundum
700 683 1053 740 progressum
1079 665 1254 729 dicta,
1297 665 1553 737 designat
1571 665 1980 737 profectionem

362 746 670 804 seeundum
690 745 929 799 animam
948 742 1422 812 mutationemque
1439 742 1500 794 in
1519 741 1772 796 meliora.
1841 742 1982 796 Vult

364 831 546 879 autem·
570 837 679 877 non
708 817 1015 875 seeundum
1042 833 1214 871 unam
1239 824 1476 887 partem,
1531 815 1630 870 sed
1659 816 1977 876 secundum

362 915 553 954 omnes
588 910 719 950 suas
746 902 957 966 partes,
1004 901 1261 946 naturam
1293 891 1552 962 inquam,
1602 891 1874 962 proficere
1910 910 1975 946 ac

364 989 609 1029 erescere
625 973 685 1026 in
704 971 907 1026 virtute
922 1010 935 1033 ‚
965 966 1274 1022 secundum
1293 983 1490 1020 sensus
1505 1007 1518 1029 ‚
1547 966 1718 1021 verba
1737 977 1793 1022 et
1813 969 1974 1038 prin-

363 1051 543 1122 cipem
566 1063 755 1102 eorum
770 1087 783 1110 ‚
812 1053 1079 1100 mentem:
1103 1050 1167 1097 ut
1185 1041 1452 1096 naturalis
1473 1041 1668 1096 horum
1689 1046 1964 1114 cognatim

368 1124 643 1180 fortiorem
665 1122 939 1192 recipiens
959 1118 1387 1174 familiaritatem
1403 1158 1415 1180 ,
1446 1115 1682 1172 solidius
1703 1117 1816 1171 sibi
1835 1135 1969 1173 con-

364 1200 518 1254 ciliet
534 1199 752 1271 copiam
770 1195 1098 1268 prudentiae
1117 1202 1171 1248 et
1189 1193 1454 1248 iustitiae.

422 1355 551 1412 Quid
583 1363 735 1403 autem
769 1354 833 1403 ait
864 1352 1201 1484 Phasiaca,2
1240 1352 1372 1486 qlulo}
1404 1351 1668 1416 eaplicatur
1697 1353 1912 1400 transi-

961 1429 1062 1468 tus.
1210 1457 1222 1480 ,
1323 1457 1336 1468 .

478 1525 527 1577 4.
569 1523 807 1578 Mactant
824 1522 997 1593 igitur
1018 1527 1324 1585 transitum,
1368 1529 1640 1577 mutantes
1667 1521 1964 1576 habitatio-

364 1615 490 1653 nem
512 1599 667 1652 iuxta
686 1596 1006 1652 mandatum
1034 1596 1192 1663 verbi
1213 1596 1434 1670 (divini)
1465 1613 1631 1668 super
1657 1597 1766 1652 tria
1795 1598 1963 1654 bene-

364 1674 515 1738 ficia,
559 1675 705 1746 quae
740 1680 871 1727 sunt
902 1673 1244 1744 principium
1274 1681 1326 1728 et
1354 1672 1599 1728 medium
1629 1679 1684 1726 et
1711 1670 1966 1743 proxima

362 1750 677 1806 consecutio
716 1748 1014 1804 libertatis:
1083 1748 1449 1819 principium,
1491 1748 1625 1818 quia
1653 1747 1880 1802 acerbos
1909 1757 1961 1802 et

361 1825 743 1898 importabiles
762 1826 978 1897 experti
998 1823 1250 1878 dominos
1265 1863 1277 1887 ,
1307 1824 1406 1894 qui
1425 1823 1610 1878 omnia
1631 1823 1778 1879 mala
1798 1823 1960 1878 indu·

363 1910 556 1956 xerant
577 1902 685 1965 eis,
710 1903 933 1956 vincere
952 1907 1180 1972 potuere
1201 1897 1416 1970 duplici
1438 1896 1598 1952 modo
1613 1939 1626 1960 ,
1653 1905 1764 1954 tam
1785 1901 1959 1960 virtu-

362 1986 497 2040 tem,
558 1993 728 2048 quam
767 1974 1285 2047 multiplicationem
1323 1972 1686 2045 adaugentes3
1755 1984 1808 2029 et
1823 1992 1958 2029 σωθ-

361 2052 544 2115 dium,
588 2051 723 2124 quia
759 2052 1016 2105 inimicos
1055 2049 1318 2104 viderunt
1355 2047 1706 2104 subiacentes
1737 2048 1956 2104 divinae

360 2127 639 2182 vindictae
667 2127 1039 2188 calamitosae,
1082 2125 1158 2179 ita
1177 2132 1240 2179 ut
1259 2123 1469 2178 bellum
1491 2132 1677 2180 contra
1698 2140 1792 2179 eos
1813 2143 1955 2180 com-

360 2202 611 2256 miserint
638 2217 746 2257 non
776 2209 993 2272 gentes,
1038 2199 1138 2252 sed
1167 2198 1362 2254 mundi
1391 2208 1572 2270 partes
1599 2208 1654 2254 et
1693 2200 1952 2256 elementa

281 2310 293 2321 -
358 2285 593 2347 quatuor
633 2274 1021 2346 usurpaverint
1048 2275 1165 2328 vim
1195 2291 1354 2330 suam
1383 2290 1494 2328 una
1523 2289 1650 2328 cum
1681 2277 1950 2331 atrocitate

359 2351 619 2438 ferarum.
672 2351 877 2405 Littera
897 2348 1032 2430 llaec
1052 2348 1257 2419 prodit.
1309 2348 1396 2404 Ad
1417 2356 1655 2404 mentem
1677 2367 1825 2415 vero,
1850 2368 1950 2406 non

1411 2453 1428 2472 Ο

457 2492 500 2538 ³⁸)
527 2491 624 2530 Vox
650 2493 743 2538 ipsa
768 2490 1001 2534 Hebraea,
1048 2498 1175 2536 quam
1197 2493 1245 2542 ⁸et
1269 2491 1536 2530 Theodotion
1562 2491 1772 2538 servavit,
1815 2481 1886 2532 ubi
1909 2494 1949 2530 in

358 2540 432 2578 Gr.
461 2543 741 2580 communiter
770 2541 902 2580 fertur
933 2537 1096 2588 πᾶσχα,
1131 2539 1306 2578 Pascha.
1365 2542 1486 2580 Arm.
1523 2542 1734 2588 interpres
1767 2542 1948 2582 Philonis

358 2591 418 2627 sic
463 2591 592 2629 dixit:
664 2593 844 2630 relatum
892 2591 939 2628 in
982 2591 1168 2636 linquam
1207 2591 1431 2630 Annonam
1475 2593 1778 2638 interpretatur
1817 2594 1947 2634 Ants.

359 2637 561 2678 Graecam
592 2644 733 2679 autem
758 2651 909 2680 vocem
937 2650 963 2678 a
988 2639 1166 2677 Philone
1195 2646 1440 2690 usurpatam
1475 2640 1760 2692 διαβατὴριον,
1801 2647 1947 2682 transi-

358 2691 443 2730 tus,
475 2687 647 2728 adnotat
672 2691 963 2731 Theodoretus
992 2689 1169 2737 Quaest.
1195 2689 1348 2730 XXIV.
1377 2694 1420 2730 in
1447 2691 1661 2736 Exodum,
1692 2692 1858 2734 dicens:
1899 2695 1948 2733 75

360 2735 400 2772 δὲ
426 2735 565 2785 πάσχα
592 2738 716 2795 §.u-&v
745 2739 879 2779 Φίλων
902 2739 1119 2791 ἕρμὴνευσε
1145 2737 1460 2792 διαβατήρια.
1525 2742 1684 2784 Auch.
