2125 3084
376 172 438 227 48
825 172 1194 222 rmnoms
1243 173 1519 221 rumim
1805 170 1876 233 [1‚
1903 174 2018 239 ια]

376 275 525 335 lere‘?
570 276 687 331 Lex
704 274 853 331 enim
872 275 1076 330 mentis
1095 276 1330 346 imperat
1347 274 1430 329 eis
1444 313 1458 337 ,
1479 290 1587 328 non
1607 273 2016 345 genethlialo-

373 356 487 429 gia.
562 351 771 407 Eodem
798 350 961 407 modo
986 359 1205 405 cessant
1229 349 1300 405 ah
1319 348 1582 420 operibus
1602 348 1698 403 die
1716 352 2004 421 septima,
2067 360 2069 369 '

374 444 541 503 quam
560 427 865 483 Sabbatum
880 426 993 497 ipsi
1012 425 1310 498 appellant.
1369 426 1484 479 Nec
1501 441 1612 480 non
1627 423 1700 479 ab
1719 424 1848 480 illis
1869 444 2010 483 car—

374 506 543 561 nibus
558 544 571 568 ,
594 519 733 574 quas
756 501 847 557 lex
866 518 973 556 non
994 502 1264 573 permisit,
1291 499 1584 555 abstinent.
1649 501 1872 571 Nequit
1891 520 2006 557 au·
2067 508 2069 515 '

374 590 486 637 tem
507 580 639 643 dici,
664 575 813 650 quod
834 592 1009 631 unum
1030 592 1096 631 ac
1113 575 1266 631 idem
1283 575 1544 630 omnibus
1563 576 1872 647 contigerit
1889 596 2002 632 na-

373 657 617 712 talitium
630 694 642 717 ,
690 668 801 724 quo
830 651 1126 724 adigantur
1153 668 1252 723 per
1279 651 1396 707 vim
1435 650 1497 704 id
1533 666 1758 727 servare
1772 691 1786 715 ,
1833 653 1998 723 quod

374 732 515 788 Mosi
536 730 675 785 deus
694 729 755 782 in
772 726 1047 782 mandatis
1065 725 1242 783 dedit.
1321 725 1383 781 Si
1411 741 1542 799 ergo
1569 724 1819 781 diversis
1841 734 1996 782 tem-

373 806 603 879 poribus
618 846 631 868 ,
675 803 827 859 horis
864 819 928 857 ac
964 801 1164 857 diebus
1201 801 1392 856 ludaei
1431 817 1562 873 prae
1595 816 1657 855 se
1686 800 1886 857 ferunt
1915 820 1992 857 ex

356 888 532 937 ·utero
560 878 873 935 natalitium
892 886 947 933 et
966 877 1334 932 nihilominus
1351 893 1460 931 una
1481 884 1566 931 cst
1582 875 1702 931 illis
1723 878 1874 932 ratio
1897 879 1988 933 vi—

375 966 463 1011 tae
493 974 556 1012 ac
580 955 713 1011 ordo
744 954 995 1026 legisque
1022 952 1322 1024 disciplina
1336 992 1351 1016 ,
1387 950 1662 1023 quomodo
1679 952 1982 1007 universos

375 1032 630 1089 homines
650 1030 901 1087 dicamus
920 1028 1382 1101 genethlialogiae
1395 1044 1524 1082 esse
1545 1025 1874 1082 subiectos?

488 1142 573 1194 85.
624 1136 803 1205 Quum
834 1136 1160 1211 Scytharum
1195 1143 1386 1211 gentes
1423 1144 1638 1207 praeter
1674 1150 1863 1191 mores
1889 1137 1982 1190 Iu-

376 1214 634 1271 daeorum
655 1214 878 1285 propria
896 1212 1006 1267 sibi
1030 1212 1151 1285 lege
1171 1210 1578 1283 disciplinaque
1604 1218 1834 1265 utantur
1863 1220 1979 1266 tur-

374 1304 613 1361 pemque
631 1288 1077 1343 commixtionem
1097 1304 1224 1341 cum
1244 1293 1414 1340 matre
1435 1284 1849 1357 adoptaverint,
1891 1285 1978 1340 id-

374 1379 484 1436 que
507 1362 637 1416 filiis
658 1364 775 1415 suis
798 1380 859 1416 ac
888 1362 1122 1433 posteris
1144 1360 1379 1435 Scythae
1408 1359 1766 1426 tradiderint,
1811 1362 1890 1416 ita
1917 1371 1979 1416 ut

374 1452 636 1509 processu
663 1436 925 1507 temporis
955 1436 1292 1491 consuetudo
1321 1435 1417 1490 illa
1447 1437 1564 1490 vim
1584 1435 1728 1509 legis
1750 1434 1978 1492 obtinu-

376 1510 507 1575 erit',
540 1510 639 1564 ubi
660 1518 743 1564 est
762 1510 874 1564 iam
895 1510 1138 1567 circulus
1159 1510 1399 1577 zodiaci,
1431 1509 1533 1565 ubi
1553 1519 1829 1566 astrorum
1850 1528 1978 1567 cur-

376 1584 507 1642 sus‘?
562 1584 745 1652 Quum
771 1586 919 1640 enim
940 1602 1048 1641 non
1069 1586 1254 1641 simile
1276 1586 1522 1641 omnium
1543 1587 1617 1641 sit
1635 1586 1972 1650 natalitium,

375 1678 543 1719 unam
560 1668 741 1718 tamen
762 1662 909 1717 vitae
929 1663 1196 1717 rationem
1211 1678 1401 1717 omnes
1422 1660 1532 1716 sibi
1552 1661 1863 1717 adscivere.

486 1776 572 1827 86.
622 1770 774 1839 Quae
802 1779 985 1829 autem
1011 1769 1440 1844 genethlialogia
1477 1768 1632 1825 dedit
1673 1768 1727 1845 [*
1797 1771 1972 1845 Aegy-

379 1849 513 1921 ptiis
525 1846 844 1905 huiusmodi
857 1846 1230 1917 disciplinam,
1253 1844 1566 1900 utsordidis
1587 1846 1726 1901 culti
1769 1864 1838 1903 us
1856 1863 1969 1902 sese

346 1959 352 1965 -
378 1921 729 1979 dedicarent?
784 1920 1140 1995 Aegyptusne
1160 1918 1276 1976 sola
1296 1919 1462 1977 habet
1487 1919 1622 1975 tales
1653 1922 1876 1985 stellas,
1913 1930 1970 1975 ut

378 1998 527 2070 apud
555 1998 698 2053 solos
727 1995 1028 2070 Aegyptios
1056 1996 1132 2051 sit
1157 1995 1285 2050 talis
1315 1993 1690 2051 consuetudo?
1747 1996 1906 2063 Quod
1922 1998 1968 2050 si

380 2074 547 2128 variis
575 2072 773 2127 diebus
804 2072 1067 2143 horisque
1095 2072 1326 2143 contigit
1343 2070 1539 2126 horum
1559 2072 1816 2127 omniu'm
1835 2072 1969 2127 nati-

376 2148 547 2210 vitas,
573 2164 741 2217 quare
763 2163 873 2202 non
891 2148 1058 2201 etiam
1078 2146 1248 2202 variis
1268 2138 1513 2201 moribus
1531 2146 1794 2202 utantur?
1832 2146 1970 2214 Quo-

376 2238 501 2277 rum
520 2223 669 2277 enim
688 2221 808 2275 dies
829 2230 993 2291 atque
1011 2221 1145 2276 hora
1165 2222 1415 2276 diversae
1434 2229 1564 2275 sunt
1577 2262 1590 2285 ,
1620 2220 1737 2277 sint
1755 2232 1970 2294 quoque

376 2298 491 2351 vita
513 2304 674 2367 atque
704 2312 867 2366 opera
898 2293 1158 2369 (diversa)
1190 2294 1383 2351 itidem
1411 2312 1637 2350 necesse
1667 2305 1772 2352 est.
1855 2297 1972 2352 Sic-

375 2380 438 2424 ut
477 2373 641 2425 etiam
670 2371 768 2440 qui
796 2387 906 2424 uno
936 2370 1240 2442 eodemque
1267 2379 1512 2442 tempore
1538 2372 1653 2426 nati
1679 2381 1840 2439 sunt,
1883 2388 1971 2426 ae·

376 2460 543 2513 quam
563 2444 745 2499 sortiri
767 2442 1041 2499 debebant
1061 2446 1411 2516 sapientiam.

485 2550 569 2601 87.
622 2550 681 2604 Si
719 2552 915 2606 civitas
954 2554 1215 2608 universa
1255 2553 1526 2608 debellata
1565 2552 1672 2608 fuit
1702 2534 1968 2627 accepta,

373 2620 583 2687 proelio
626 2627 1051 2693 superveniente
1099 2627 1344 2682 debeone
1391 2628 1576 2683 dicere
1628 2630 1973 2685 nativitatem

375 2705 595 2759 quoque
626 2696 856 2752 eandem
886 2717 1006 2755 esse
1038 2702 1252 2756 civium
1279 2702 1635 2759 cunctorum?
1697 2702 1762 2757 Si
1801 2705 1971 2775 pestis
