2125 3084
409 161 504 211 ⁴24
651 164 845 208 prm„
892 162 1044 207 mn.
1090 163 1416 220 QUAEsr.
1454 164 1555 210 Εἰ·
1593 166 1747 210 sor..
1790 162 2049 232 [mans]

402 266 668 337 gnitatem
696 261 957 318 videlicet
990 262 1219 317 rationis
1249 263 1489 329 babens,
1539 263 1698 319 detur
1732 266 1877 321 mihi
1894 310 1907 333 ‚
1960 282 2039 327 ut

401 340 552 403 dixi,
601 356 707 393 non
733 338 1053 410 sepulcrum
1090 346 1151 392 ut
1185 347 1630 404 monumentum,
1672 340 1771 395 sed
1808 358 2035 401 monu-

402 415 572 469 menti
595 412 734 485 (sive
754 412 1071 486 memoriae)
1092 412 1505 469 absolutissima
1522 416 1818 486 possessio.

473 552 604 611 Quid
633 564 704 605 est
737 554 966 619 Ephron,
1025 562 1074 605 et
1114 571 1263 617 quare
1296 556 1346 604 iu
1384 555 1536 607 medio
1558 555 1775 617 filiorum
1820 556 1945 609 Chat

940 620 1170 673 sedebat?
1216 626 1325 686 (23,
1350 624 1457 683 ιο.)

512 717 598 769 79.
640 715 854 784 Ephron
869 716 1261 789 interpretatur
1280 723 1456 771 terra
1474 714 1845 791 (s.pulvis)‚
1880 719 2025 777 chet
2101 734 2102 783 ξ

401 798 584 845 autem
605 798 867 861 stupor,
912 800 1076 863 atque
1106 792 1469 863 aenigmatice
1494 799 1645 847 notat
1676 809 1776 864 per
1800 802 2023 850 terram

399 880 685 935 corporeas
715 873 938 921 naturas
952 907 965 932 ‚
1016 882 1118 937 per
1154 874 1435 939 stuporem
1469 882 1601 921 vero
1638 868 1915 922 insaniam
1952 880 2017 926 et

397 940 804 1011 insipientiam3
833 942 1101 1012 quoniam
1118 941 1263 997 inter
1278 942 1611 1012 insipientes
1632 942 2016 999 insanientes—

397 1030 508 1085 que
543 1015 831 1086 proprium
867 1023 1031 1087 atque
1066 1018 1311 1087 primum
1344 1016 1598 1073 ordinem
1632 1017 2011 1088 principalem

397 1088 564 1144 habet
593 1106 820 1162 corpus,
861 1090 1076 1145 cultum
1106 1091 1421 1147 officiosum
1454 1093 1731 1164 recipiens
1748 1092 1829 1147 'ab
1857 1092 2003 1157 illis,

396 1167 495 1235 qui
524 1163 668 1218 nibil
699 1165 831 1220 boni
867 1167 1080 1238 proprii
1114 1174 1277 1237 atque
1306 1168 1491 1223 intimi
1518 1176 1790 1223 noverunt
1818 1184 2009 1239 neque

396 1239 619 1294 student
645 1255 959 1311 agnoscere.

707 1376 837 1434 Quid
867 1388 936 1431 est
967 1380 1194 1445 spelunca
1228 1380 1434 1446 duplex?
1478 1382 1585 1445 (23,
1616 1380 1691 1447 9.)

510 1483 594 1533 80.
656 1479 861 1536 Littera
887 1481 1010 1554 ipsa
1040 1482 1253 1539 nullius
1280 1491 1407 1556 eget
1432 1483 1823 1557 expositionis,
1867 1502 2003 1541 nam

396 1555 619 1611 omnino
640 1553 899 1612 duo‘sunt
917 1557 1171 1629 sepulcra
1188 1560 1249 1613 in
1270 1558 1365 1614 illa
1388 1559 1653 1631 spelunca
1672 1558 1998 1625 submonte,
2102 1557 2104 1607 ἶ

395 1646 570 1685 unum
591 1638 770 1698 extra,
796 1632 1028 1689 alterum
1047 1634 1219 1703 intra3
1270 1635 1392 1689 sive
1419 1634 1561 1690 duae
1580 1635 1853 1707 porticuS,
1886 1652 2001 1689 una
2102 1642 2104 1651 '

395 1704 687 1771 claudens,
732 1708 902 1763 altera
929 1708 1136 1764 clausa.
1215 1706 1301 1763 Ad
1330 1718 1569 1764 mentem
1600 1725 1727 1763 vero
1754 1710 1837 1763 sic
1856 1727 2003 1781 pon-
2102 1752 2104 1765 ,

394 1780 727 1841 derandum:
787 1785 1101 1841 Humanum
1138 1783 1289 1841 istud
1330 1800 1529 1857 corpus
1568 1784 2003 1839 similitudinem
2102 1826 2104 1857 j

392 1856 633 1931 praefert
670 1859 914 1933 duplicis
951 1861 1274 1933 speluncae.
1351 1856 1493 1927 Quia
1532 1858 1803 1915 exteriora
1842 1862 2003 1932 cupit

393 1934 584 1998 avide,
630 1934 829 1991 ducem
860 1952 922 1991 ac
950 1935 1263 2007 principem
1292 1933 1404 1991 sibi
1431 1951 1744 2009 proponens
1766 1935 2001 1991 insatia-

393 2007 566 2062 bilem
594 2008 1004 2065 immunditiam
1019 2050 1032 2075 ,
1078 2010 1223 2065 circa
1251 2027 1382 2066 vero
1408 2009 1667 2065 interiora
1686 2011 2001 2067 secundum

393 2080 736 2137 intellectum
757 2082 1131 2155 dispensatur,
1150 2082 1227 2171 [Ἴ
1253 2084 1587 2141 conductum
1608 2102 1639 2141 a
1659 2086 1998 2143 continentia
2100 2092 2105 2121 ¹

393 2154 710 2225 patientiae.
789 2154 1082 2229 Siquidem
1108 2159 1381 2231 ins1piens
1399 2159 1565 2216 tradit
1586 2160 1847 2217 interiora
1866 2179 2001 2233 pro-

391 2237 514 2301 pter
543 2229 838 2294 exteriora,
881 2232 1177 2287 animatam
1206 2244 1418 2305 partem
1439 2244 1659 2307 propter
1679 2236 1994 2300 sensibilia,

394 2312 447 2359 et
475 2302 625 2377 quod
654 2312 736 2361 est
761 2305 1070 2362 secundum
1097 2309 1420 2379 patientiam
1450 2311 1845 2375 continentiae,
1894 2328 1997 2385 pro

394 2376 552 2435 foeda
579 2380 952 2437 immunditia.
1031 2382 1237 2438 Verum
1256 2386 1480 2457 sapiens
1500 2393 1721 2457 septum
1740 2403 1997 2443 murum-

393 2472 501 2527 que
532 2463 788 2529 usurpat,
829 2464 886 2512 et
912 2456 1165 2513 velamen
1194 2462 1423 2531 opponit
1448 2459 1699 2533 partibus
1734 2462 1993 2517 animatis

393 2539 446 2583 et
482 2530 814 2595 habentibus
843 2532 1027 2587 visum
1059 2534 1441 2603 apparentium
1472 2542 1635 2605 atque
1665 2535 1993 2590 cadentibus

393 2604 498 2656 sub
528 2606 675 2659 visu.
754 2605 1022 2671 Quoniam
1052 2606 1187 2659 dum
1218 2608 1435 2664 exsistit
1466 2608 1613 2679 apud
1634 2610 1843 2664 malum
1864 2627 1994 2681 spe-

395 2674 556 2729 lunca
577 2677 786 2750 duplex
800 2720 812 2742 ‚
839 2697 1037 2751 corpus
1058 2696 1279 2751 quoque
1301 2681 1650 2737 immundum
1672 2692 1757 2739 est
1774 2701 1838 2739 ac
1858 2684 1993 2739 abo-
