2125 3084
354 150 385 199 s
802 144 1173 193 maome
1217 142 1492 189 mnam
1649 136 1712 202 11,
1733 152 1842 189 vm.
1867 140 1980 205 m]

353 264 469 303 cnm
486 248 745 315 Stephano
762 246 1136 298 contendebant
1153 258 1309 307 seque
1323 243 1452 307 legis
1477 243 1816 293 aemulatores
1833 258 1980 294 ven·

352 320 603 379 ditabant,
640 330 707 367 cx
734 315 1045 365 Alexandria
1067 327 1255 375 magna
1273 326 1338 360 ex
1356 310 1499 375 parte
1517 310 1692 360 fuisse.
1761 310 1850 359 Ex
1865 311 1980 361 ho-

350 402 463 437 rum
478 399 689 435 numero
707 392 759 433 et
776 383 859 431 hic
876 382 1022 431 Philo
1042 379 1118 444 [⁸]
1139 380 1295 427 fnisse
1315 379 1534 427 creditur
1543 376 1622 441 '):
1659 379 1850 427 etenim
1865 393 1983 442 per

352 470 415 505 ea
440 462 672 517 tempora.
692 450 977 515 praefectus
1002 454 1111 497 erat
1135 446 1350 497 civitatis
1369 446 1714 495 Alexandriae
1741 452 1794 517 e}
1817 447 1980 509 lega·

352 530 434 573 tus
450 522 665 572 Romam
680 520 867 567 missus
885 518 949 565 ad
968 514 1152 565 Caium
1169 513 1442 563 Caesarem
1454 548 1468 572 ‚
1487 525 1720 562 reversus
1741 520 1822 562 est
1839 514 1970 563 inde

352 605 470 639 cum
496 587 799 653 ignominia3
856 584 994 647 qnod
1020 591 1247 644 tempore
1271 581 1662 645 praedicationis
1689 582 1832 631 Petri
1859 582 1966 631 Ro—

350 672 466 708 mae
484 655 755 719 contigisse
770 658 984 703 testatur
998 649 1252 699 Eusebius
1269 648 1521 711 Pamphili
1534 646 1632 711 “).

456 750 703 813 (Primum
736 747 869 795 inter
902 743 1130 792 eiusdem
1155 741 1518 790 commentaria
1537 741 1712 789 locum
1737 740 1954 798 habent)

360 816 667 877 mentiones
692 821 737 862 et
761 810 1031 861 Solutiones
1054 810 1107 857 in
1137 806 1358 857 Genesin.
1443 804 1661 857 Genesim
1689 808 1816 857 dicit
1854 809 1958 857 uni-

352 900 608 936 versarum
626 896 793 931 rernm
810 879 998 929 factam
1016 893 1048 926 a
1066 878 1163 926 deo
1178 877 1405 925 increato
1431 876 1740 924 creationem
1751 910 1766 935 ,
1803 890 1956 939 qnam

352 960 524 1003 narrat
543 952 719 1001 Moses
735 948 821 997 ille
837 946 1104 1007 theologus
1123 959 1190 993 ex
1206 944 1382 992 ordine
1399 942 1501 993 illis
1517 942 1708 995 verbis:
1746 941 1812 991 In
1825 943 1954 1007 prin·

354 1021 478 1085 cipio
485 1018 611 1085 feeit
628 1016 742 1066 deus
759 1013 939 1065 caelum
957 1016 1009 1059 ee
1020 1020 1218 1072 imam,
1261 1010 1444 1073 quibus
1465 1009 1680 1059 breviter
1698 1011 1865 1061 innui:
1879 1012 1952 1059 in·

354 1086 690 1151 telligibilium
722 1098 782 1133 ae
818 1080 1134 1131 sensibilium
1168 1086 1510 1127 creaturarum
1542 1078 1808 1141 originem.
1875 1078 1954 1127 Ne

355 1162 525 1205 antem
562 1152 803 1203 confusae
840 1154 1167 1198 censerentur
1195 1152 1483 1206 creaturae,
1522 1146 1754 1194 ordinem
1785 1160 1954 1209 qnem-

354 1224 473 1271 dam
488 1220 773 1269 Historicns
792 1216 1043 1279 sequitur,
1073 1220 1125 1263 et
1142 1213 1276 1262 diem
1292 1214 1510 1277 primum
1528 1220 1580 1261 et
1596 1214 1878 1262 secundun
1904 1220 1956 1262 et

355 1296 583 1337 caeteros
600 1299 760 1348 usque
778 1284 841 1332 ad
864 1283 1134 1346 septimum
1157 1286 1412 1341 recenset,
1451 1294 1760 1343 quamquam
1782 1282 1954 1331 vohn-

353 1364 433 1405 tas
471 1362 523 1404 et
554 1354 709 1401 virtus
745 1352 827 1399 dei
862 1350 1108 1398 universis
1143 1348 1294 1397 simul
1328 1348 1602 1397 condendis
1630 1348 1846 1399 omnino
1867 1363 1956 1413 par

354 1428 477 1472 erat.
550 1419 701 1480 Quod
727 1431 939 1480 mag-nus
964 1418 1061 1465 iste
1090 1415 1278 1479 sophus
1303 1414 1706 1464 animadvertens
1729 1417 1956 1466 testimo-

353 1490 496 1538 nium
512 1486 741 1551 perhibet
757 1484 983 1533 historici
1001 1484 1189 1545 verbis,
1217 1483 1353 1545 qnod
1371 1482 1493 1531 dens
1512 1497 1616 1531 non
1633 1486 1957 1547 temporein·

355 1558 516 1621 diget,
548 1554 636 1604 sed
656 1552 827 1602 omnia
842 1557 959 1600 ante
976 1558 1174 1615 tempus
1197 1557 1248 1599 et
1263 1550 1696 1615 incircumscripta
1713 1552 1957 1602 scientiae

356 1626 464 1675 eius
484 1624 681 1673 inerant
696 1619 1081 1683 incorporaliter
1092 1654 1105 1679 ,
1143 1624 1195 1667 et
1211 1618 1414 1681 qnando
1432 1618 1613 1678 voluit,
1640 1618 1958 1669 intellectua-

352 1694 479 1742 lium
505 1695 666 1757 genus
691 1687 925 1755 formarit
948 1693 999 1736 et
1027 1686 1286 1735 sensibilia
1313 1685 1484 1735 omnia
1507 1686 1693 1735 visibili
1711 1689 1957 1751 qualitate

356 1760 589 1821 donavit,
613 1762 934 1821 quaeessent
950 1754 1277 1803 invisibilium
1294 1752 1499 1803 indicia.

456 1844 571 1894 Huc
611 1842 852 1907 pertinet,
898 1840 1034 1903 quod
1069 1837 1221 1887 refert
1255 1837 1437 1888 fecisse
1474 1838 1624 1887 deum
1650 1838 1886 1901 germina
1913 1846 1956 1889 et
2051 1892 2070 1909 .

354 1913 606 1977 gramina,
646 1916 916 1972 antequam
940 1908 1136 1972 plueret
1164 1919 1316 1968 snper
1351 1912 1533 1955 terram
1545 1940 1559 1965 ,
1597 1912 1648 1953 et
1684 1914 1957 1969 antequam

355 1981 653 2043 pullulasset
678 1988 881 2040 germen
893 2011 907 2035 ‚
946 1974 1172 2038 germina
1194 1971 1403 2033 fecisse3
1459 1979 1509 2021 et
1525 1987 1656 2035 qnae
1675 1972 1779 2021 alia
1797 1973 1880 2038 [Ἴ
1899 1976 1955 2023 de

354 2048 590 2112 paradiso
610 2052 661 2094 et
676 2042 965 2092 fluminibus
985 2040 1297 2102 caeterisque
1312 2039 1463 2089 rebus
1484 2040 1547 2088 ad
1564 2040 1784 2089 litteram
1807 2042 1950 2091 dicit:

354 2122 463 2163 tum
490 2127 620 2176 quae
644 2113 705 2160 de
724 2112 1019 2173 deceptione
1038 2108 1282 2171 serpentis
1302 2114 1353 2156 et
1367 2121 1580 2157 assensu
1597 2108 1824 2157 mulieris
1843 2109 1955 2158 viri·

356 2196 457 2244 que
482 2179 831 2230 consensione.
902 2177 1102 2226 Deinde
1129 2190 1195 2223 ex
1213 2175 1387 2224 ordine
1407 2175 1616 2238 exponit
1632 2175 1820 2224 iustam
1836 2190 1956 2239 poe-

354 2263 475 2299 nam
487 2283 501 2309 ,
541 2246 960 2312 proscriptionem
977 2256 1159 2306 nempe
1178 2243 1240 2291 de
1257 2242 1521 2305 paradis03
1574 2256 1671 2291 nee
1691 2256 1795 2291 non
1815 2244 1957 2293 obla-

354 2316 547 2366 tionem
562 2313 841 2363 hostiarum
856 2312 988 2362 Abel
1010 2326 1042 2359 a
1058 2312 1154 2361 deo
1171 2310 1436 2374 probatam
1461 2310 1804 2375 reiectumqne
1824 2308 1957 2363 cain

456 2474 499 2522 ⁸)
526 2476 645 2516 Haec
669 2476 881 2515 undenam
902 2462 1098 2514 'hauserit
1113 2464 1326 2515 Aruienus
1343 2476 1576 2525 interpres,
1595 2477 1768 2526 ignoro:
1803 2486 1959 2525 qnem-

355 2524 717 2574 admodum-qnae
743 2527 871 2575 paulo
896 2529 995 2574 post
1019 2525 1204 2566 subleclt
1229 2526 1282 2566 de
1306 2526 1598 2569 Alexandrina
1632 2526 1827 2569 eiusdem
1854 2529 1964 2569 Phi-

355 2572 465 2609 lonis
490 2576 774 2620 praefectura.
822 2575 983 2615 Auch.

355 2606 533 2732 1„pr³.
569 2640 744 2729 {⁸:25-
762 2640 875 2683 nm.
919 2640 1036 2681 neci.
1082 2640 1145 2687 11.
1181 2643 1222 2679 s.
1257 2646 1303 2682 οε
1343 2642 1502 2685 chron.
1535 2644 1586 2685 P.
1620 2643 1676 2685 11.
1713 2620 1828 2687 anxio
1863 2644 1968 2688 cm
