2125 3084
357 199 449 254 16⁴»
690 203 933 250 INDEX
967 202 1519 250 AUCHERIANUS
1555 205 1592 250 1.

352 322 515 374 Saeva
534 329 585 372 et
602 321 750 370 nimis
768 321 893 370 dura
911 325 987 370 est
1001 321 1342 383 insipientium
1358 320 1596 369 anai-chia
1597 355 1804 370 ............

349 390 519 440 Mente
542 389 767 454 praedito
793 388 1025 438 convenit
1047 388 1247 452 proprie
1275 402 1499 451 sperare,
1535 402 1662 437 nam
1681 388 1811 438 irra-

417 457 625 506 tionalia
642 456 878 504 animalia
894 455 1121 519 expertia
1137 461 1254 503 sunt
1277 455 1404 518 spei.
1477 453 1604 518 Spes
1635 461 1810 506 autem

416 524 733 588 praesagium
760 523 1009 585 quoddam
1032 521 1204 585 gaudii
1227 528 1327 570 est:
1381 529 1496 570 ante
1529 536 1648 572 vero
1683 537 1812 586 gau-

418 593 556 640 dium
572 591 879 654 exspectatio
899 589 1143 638 bonorum
1173 595 1250 638 est
1251 621 1808 640 .................................

352 658 419 709 Ut
438 658 599 708 bonus
618 665 695 707 est
711 657 833 706 deus
846 691 859 717 ,
886 656 1197 706 abundanter
1213 656 1421 720 largitur
1437 657 1624 720 gratias
1642 659 1809 706 maxi-

416 739 527 776 mas
546 731 597 776 et
614 724 763 774 simul
780 724 1084 774 studentium
1100 724 1360 772 virtutibus
1381 723 1516 774 delet
1533 725 1704 774 vetera
1721 725 1810 774 de-

417 793 540 842 licta
564 791 857 854 castiganda
858 826 1806 842 .........................................................

352 859 588 909 Nonnulli
610 858 753 908 citius
773 859 960 922 expleri
976 859 1206 907 videntur
1219 865 1421 922 gustata
1437 858 1706 922 probitate,
1733 866 1808 908 at-

419 942 515 989 que
542 941 631 992 spe
658 927 775 976 data
800 926 1024 976 sanitatis
1052 927 1217 975 denuo
1242 926 1296 974 in
1331 927 1546 976 eundem
1576 927 1811 978 recidunt

417 995 659 1044 morbum.
677 1029 1808 1044 ....................................................................

351 1061 490 1111 Finis
527 1062 798 1125 proborum
832 1076 894 1110 ae
928 1068 1216 1110 sanctorum
1249 1075 1353 1110 non
1387 1069 1464 1110 est
1495 1075 1658 1124 mors,
1715 1063 1810 1110 sed

418 1130 675 1178 translatio
712 1129 1033 1191 aceessioque
1069 1129 1134 1178 ad
1167 1129 1378 1178 alterum
1409 1129 1594 1178 locum.
1599 1162 1772 1178 ..........
1777 1167 1806 1178 ..

354 1195 495 1258 Opus
515 1197 593 1244 dei
612 1197 750 1258 prius
770 1203 845 1245 est
866 1197 1184 1256 benefacere,
1225 1196 1494 1260 deperdere
1520 1210 1640 1246 vero
1667 1205 1810 1259 post·

417 1262 622 1310 modum
656 1264 879 1326 sequitur
882 1298 1805 1316 ........................................................

352 1328 561 1378 Virtutis
588 1331 812 1379 studioso
834 1346 926 1394 pro
944 1345 1061 1381 vera
1077 1331 1396 1394 generatione
1417 1336 1493 1378 est
1508 1330 1692 1379 virtus.
1737 1331 1808 1378 si-

418 1396 618 1457 quidem
634 1395 920 1446 hominibus
936 1398 1282 1461 generationes
1303 1404 1418 1446 sunt
1433 1395 1684 1476 homines,
1697 1398 1807 1446 ani-

416 1462 513 1512 mis
535 1476 652 1511 vero
670 1464 892 1513 virtutes.
900 1499 1804 1514 .......................................................

348 1527 486 1578 Nihil
504 1529 629 1578 adeo
649 1529 1049 1580 inharmonicum
1067 1539 1168 1592 est,
1198 1547 1347 1595 quam
1365 1532 1523 1580 ventri
1539 1546 1781 1583 vacare...

352 1595 491 1644 Mors
510 1597 616 1645 est
602 1611 655 1644 in
672 1597 864 1646 malitia
880 1605 995 1646 acta
1014 1599 1136 1648 vita.
1175 1599 1326 1660 (Vide
1343 1606 1394 1648 et
1411 1600 1802 1661 sequentia.).„..

352 1661 528 1712 Sicut
513 1678 567 1711 in
588 1664 753 1712 anima
770 1663 1077 1726 intellectus,
1105 1667 1178 1715 sie
1195 1668 1248 1715 in
1265 1680 1472 1728 corpore
1491 1667 1662 1716 anima
1663 1700 1804 1716 ........

350 1729 411 1780 In
429 1731 657 1796 improbo
676 1731 866 1781 malitia
894 1733 1109 1795 gemella
1135 1742 1212 1783 est
1241 1734 1342 1797 (vel
1365 1733 1696 1796 gemellorum
1717 1748 1806 1798 ge-

418 1799 591 1864 nitrix)
596 1833 1805 1850 ........................................................................

351 1865 583 1916 Hominis
602 1873 780 1916 natura
797 1881 958 1930 capax
974 1875 1049 1916 est
1067 1869 1444 1928 contrariorum,
1468 1869 1662 1920 virtutis
1680 1876 1808 1932 puta

419 1941 568 1996 atque
598 1935 817 1984 malitiae
821 1971 1803 1984 ............................................................

350 2000 630 2050 Divinitas
616 2017 878 2052 immemor
896 2010 970 2052 est
987 2003 1106 2058 mali
1125 2009 1174 2051 et
1191 2003 1404 2052 amatrix
1419 2003 1631 2052 virtutis.
1637 2039 1804 2052 ..........

348 2067 473 2118 Dies
492 2076 569 2117 est
580 2104 595 2129 ,
633 2084 890 2132 quousque
908 2070 1063 2133 fulget
1081 2085 1229 2134 super
1245 2078 1378 2120 terra
1393 2071 1470 2120 sol
1487 2070 1653 2134 (Arm.
1677 2069 1802 2134 div).

418 2136 561 2186 Alias
592 2136 715 2184 dies.
728 2137 889 2200 (Arm.
918 2137 993 2201 or)
1021 2137 1200 2188 dieitur
1227 2139 1376 2236 etiam
1397 2153 1500 2188 una
1520 2153 1635 2187 oum
1649 2145 1806 2188 noete

416 2209 719 2252 numeratus.
734 2241 1804 2255 .................................................................

348 2270 529 2321 Inbent
546 2271 735 2320 domini
752 2273 929 2334 servis,
968 2273 1210 2322 mandant
1227 2280 1394 2323 autem
1414 2273 1582 2322 dilecti
1602 2271 1806 2337 (amici)

416 2339 589 2388 amicis
603 2374 617 2398 ‚
654 2341 945 2401 praesertim
960 2341 1176 2390 maiores
1195 2341 1466 2390 minoribus
1472 2375 1802 2388 ....................

352 2403 458 2454 Sua
488 2407 879 2469 uniuscuiusque
902 2408 1100 2470 proprie
1129 2415 1244 2457 sunt
1267 2409 1354 2458 illa
1381 2408 1550 2458 omnia
1567 2409 1804 2470 consilia,

417 2487 546 2533 quae
562 2474 836 2522 secundum
853 2475 1084 2524 virtutem
1101 2475 1388 2524 ordinantur
1389 2511 1801 2526 ........................

348 2537 576 2589 Medicae
607 2541 725 2589 artis
750 2541 1049 2606 principium
1076 2549 1152 2591 est
1177 2557 1346 2592 arcere
1363 2542 1664 2592 infirmitatis
1684 2557 1803 2593 eau-

417 2618 525 2652 sam
528 2641 1804 2659 ............................................................................

349 2669 676 2735 Philosophia
702 2676 903 2754 egregia
917 2676 1202 2739 selectaque
1219 2692 1363 2740 pars,
1404 2691 1556 2740 quam
1573 2691 1801 2740 eompre-

415 2735 587 2786 hendit
609 2741 867 2802 sapientia.
876 2778 1796 2796 .......................................................

1833 271 1952 320 rag.

1879 329 1950 372 49

1884 597 1946 640 55

1879 797 1943 840 59

1875 1267 1930 1310 61

1875 1470 1932 1514 6⁹

1873 1537 1930 1582 84

1871 1603 1930 1648 88

1873 1672 1934 1716 90

1874 1805 1931 1850 92

1873 1941 1931 1984 93

1873 2008 1931 2052 94

1873 2209 1927 2253 95

1871 2344 1926 2418 9δὸ

1843 2479 1926 2523 106

1839 2615 1860 2658 1
1870 2614 1932 2658 10

1843 2751 1932 2794 119
