2125 3084
362 182 459 237 122
838 186 1074 234 muno
1121 186 1460 232 munitus
1731 185 1821 251 sn,
1847 194 1916 237 581
1929 187 1962 251 .]

360 306 485 343 sum
514 296 624 351 est,
668 288 727 342 in
756 304 943 350 senes,
987 288 1137 343 viros
1165 286 1536 358 iuvenesque,
1579 287 1737 343 iuxta
1757 298 1963 346 aetates

360 378 565 418 eorum‘
586 371 641 418 et
676 370 899 435 peccata
932 362 1274 417 corroborata
1313 369 1463 416 sunt.
1539 362 1780 418 Iuvenes
1811 367 1962 421 enim

360 455 549 493 eorum
576 438 851 493 carnalem
888 444 1234 509 aucupantur
1261 435 1624 507 voluptatem;
1691 439 1795 509 qui
1827 456 1960 496 vero

360 514 693 569 robustiores
716 513 923 569 suntin
945 510 1081 567 viris
1100 510 1358 583 perfecti,
1392 511 1461 565 ad
1483 511 1768 566 latrocinia
1791 530 1958 569 usur-

359 598 491 660 pant
520 589 695 656 vires;
756 604 899 660 quae
927 586 1118 642 formis
1147 585 1408 641 differunt
1425 587 1565 641 inter
1583 603 1642 640 se
1662 587 1948 653 muliereS‚

358 674 419 719 ut
437 663 652 735 laqueis
671 664 821 718 viros
841 669 1086 734 captent,
1122 660 1473 717 adornantur.
1549 663 1725 731 Atque
1752 680 1952 718 senum

357 755 579 810 quoque
609 739 809 793 canitia
837 738 1204 793 verendorum
1229 753 1396 808 opera
1425 736 1574 809 apud
1601 736 1724 791 illos
1745 740 1844 792 vix
1865 747 1950 793 to-

358 813 608 869 lerabilia
648 822 803 880 sunt;
865 812 1122 885 quamvis
1159 813 1310 866 enim
1347 812 1580 867 istorum
1619 820 1760 866 aetas
1796 813 1946 867 vires

357 889 622 954 abscidit,
652 886 1126 959 pulchritudinem
1147 886 1380 951 ademit,
1410 903 1670 942 concessa
1689 904 1782 959 pro
1799 887 1942 953 istis,

356 980 499 1036 quae
524 964 751 1019 abstulit
772 972 917 1017 aetas
932 1005 944 1028 ,
978 962 1288 1017 maturitate
1308 962 1558 1026 consilii,
1591 963 1753 1018 istam
1771 963 1948 1034 ipsam

354 1047 537 1094 tamen
566 1040 624 1093 in
654 1038 917 1093 damnum
946 1034 1019 1113 [*]
1052 1038 1357 1092 nutrientes
1387 1036 1666 1111 adaugent
1694 1037 1762 1091 ad
1799 1038 1950 1091 iuiu-

354 1115 465 1169 rias
506 1122 695 1169 mutuo
732 1112 983 1168 ferendas
1023 1114 1237 1167 armati.
1326 1110 1388 1165 Si
1418 1112 1606 1183 itaque
1635 1130 1738 1167 nec
1766 1113 1834 1167 ad
1861 1131 1950 1167 me

354 1188 709 1262 gratitudinis
758 1188 1062 1243 redditores
1110 1195 1240 1243 sunt
1287 1203 1466 1258 neque
1501 1186 1571 1241 ad
1610 1204 1669 1241 se
1709 1188 1950 1243 invicem

354 1266 525 1337 grati,
558 1265 887 1337 gravitatem
912 1264 1096 1319 ferunt
1112 1262 1201 1317 vel
1233 1262 1373 1333 ipsis
1394 1260 1684 1317 elementis
1699 1304 1712 1327 ,
1745 1264 1806 1317 in
1823 1265 1953 1335 qui-

320 1338 460 1393 ·bus
498 1340 692 1393 insana
727 1339 842 1393 vita
880 1338 1120 1393 aluntur.
1206 1335 1352 1403 Quid
1389 1352 1545 1411 ergo,
1587 1353 1622 1391 o
1648 1338 1954 1409 propheta?

354 1413 515 1477 Volo,
556 1421 617 1468 ut
643 1412 929 1484 praedices
955 1414 1088 1468 huic
1109 1412 1321 1467 civitati
1340 1414 1585 1477 ruinam,
1620 1421 1681 1467 ut
1703 1413 1956 1469 acerbior

352 1504 498 1543 mors
526 1489 881 1559 superveniat
910 1505 1090 1561 neque
1117 1488 1359 1559 spatium
1386 1488 1650 1558 temporis
1678 1489 1761 1545 eis
1791 1489 1953 1545 detur

354 1562 423 1617 ad
442 1563 707 1634 placitum
728 1565 917 1619 vivere
937 1564 1245 1620 futurorum
1264 1580 1384 1637 spe.
1527 1570 1532 1575 “

464 1706 515 1758 6.
567 1704 711 1759 Haec
738 1704 837 1759 ubi
868 1704 1043 1759 audiit
1060 1702 1354 1776 propheta,
1384 1704 1444 1757 in
1463 1718 1622 1757 suam
1641 1704 1952 1775 respiciens

353 1787 541 1845 artem,
569 1780 916 1853 prophetiam
934 1796 1151 1851 nempe,
1173 1778 1320 1834 vidit
1338 1778 1620 1833 civitatem
1638 1779 1805 1833 etiam
1825 1790 1954 1851 post

349 1854 811 1927 praedicationem
831 1872 986 1911 suam
1008 1854 1363 1910 incolumem.
1436 1854 1614 1925 Atque
1633 1856 1796 1925 quasi
1817 1872 1952 1909 vero

350 1946 459 1985 nou
498 1930 589 1985 dei
616 1932 867 1987 minister
892 1931 1189 1993 exstiterit,
1238 1928 1337 1983 sed
1363 1944 1464 1999 per
1490 1946 1550 1983 se
1577 1936 1792 1983 tantum
1818 1946 1952 2001 pro-

348 2004 593 2075 phetiam
624 2008 919 2078 acceperit,
960 2005 1106 2079 fugit
1134 2004 1203 2058 de
1233 2005 1483 2067 civitate,
1523 2004 1736 2074 quoire
1757 2004 1950 2059 iussus

352 2078 484 2134 fuit:
536 2082 698 2152 quasi
718 2098 816 2153 per
837 2082 1116 2137 levitatem
1135 2078 1412 2151 putaret*)
1432 2095 1490 2133 se
1512 2077 1704 2151 fugere
1725 2080 1796 2134 ab
1815 2082 1954 2135 uni-

350 2170 633 2210 versorum
664 2154 962 2211 conditore.
1038 2155 1294 2209 Provisor
1319 2170 1450 2208 vero
1481 2154 1870 2209 universorum
1892 2156 1950 2210 in

350 2244 476 2283 eum
492 2269 505 2292 ‚
536 2232 635 2301 qui
653 2230 879 2302 putabat
900 2230 1091 2303 fugere
1113 2246 1142 2284 a
1163 2228 1284 2293 dec,
1310 2228 1384 2283 ita
1402 2238 1657 2300 operatus
1678 2238 1762 2285 est
1776 2272 1788 2295 ,
1812 2240 1882 2286 ut
1901 2238 1958 2285 et

348 2302 672 2375 prophetam
697 2305 1063 2376 reprehendat
1092 2311 1145 2359 et
1169 2304 1448 2375 propriam
1475 2304 1737 2359 virtutem
1758 2314 1957 2361 osten-

348 2375 440 2430 dat
470 2385 632 2449 atque
671 2380 883 2434 civitati
917 2379 1381 2452 praedicationem
1420 2377 1783 2434 efficaciorem
1825 2380 1964 2435 effi—

348 2449 481 2503 ciat:
545 2461 606 2505 ut
634 2453 859 2517 civitas,
905 2454 996 2509 cui
1032 2453 1425 2525 praenunciata
1465 2452 1572 2508 fuit
1609 2452 1958 2527 deperditio‚

418 2634 427 2643 ο
447 2586 489 2631 ·)
515 2588 583 2627 Ad
608 2592 809 2631 verbum:
853 2596 892 2631 et
916 2594 1041 2631 levius
1069 2596 1160 2631 erat
1182 2592 1314 2640 plane
1345 2596 1392 2632 ut
1415 2596 1589 2642 putaret
1621 2598 1703 2634 etc.
1757 2596 1938 2637 Forsan
1952 2614 1971 2641 ε

348 2633 489 2672 teman
517 2647 553 2675 a.
580 2640 749 2679 {mania
773 2646 886 2689 eran·
928 2646 1003 2681 aut
1026 2644 1352 2689 interrogative:
1398 2644 1577 2683 levium
1594 2650 1684 2685 erat
1701 2646 1818 2687 ott-„2
1862 2648 1981 2689 Prt—

347 2688 807 2781 ῗὲιιὲιάαθεέοῶιὲείιὶέῗέι.
823 2692 1005 2780 gigig:
1050 2692 1332 2739 „Ignoranun
1359 2694 1442 2733 hoc
1467 2696 1652 2735 hominia
1678 2702 1766 2745 est,
1793 2703 1983 2747 putare

2081 394 2086 603 Ι
