2125 3084
25 210 44 707 -”-·’“·-ι“ντ’-

180 180 245 249 [1,
266 176 361 246 aa]
444 183 543 230 ΒΕ
581 184 1132 235 Pnovmnnrn
1177 186 1431 234 annuo
1467 188 1504 233 1.
1708 182 1774 237 29

178 284 459 358 quomodo
478 283 741 357 deinceps
762 302 869 340 non
880 284 1096 341 videbit
1112 286 1372 358 prudenti
1391 287 1622 343 consilio
1641 287 1776 355 ado,-

180 360 359 417 rabile
380 358 660 433 (numen)?

296 472 383 525 to.
416 468 637 524 Etenim
666 468 712 522 si
742 484 842 522 nec
860 467 1206 541 providentia
1225 477 1309 525 est
1327 486 1428 525 nec
1445 472 1776 527 universalis

182 553 385 611 motor,
416 542 560 599 nihil
581 543 804 599 omnino
824 544 883 599 in
902 542 1112 599 mundo
1131 545 1339 599 moveri
1359 546 1576 617 poterit.
1639 544 1775 612 Quis

181 621 333 675 enim
361 616 546 674 dicere
574 624 779 693 potest,
821 618 989 673 totius
1002 618 1212 674 mundi
1242 620 1560 692 compositio
1595 620 1777 675 inani-

180 704 510 766 mataquum
530 694 629 759 sit,
672 692 937 749 animatos
966 702 1145 749 motus
1174 692 1292 748 fieri
1320 710 1480 767 posse
1505 696 1565 750 in
1583 700 1778 751 natura

178 769 454 843 perfectae
474 766 789 825 creaturae?
819 766 975 835 Quod
998 770 1045 824 si
1067 784 1174 824 non
1195 778 1428 835 constat,
1469 772 1775 843 argumenti

181 845 301 901 loco
323 846 397 903 sit
414 845 555 901 civis
577 843 745 899 huius
766 843 961 899 mundi
992 843 1153 899 homo
1181 844 1302 915 ipse
1317 886 1329 909 ,
1370 846 1467 916 qui
1497 854 1776 917 tamquam

176 937 387 995 parvus
407 917 648 975 mundus
658 916 711 992 *)
732 918 791 975 in
819 934 1017 993 magno
1042 917 1248 975 mundo
1267 918 1441 975 factus
1461 928 1570 985 est,
1600 937 1776 992 quum

178 996 305 1051 sine
336 995 518 1050 anima
549 1002 786 1065 nequeat
818 1010 1017 1065 corpus
1056 994 1294 1049 actiones
1331 1012 1461 1049 suas
1491 995 1771 1067 perficere,

178 1070 293 1125 nisi
316 1070 471 1140 prius
492 1068 721 1124 consilio
742 1069 865 1125 eius
892 1068 1102 1141 optimo
1130 1069 1281 1125 velut
1301 1070 1464 1125 amici
1484 1070 1773 1125 cuiusdam

177 1154 394 1201 utatur:
440 1142 889 1216 quandoquidem
924 1152 1218 1218 postquam
1255 1144 1680 1221 praevaluerunt
1703 1147 1774 1209 ,in

182 1221 370 1275 animo
390 1217 811 1274 deliberationes
831 1218 1150 1274 invisibiles
1163 1260 1176 1283 ‚
1206 1219 1506 1275 visibiliter
1523 1221 1774 1291 sequitur

182 1293 539 1351 sensibilium
568 1293 677 1366 (vel
698 1293 983 1368 sensibile)
1008 1290 1083 1371 [Ἴ
1107 1294 1474 1350 membrorum
1505 1294 1771 1351 officium.

180 1368 413 1425 Animae
440 1370 589 1425 enim
616 1368 1043 1427 deliberationes
1075 1370 1374 1441 practicae,
1423 1370 1774 1427 sensibilium

177 1462 312 1500 vero
330 1445 711 1519 operationum
730 1460 893 1521 opera
914 1453 1132 1519 peracta
1148 1443 1437 1505 manifesto
1457 1456 1775 1521 argumento

178 1530 329 1577 sunt.

289 1633 375 1686 Η.
420 1630 485 1684 Si
510 1644 643 1703 ergo
670 1629 870 1702 sagitta
898 1646 969 1685 ex
996 1646 1128 1684 arcu
1157 1631 1216 1684 in
1243 1630 1426 1687 hostes
1454 1631 1652 1686 emissa
1682 1638 1776 1687 aut

82 1708 91 1715 '
182 1705 341 1759 hasta
369 1704 583 1759 vibrata
616 1704 909 1761 inimicum
942 1703 1233 1769 occiderit,
1275 1723 1416 1761 anne
1442 1705 1774 1761 conveniens

182 1780 291 1835 erit
316 1778 431 1833 dici
446 1819 459 1843 ‚
500 1777 655 1849 quod
680 1778 779 1833 illa
805 1778 972 1836 etiam
1000 1780 1118 1835 vim
1157 1779 1355 1835 habeat
1390 1780 1615 1835 rationis
1655 1778 1774 1833 sine

180 1853 533 1931 anima0haec
554 1852 821 1925 operandi
850 1870 951 1927 per
975 1852 1256 1911 membra?
1294 1854 1354 1908 Si
1375 1861 1556 1909 autem
1577 1850 1636 1907 id
1655 1851 1773 1906 fieri

180 1929 406 2001 nequit,
431 1936 493 1983 ut
510 1944 701 1986 revera
720 1928 1068 2001 impossibile
1087 1937 1196 1993 est,
1221 1928 1500 1999 reliquum
1519 1934 1602 1981 est
1621 1926 1775 1981 dice—

176 2021 269 2068 re,
310 2003 461 2075 quod
491 2012 573 2059 est
600 2004 705 2059 ista
734 2021 862 2060 cura
892 2004 1208 2061 attentionis
1237 2002 1406 2057 animi
1434 2018 1533 2074 per
1551 2018 1774 2056 manum

178 2080 321 2135 haec
349 2078 631 2135 evidenter
658 2081 954 2151 operantis.
1032 2076 1191 2145 Quod
1217 2079 1268 2133 si
1295 2076 1618 2132 animalium
1640 2076 1774 2131 bru-

174 2165 362 2210 torum
400 2163 454 2209 et
490 2155 813 2210 animalium
852 2153 1202 2209 rationalium
1237 2152 1467 2209 actionis
1501 2152 1617 2206 vim
1653 2168 1772 2205 esse

174 2230 440 2285 novimus
461 2228 665 2285 factum
674 2228 783 2302 **)‚
804 2228 1055 2285 dicamus
1075 2230 1136 2283 in
1155 2228 1412 2283 omnibus
1433 2226 1626 2281 mundi
1646 2242 1774 2295 par—

174 2303 332 2360 tibus
362 2306 601 2359 animam
628 2304 907 2376 quandam
934 2319 997 2358 ac
1026 2303 1362 2359 voluntatem
1385 2299 1466 2374 (id
1486 2310 1568 2356 est
1585 2299 1774 2371 provi—

176 2378 442 2453 dentiam)
459 2380 675 2451 operari
688 2420 701 2445 ‚
727 2396 829 2434 nec
847 2380 969 2434 sine
989 2380 1168 2434 anima
1193 2386 1400 2437 motum
1420 2376 1632 2432 haberi.

289 2488 375 2543 42.
414 2488 555 2542 Nam
584 2489 689 2543 etsi
704 2478 1074 2561 'cogitationes
1101 2494 1316 2543 nostrae
1333 2503 1434 2559 per
1457 2483 1773 2541 considera-

282 2626 323 2673 1“)
370 2626 528 2667 Graece
553 2626 847 2680 μαρόκοσμος.
885 2626 1045 2667 Aneh.

282 2686 355 2736 *ἢ
403 2688 494 2729 Aut
535 2692 598 2729 sic
636 2695 801 2730 vertere
841 2690 989 2730 liceatz
1033 2691 1170 2730 vim
1214 2692 1425 2731 brutorum
1469 2696 1506 2732 et
1548 2692 1769 2732 rationalis

178 2741 346 2780 animae
370 2740 565 2789 {nuperum
598 2750 689 2780 case
717 2743 901 2781 novimus
922 2744 1102 2790 factm.
1153 2742 1311 2781 Anch.
