2125 3084
302 131 399 183 328
518 90 718 178 run..
760 131 915 178 mn.
957 131 1286 189 Quaes‘r.
1326 129 1427 177 ET
1465 132 1634 180 sot..
1672 129 1762 196 sn,
1787 128 1950 194 tam]

299 235 515 289 oblatae
554 232 831 287 indicium
864 240 949 288 est
984 233 1204 286 animae
1241 230 1348 287 deo
1389 242 1780 290 consecratae:
1877 241 1949 288 at

300 310 531 363 miseere
568 308 822 362 immixta
860 305 1035 361 nefas.

428 446 559 505 Quid
588 457 659 498 est
691 445 854 510 „Non
888 447 1088 496 ἀοι-πᾶα
1122 446 1273 510 adeps
1305 447 1622 498 aemunitatis
1653 465 1792 498 meae

762 530 909 577 usque
944 513 1016 562 ad
1045 517 1266 564 mane“?
1317 514 1440 574 (ib.)

418 610 499 661 ⁴5.
548 607 755 662 Littera
782 606 999 660 iussum
1027 604 1122 659 dat
1149 604 1373 675 adipem
1399 621 1466 660 eo
1497 604 1592 660 die
1625 607 1924 671 consumi,

302 683 529 736 materia
556 680 697 736 facta
723 680 917 734 divino
944 680 1085 752 igni.
1163 679 1250 733 Ad
1285 689 1526 734 mentem
1549 697 1684 734 vero
1721 679 1926 750 adipis

302 765 493 810 natura
522 754 919 827 pinguedinem
948 761 1188 824 praestat
1208 755 1522 809 visceribus
1541 757 1918 824 eaeterisque,

302 847 447 903 quae
464 829 813 885 circumdans
834 831 1045 883 ooe’reet
1060 845 1163 882 sua
1181 829 1530 901 pinguedine
1547 831 1608 884 in
1623 830 1924 901 perpetui-

303 915 495 968 tatem,
540 921 611 958 ne
640 919 893 959 areseens
922 903 1175 958 celeriter
1213 903 1578 968 dissolvatur,
1637 905 1773 975 quia
1811 905 1920 974 qui

304 980 690 1036 humiditatem
712 978 1074 1050 pinguedinis
1097 977 1289 1042 habet,
1333 985 1616 1050 tamquam
1641 979 1798 1033 vitali
1831 979 1922 1032 ei-

302 1055 375 1108 bo
396 1055 561 1109 alitur
579 1053 931 1108 humiditate.
1002 1051 1132 1107 Vult
1151 1052 1337 1122 itaque
1355 1069 1457 1123 per
1475 1053 1797 1126 symbolum
1815 1053 1924 1106 de-

304 1129 537 1192 clarare,
580 1127 731 1199 quod
750 1128 931 1182 omnis
952 1127 1162 1189 anima,
1205 1141 1375 1196 quam
1403 1128 1583 1198 pietas
1615 1127 1922 1200 pinguefa-

306 1205 400 1267 cit,
425 1221 524 1258 sua
545 1205 779 1274 mystica
798 1201 1104 1272 divinaque
1129 1202 1334 1272 pietate
1351 1202 1626 1256 insomnis
1647 1211 1732 1256 est
1751 1211 1808 1257 et
1825 1203 1920 1255 vi-

306 1279 491 1350 gilans
510 1276 581 1330 ad
599 1277 873 1330 visionem
889 1277 1019 1330 visu
1040 1275 1357 1348 dignorum.
1415 1277 1704 1330 Transitus
1731 1285 1917 1331 autem

304 1354 410 1406 iste
430 1350 675 1422 (Pascha)
698 1351 913 1404 animae
930 1351 1250 1406 solemnitas
1271 1359 1354 1405 est
1373 1359 1427 1404 et
1447 1350 1714 1405 festorum
1733 1351 1916 1405 maxi-

306 1441 486 1488 mum,
522 1432 743 1494 tempus
764 1439 927 1478 verae
947 1425 1214 1488 laetitiae,
1245 1441 1413 1498 quam
1433 1441 1542 1479 non
1564 1441 1781 1480 merum
1803 1425 1912 1512 (vi-

307 1497 488 1570 num),
532 1498 631 1551 sed
661 1498 845 1552 sobria
874 1500 1148 1570 sapientia
1167 1500 1316 1554 facit.
1395 1501 1600 1554 Horum
1621 1501 1772 1554 enim
1793 1501 1912 1571 pri·-

306 1590 458 1628 mum
500 1572 781 1627 ebrietatis
820 1582 873 1629 et
908 1573 1248 1646 petulantiae
1287 1591 1454 1628 causa
1497 1582 1606 1638 est,
1677 1575 1912 1629 alterum

306 1665 439 1704 vero
465 1648 776 1704 sobrietatis
804 1657 859 1704 et
884 1657 1033 1704 recte
1059 1648 1364 1722 peragendi
1391 1649 1597 1703 omnia.
1675 1647 1834 1714 Quod
1859 1649 1910 1702 si

308 1725 473 1779 etiam
494 1724 864 1796 superveniet,
890 1724 950 1779 id
966 1723 1119 1795 quod
1139 1731 1476 1778 transactum
1496 1731 1596 1788 est,
1612 1732 1665 1778 et
1685 1723 1910 1794 aliquod

307 1815 495 1854 semen
520 1799 778 1864 mortale,
820 1799 1282 1871 improsperitatis
1304 1806 1677 1854 erramentum’
1692 1839 1705 1862 ‚
1747 1798 1808 1853 id
1827 1806 1909 1852 est

309 1876 507 1930 mentis
526 1891 781 1940 somnum
824 1891 933 1930 non
956 1875 1176 1946 longius
1195 1873 1421 1928 durabit
1431 1871 1515 1945 ³¹²).

310 1997 385 2063 [¹²]
444 1995 575 2054 Quid
616 2006 686 2047 est
728 2034 758 2061 „
778 1995 919 2054 Quod
960 1997 1006 2047 si
1045 1995 1281 2046 audiendo
1327 1996 1536 2046 audieris
1570 2012 1728 2045 vocem
1762 2011 1906 2045 meam

444 2075 489 2113 et
509 2063 693 2129 fecer-w
726 2065 904 2128 omnia,
954 2081 1272 2128 quaecumque
1307 2063 1414 2113 dico
1453 2063 1563 2126 tibi,
1601 2062 1811 2114 inimicus
1829 2079 1904 2111 ero

440 2132 641 2181 inimicia
685 2133 797 2195 tutia,
856 2140 900 2181 et
944 2132 1239 2180 adversabor
1275 2131 1398 2195 (iis)
1409 2167 1425 2193 ,
1483 2131 1569 2194 qui
1599 2129 1906 2179 adver-santw-

442 2199 605 2248 tibi“?
657 2199 763 2263 (23,
785 2201 895 2260 22.)

425 2286 506 2336 46.
557 2281 699 2348 Quia
736 2280 987 2335 nonnulli
1032 2281 1319 2337 audientes
1347 2299 1456 2336 non
1488 2281 1746 2343 audiunt,
1798 2281 1904 2336 imo

308 2373 417 2410 non
440 2357 663 2411 audisse
684 2373 743 2410 se
770 2355 1013 2426 fingunt,
1056 2355 1374 2429 designavit
1403 2355 1680 2427 apposite:
1724 2355 1786 2410 Si
1809 2373 1905 2409 au—

305 2434 491 2483 diendo
509 2433 764 2486 audiretis
782 2446 953 2484 vocem
972 2433 1057 2482 dei
1066 2429 1180 2501 **),
1240 2445 1350 2501 quo
1370 2431 1536 2502 paulo
1557 2439 1681 2484 ante
1702 2429 1904 2520 dictum

310 2565 475 2652 dubit}
482 2566 893 2654 δεὲεῑιιιὲὴειωὴίεωιο
919 2569 1030 2615 erat,
1071 2577 1199 2614 quem
1225 2567 1406 2608 feliciter
1430 2571 1678 2608 assecutum
1693 2579 1762 2608 me
1779 2569 1903 2611 fuisse

412 2661 573 2707 *θοῇ
603 2674 731 2712 supra
755 2664 953 2705 v01.vl.
980 2677 1023 2714 p.
1052 2665 1142 2703 273.
