2125 3084
212 166 295 229 [11,
322 161 442 225 278]
582 166 661 210 IN
702 164 1048 209 GENESIN.
1091 164 1343 210 sERMo
1378 166 1463 212 Ν.
1751 159 1818 213 97

210 274 411 322 minum
438 274 545 333 (19,
566 270 654 329 13)
684 266 833 318 notat
862 264 1043 319 scelus
1071 264 1295 318 solitum
1325 265 1474 336 apud
1498 267 1816 321 immundos

211 340 547 397 libidinosos
570 340 692 410 ipsa
712 340 891 392 maius
913 338 1232 408 iniquitate3
1274 355 1382 394 non
1409 342 1554 394 enim
1583 343 1818 414 opinan—

208 426 298 473 tur
316 413 637 487 praesidem
658 422 821 484 atque
842 414 1142 467 invisorem
1161 414 1430 467 exsistere
1454 415 1818 472 humanarum

210 507 428 553 rerum,
472 505 655 559 neque
684 488 1005 543 existimant
1039 486 1110 541 ad
1137 504 1304 541 suum
1339 488 1602 559 placitum
1629 495 1820 564 provi·-

212 567 461 621 dentiam
492 581 613 618 esse
624 562 705 636 *);
754 570 811 618 et
838 562 981 617 nihil
1013 562 1166 617 aliud
1193 571 1515 634 operantur,
1558 567 1667 620 nisi
1689 582 1820 622 con-

210 642 381 696 traria
403 639 475 693 ab
496 655 561 693 eo
582 638 767 702 diutia,
798 637 875 692 ita
894 646 956 691 ut
975 639 1374 709 repugnantiae
1394 639 1638 709 profecto
1657 657 1820 696 voces

212 716 469 769 emittant
510 721 699 767 eontra
740 720 953 783 patrem
1001 714 1401 783 veritatemque
1447 715 1589 768 eius.
1677 715 1822 771 Illud

212 799 401 845 autem
425 794 567 843 misit
592 805 709 850 nos,
751 797 809 841 ut
827 790 1114 851 deleamuS,
1159 790 1404 859 assignat
1431 788 1609 861 legem
1639 789 1823 862 philo—

211 864 531 935 sophicam3
562 862 797 917 virtutes
816 862 967 915 enim
988 878 1088 931 per
1107 876 1166 916 se
1191 864 1376 933 ipsum
1400 872 1658 934 praestat,
1690 880 1823 923 con—

210 940 412 994 trarias
438 954 573 993 vero
598 952 699 1008 per
726 937 1028 991 ministrae.
1117 936 1258 992 Sunt
1289 946 1469 993 autem
1503 941 1642 995 istae
1669 941 1821 1015 leges

215 1022 443 1069 naturae
456 1054 470 1077 ‚
514 1028 653 1083 quae
672 1028 745 1067 ex
761 1012 1039 1083 principio
1060 1010 1359 1067 destinavit
1378 1031 1490 1068 una
1513 1030 1641 1069 cum
1667 1032 1822 1071 crea-

213 1090 364 1144 tione
386 1089 617 1143 entium.
696 1088 901 1143 Verum
921 1087 1053 1141 iusti
1082 1084 1281 1141 iudicii
1310 1088 1561 1143 decorem
1590 1092 1822 1147 eviden—

214 1166 332 1218 tius
360 1162 620 1234 patefacit
633 1204 645 1225 ,
692 1162 753 1215 in
782 1169 930 1216 tanta
960 1163 1310 1233 corruptione
1339 1176 1504 1219 unam
1535 1167 1819 1237 excipiens

216 1238 487 1293 familiam
503 1280 517 1303 ,
538 1254 685 1309 quae
704 1236 943 1291 habebat
962 1237 1188 1292 virtutis
1207 1236 1480 1293 scintillas
1501 1255 1566 1293 ac
1585 1243 1814 1306 semina,

214 1315 512 1386 peregrina
541 1312 685 1367 facta
712 1329 743 1366 a
768 1312 1232 1383 concupiscentiis
1262 1313 1603 1385 morbisque.
1684 1316 1820 1372 Cae-

214 1397 397 1442 terum
426 1406 534 1442 non
576 1386 644 1441 ad
682 1404 899 1450 casum,
943 1386 1042 1442 sed
1078 1388 1400 1443 naturaliter
1437 1391 1706 1461 scriptum
1740 1390 1814 1467 [*]

214 1472 322 1517 est:
362 1467 631 1531 perdimus
652 1465 777 1515 haec
797 1465 937 1528 loca;
977 1464 1237 1532 quoniam
1263 1472 1472 1535 oportet
1499 1482 1610 1521 non
1636 1468 1819 1522 solum

218 1554 493 1593 venenosa
530 1537 829 1591 animantia
867 1536 1142 1601 occidere,
1194 1554 1389 1593 verum
1421 1542 1590 1596 etiam
1629 1540 1820 1597 foveas

212 1628 409 1667 eorum
445 1611 757 1673 destruere,
810 1611 870 1664 in
907 1611 1114 1681 quibus
1154 1612 1356 1667 accidit
1391 1630 1612 1669 manere
1649 1617 1820 1686 quid-

212 1688 363 1759 piam
379 1728 391 1750 ,
434 1685 591 1757 quod
616 1699 726 1740 non
752 1686 826 1739 sit
853 1684 1222 1756 deperditum.
1301 1688 1442 1741 Huic
1476 1689 1737 1744 similiter
1767 1701 1820 1745 et

210 1779 382 1834 super
413 1761 655 1815 animam
688 1760 1211 1815 accommodandum
1241 1769 1324 1814 est
1358 1760 1478 1815 fieri
1494 1804 1506 1825 ,
1550 1780 1660 1817 non
1697 1772 1820 1817 tan—

214 1846 332 1891 tum
362 1850 597 1891 examen
627 1834 1106 1905 concupiscentiae
1135 1842 1230 1889 aut
1257 1834 1576 1888 iracundiae
1607 1834 1821 1892 auferre

215 1928 279 1965 ac
324 1909 656 1982 deperdere,
720 1909 820 1964 sed
858 1911 1027 1964 etiam
1066 1914 1242 1964 totum
1280 1908 1488 1973 locum,
1553 1908 1652 1964 ubi
1690 1911 1820 1966 illae

214 1985 452 2050 latuere,
522 1993 713 2057 utpote
764 1982 974 2056 plateas
1030 1991 1085 2038 et
1139 1998 1372 2043 securas,
1411 1984 1534 2039 vias
1592 1982 1820 2046 habebit

214 2063 462 2124 animae,
523 2059 677 2113 nulla
717 2076 776 2113 re
815 2056 1123 2116 offendente
1160 2057 1332 2130 pedes
1370 2058 1490 2115 eius
1531 2059 1602 2115 ad
1639 2062 1820 2135 impe-

214 2134 478 2190 diendam
498 2130 906 2189 rectitudinem.

220 2303 382 2362 Quare
408 2306 547 2369 dicit,
586 2305 838 2355 nunciante
862 2302 985 2369 Lot,
1024 2316 1074 2357 ut
1090 2306 1308 2373 monitum
1327 2306 1562 2357 habuerat
1583 2308 1646 2355 ab
1672 2324 1818 2371 anye-

428 2374 507 2436 lis,
548 2374 696 2423 visum
716 2389 814 2421 esse
827 2374 1014 2439 yeneris
1030 2372 1128 2423 suis
1147 2374 1332 2423 ludere?
1368 2378 1476 2437 (19,
1504 2374 1608 2433 14.)

326 2494 411 2545 43.
491 2490 844 2563 Quicumque
905 2493 964 2546 in
1028 2492 1364 2547 abundantia
1425 2491 1822 2543 immensarum

213 2714 277 2753 “a
316 2665 361 2699 ’ἢ
388 2674 425 2703 s.
452 2674 603 2753 Requi
618 2668 795 2713 pum,
832 2666 943 2714 quod
968 2664 1240 2713 providentia
1265 2663 1320 2700 att
1345 2662 1455 2705 ima,
1483 2662 1557 2708 qm·
1587 2660 1824 2700 existimant

294 2723 397 2753 me.
504 2724 565 2753 uc
606 2742 618 2753 .

282 2763 515 2813 Pnrno
552 2764 672 2815 Vll.
1367 2761 1411 2809 G·
