2125 3084
140 194 237 259 [IL
263 192 381 259 235]
522 198 604 244 IN
642 200 993 248 GENESIN.
1034 204 1290 253 SERMO
1323 208 1407 254 111.
1695 212 1753 263 64

146 298 405 373 symbolo
433 301 807 371 generationis
845 300 1090 376 figurans
1127 306 1552 367 instrumentum
1585 330 1759 387 gene-

147 373 329 429 randi.
414 374 597 428 Tertio
618 374 777 431 docet
796 393 924 432 eum
938 418 951 443 ‚
994 380 1094 449 qui
1115 383 1522 441 matrimonium
1540 391 1758 445 exerci-

147 457 303 503 turus
334 455 451 511 est,
494 450 719 504 omnino
746 451 903 521 prius
932 452 1334 513 circumcidere
1359 463 1756 533 concupiscen-

146 524 251 577 tias
265 564 277 588 ‚
303 522 617 593 corripiens
638 523 875 581 lascivos
895 534 950 581 et
968 526 1310 586 effeminatos
1324 572 1337 597 ‚
1361 537 1540 607 utqui
1561 554 1757 610 super-

141 593 284 653 fluas
314 597 605 652 coiit-ceant
635 600 1029 657 commixturas
1043 642 1057 668 ,
1099 617 1246 675 quae
1273 620 1382 661 non
1409 618 1633 682 propter
1657 630 1758 684 ge-

138 673 492 727 nerationem
510 688 809 743 puerorum
822 716 839 742 ‚
879 674 983 732 sed
1005 676 1080 733 ob
1106 679 1510 739 incontinentes
1536 686 1758 758 cupidi-

134 756 283 803 tates
310 746 541 803 fiebant.

180 918 357 978 Quare
374 920 672 985 aliem’yenas
688 920 831 971 etiam
848 922 1138 975 cir-cumcidit
1155 924 1434 978 Abraham?
1467 930 1519 995 (1
1530 933 1574 995 ⁷,
1597 934 1709 994 27.)

256 1041 350 1095 62.
392 1038 625 1110 Sapiens
649 1047 764 1096 tam
782 1042 939 1097 utilis
960 1050 1071 1107 est,
1114 1060 1282 1115 quam
1302 1044 1578 1103 humanus
1593 1090 1607 1114 ,
1649 1052 1752 1121 qui

123 1131 255 1169 non
274 1121 537 1185 cognatos
554 1114 705 1172 solos
730 1132 797 1170 ac
820 1117 1036 1172 vicinos
1051 1158 1065 1181 ‚
1106 1118 1210 1173 sed
1227 1120 1392 1175 etiam
1411 1122 1753 1195 alienigenas

124 1198 189 1245 et
222 1188 445 1243 alienae
471 1197 653 1245 sectae
681 1189 936 1247 homines
962 1191 1146 1248 salvat
1172 1200 1225 1248 et
1243 1193 1443 1251 invitat
1463 1196 1534 1250 ad
1551 1212 1641 1262 se,
1683 1214 1754 1253 ex

125 1264 389 1337 propriis
418 1262 582 1319 bonis
614 1273 831 1337 partem
860 1266 943 1321 eis
960 1265 1174 1322 donans
1187 1308 1201 1333 ‚
1243 1285 1315 1324 ex
1334 1270 1600 1341 patientia
1617 1272 1754 1328 reli-

125 1342 411 1413 giosaque
449 1340 813 1409 continentia3
865 1340 1003 1396 haec
1039 1342 1190 1397 enim
1225 1352 1357 1399 sunt
1395 1344 1750 1405 fundamenta

128 1414 421 1471 firmitatis
436 1454 450 1479 ‚
494 1430 605 1487 quo
625 1414 861 1473 tendens
883 1416 1123 1489 quiescit
1139 1419 1319 1475 omnis
1339 1420 1538 1478 virtus.
