2125 3084
122 167 227 232 ΠΙ,
258 164 385 231 255]
510 170 595 215 m
634 169 989 215 Gssmzsm.
1028 171 1284 217 sERuo
1320 172 1406 222 Π.
1689 168 1759 223 77

130 272 279 327 tiam
319 287 461 326 vero
499 270 561 325 in
599 276 881 341 posterum
913 272 1146 327 remittit
1159 312 1172 335 ,
1221 282 1502 343 praestans
1540 276 1758 331 animae

138 347 536 419 probationem
566 344 889 413 firmiorem3
934 346 1058 401 vult
1077 347 1228 401 enim
1249 349 1440 403 maiori
1459 352 1758 420 procrasti-

140 423 371 477 natione
400 421 559 475 sitim
587 436 793 492 augere
814 428 871 475 et
898 419 1242 476 desiderium
1269 422 1490 492 pietatis
1520 425 1758 480 immen-

142 514 267 552 sum
308 494 573 551 reddere.
654 496 894 566 Tempus
924 502 1108 550 autem
1137 512 1248 550 non
1278 504 1363 551 est
1389 499 1555 569 spatii
1583 500 1756 554 solius

140 588 351 626 nomen
364 611 380 635 ‚
424 569 526 625 sed
559 585 687 623 cum
716 568 901 624 debita
930 569 1206 625 solutione
1241 587 1454 625 rerum:
1515 574 1756 643 spatium

138 648 294 701 enim
340 643 702 715 persolvendi
742 652 827 699 est
863 646 1220 700 correctionis
1257 654 1478 716 tempus
1492 686 1504 710 ‚
1547 647 1760 717 persol-

137 720 319 775 vendi
342 726 529 773 autem
550 735 769 773 omnem
787 718 1197 774 rectitudinem.
1257 719 1605 775 Manifestam
1628 721 1759 775 huic

134 795 277 851 facit
296 793 473 849 fidem
498 793 627 857 ille,
676 794 776 864 qui
804 792 873 866 (s.
904 793 1078 858 illud,
1111 793 1280 867 qnod)
1317 794 1548 868 dixit*).
1627 796 1760 850 Pro-

131 871 339 943 prium
358 869 513 923 enim
532 882 595 922 ac
614 876 826 923 certum
846 875 931 923 est
946 884 1049 939 per
1067 868 1319 923 divinam
1337 870 1600 925 virtutem
1627 886 1758 941 per—

132 945 292 999 solvi
322 945 631 1015 quiequam
660 951 809 998 reete
824 984 837 1007 ,
879 944 1028 997 sicut
1054 951 1110 998 et
1126 960 1226 1015 per
1245 944 1369 999 illos
1387 944 1598 1017 quibus
1619 945 1758 1000 velit

132 1018 475 1074 concedere.
553 1020 723 1073 Horas
750 1034 882 1091 ergo
911 1027 1178 1074 memorat
1207 1036 1314 1073 non
1333 1027 1642 1091 temporum
1663 1029 1758 1075 aut

134 1093 572 1149 intervallorum
590 1094 926 1165 prolixitatis
944 1095 1134 1165 potius
1147 1135 1162 1159 ,
1201 1110 1370 1165 quam
1393 1094 1608 1149 ordinis
1626 1094 1758 1149 har·-

136 1170 389 1223 moniae.
467 1170 609 1222 Nam
649 1169 779 1223 anni
810 1166 883 1243 [³¹⁵]
914 1169 1188 1223 circulum
1227 1168 1583 1240 temporibus·
1603 1168 1758 1223 ordi-

138 1260 283 1299 nare
322 1250 515 1315 aptum
556 1242 687 1298 fuit:
746 1244 897 1315 quod
935 1244 1251 1317 symbolum
1281 1242 1414 1299 facit
1441 1244 1658 1298 animae
1685 1260 1758 1298 ex

140 1318 483 1373 inordinatis
503 1316 751 1373 moribus
770 1319 831 1372 in
850 1318 1102 1374 ordinem
1121 1328 1175 1375 et
1195 1318 1444 1375 debitum
1463 1334 1756 1374 ornamen-

142 1404 269 1448 tum
288 1394 570 1460 venienti;
634 1394 726 1447 cui
748 1392 1043 1449 concedere
1066 1396 1166 1459 ait,
1201 1396 1250 1449 si
1269 1394 1644 1467 permansisse
1663 1394 1754 1449 vi-

146 1468 297 1523 derit
314 1469 375 1523 in
394 1467 592 1523 ordine
612 1475 666 1523 et
686 1469 959 1540 aequitate
972 1510 985 1533 ‚
1026 1471 1435 1543 generationem
1463 1470 1751 1525 meliorem

148 1550 347 1599 natura
369 1543 555 1615 ipsius
578 1558 680 1615 per
698 1560 759 1598 se
778 1543 978 1599 edocti.

296 1648 319 1738 Ι

202 1752 363 1813 Quoee
398 1754 543 1804 dieit:
594 1750 713 1814 „Et
746 1751 911 1802 Sar-m
944 1752 1150 1813 audivit,
1189 1752 1410 1815 quoniam
1443 1751 1516 1800 ad
1543 1751 1714 1801 ostium

484 1819 783 1871 tabernaculi
812 1830 917 1870 orat
942 1830 1058 1885 post
1093 1822 1272 1867 ernust?
1307 1818 1426 1881 (ib.)

188 1994 195 1997 .
275 1944 353 1995 ⁴3.
395 1940 597 1995 Littera
618 1937 908 1993 manifesta
935 1937 1160 1993 videtur
1189 1951 1329 1989 esse.
1406 1932 1494 1988 Ad
1519 1940 1758 1987 mentem

161 2032 287 2071 vero
316 2014 543 2069 fortasse
571 2014 655 2069 sic
684 2030 743 2067 se
771 2014 956 2069 habet.
1016 2012 1203 2067 Virtus
1235 2027 1266 2064 a
1293 2007 1582 2082 posteriori
1602 2016 1756 2080 parte

163 2098 263 2145 stat
289 2089 471 2153 illius,
510 2088 611 2161 qui
638 2088 903 2143 virtutem
924 2104 995 2144 ex
1014 2095 1207 2141 natura
1233 2093 1439 2149 servat,
1481 2101 1592 2140 non
1611 2084 1758 2139 sicut

165 2181 296 2235 puer
324 2164 613 2219 servitium
644 2178 815 2234 agens
830 2204 843 2227 ,
884 2162 985 2217 sed
1005 2162 1152 2217 sicut
1170 2160 1444 2233 perfectus
1464 2158 1757 2231 dispensa-

166 2248 245 2293 tor
268 2247 323 2293 et
349 2246 524 2293 rector
551 2237 787 2292 habenis
815 2238 875 2293 in
904 2254 1130 2291 manum
1165 2236 1401 2307 sumptis
1435 2236 1580 2307 regit
1615 2235 1757 2289 diri-

166 2313 351 2385 gitque
367 2320 537 2367 totam
558 2312 801 2368 animam
821 2320 877 2367 et
892 2329 1074 2367 mores
1093 2312 1259 2369 vitae.
1337 2308 1632 2379 Siquidem
1657 2324 1758 2363 an-

172 2388 385 2441 teriores
404 2404 515 2442 non
534 2385 731 2441 vident
747 2388 1096 2458 posteriore&
1114 2386 1450 2458 posteriores
1467 2390 1649 2434 tamen
1670 2381 1760 2435 vi-

171 2461 295 2517 dent
310 2462 467 2517 iuxta
486 2478 549 2515 se
568 2468 795 2517 stantes.
869 2462 1134 2532 Proprius
1163 2467 1346 2515 autem
1367 2456 1522 2509 locus
1541 2460 1624 2507 est
1643 2453 1762 2507 vir-

171 2538 297 2591 tutis
324 2535 396 2591 ad
420 2537 629 2591 ostium
655 2543 825 2604 stare3
884 2537 1092 2592 ostium
1111 2551 1244 2591 vero
1264 2528 1660 2602 cogitationum
1679 2535 1762 2581 est

267 2710 309 2759 ¹)
346 2710 455 2759 Quis
478 2710 553 2749 vel
576 2709 653 2749 ubl
678 2708 897 2759 emptura
918 2710 1027 2749 hue
1050 2705 1230 2749 dixerit,
1263 2712 1354 2743 non
1375 2701 1524 2747 liquet.
1577 2698 1740 2737 Aneh.
