2125 3084
360 157 459 231 25'6
614 182 808 229 run..
844 182 995 228 ιω).
1030 180 1354 241 QUAEST.
1389 160 1489 227 ἐτ
1535 184 1690 229 so1..
1736 179 1948 246 [mua]

362 283 691 355 arboresque
718 291 774 337 et
796 279 961 350 flores
988 289 1041 337 et
1071 280 1301 337 fructus.
1378 282 1824 341 Benedictionem
1852 299 1948 341 an—

358 367 470 414 tem
492 367 745 422 meretur,
770 358 876 411 tion
898 358 1076 428 quiin
1098 374 1208 411 uno
1227 364 1468 429 tempore
1491 367 1574 413 est
1592 358 1724 415 boni
1743 360 1942 425 odori3‚

358 433 533 489 bonae
575 434 761 505 spicae
798 440 853 487 et
886 431 1017 486 boni
1046 430 1288 495 fructus,
1327 432 1424 487 sed
1452 443 1718 503 perpetua
1746 436 1948 509 gaudet

358 507 657 564 fertilitate.
735 507 965 562 Animae
996 523 1128 561 vero
1155 523 1380 579 campus
1405 512 1488 561 est
1503 506 1706 577 plenus
1727 512 1948 582 sapien-

355 586 433 639 tia
462 592 748 654 rorataque
776 580 843 653 (s.
867 581 1208 653 roratusque)
1237 582 1463 647 virtute;
1533 579 1743 636 fructus
1765 593 1948 639 autem

356 658 579 732 singula
595 674 761 729 opera
780 665 833 712 et
850 656 1149 714 conformia
1169 657 1250 711 eis
1270 655 1434 711 verba
1449 697 1462 719 ,
1485 670 1718 725 quorum
1739 674 1946 713 unum-

356 733 635 805 quodque,
655 740 717 787 ut
734 734 810 788 ita
830 731 1031 796 dicam,
1054 732 1330 803 privatum
1349 730 1567 785 odorem
1585 747 1714 801 prae
1735 749 1796 786 se
1818 731 1941 799 fert,

356 808 662 864 secundum
682 806 1033 881 prudentiam
1048 848 1060 870 ,
1091 805 1395 861 secundum
1416 805 1760 861 sobrietatem
1782 814 1836 861 et
1854 824 1946 863 se·

356 884 601 939 cundum
632 883 920 938 iustitiam.
998 882 1138 937 Nam
1163 882 1323 952 quasi
1352 880 1677 955 fragratione
1711 880 1944 937 donatur

356 961 469 1014 vita
490 966 671 1014 nostra
689 956 929 1030 singulis
950 974 1021 1011 ex
1040 955 1341 1013 virtutibus
1356 997 1368 1021 ‚
1393 954 1693 1027 spiramina
1712 955 1942 1031 (suavia)
2011 1002 2017 1007 .

354 1050 619 1107 spargens
639 1050 738 1105 per
757 1032 904 1087 dicta
924 1030 993 1087 ad
1013 1032 1312 1103 proximos„
1336 1030 1768 1103 quimelioribus
1779 1048 1943 1105 quam

353 1126 424 1163 ex
451 1108 707 1164 thuribus
742 1108 1066 1178 cunctisque
1095 1106 1339 1161 materiis
1369 1105 1575 1179 (thuris
1606 1106 1806 1181 instar)
1835 1107 1945 1162 fra-

352 1183 669 1257 grantibus‚
712 1182 1048 1253 incorporeis
1076 1182 1340 1236 nimirum
1365 1180 1629 1237 odoribus
1661 1183 1792 1238 tacti
1831 1182 1944 1239 lae-

352 1267 537 1315 tantur
554 1275 904 1331 magnopere.
964 1255 1123 1323 Quod
1143 1264 1321 1311 autem
1343 1273 1509 1328 super
1527 1259 1712 1312 omnia
1733 1257 1942 1313 dictum

352 1343 461 1397 est,
504 1333 754 1405 sigillum
783 1331 1160 1387 affirmationis
1186 1332 1518 1402 comperitur
1537 1333 1687 1396 eius,
1728 1335 1828 1405 qui
1847 1350 1944 1388 su-

352 1424 577 1481 premus
605 1415 713 1475 est3
774 1407 1035 1479 quoniam
1060 1406 1387 1463 benedicere
1412 1414 1466 1461 et
1489 1406 1745 1463 benedici
1766 1408 1836 1463 ab
1855 1425 1937 1472 eo,

350 1657 663 1715 florentium
683 1656 967 1733 frugiferis
986 1659 1272 1731 auspiciis,
1302 1657 1701 1715 benedictionis
1720 1675 1942 1732 quoque

351 1734 575 1809 dignus,
603 1734 752 1806 quod
771 1752 879 1790 non
902 1742 1145 1807 tempore
1163 1742 1486 1807 egestuosus
1507 1732 1693 1807 (maro.
1716 1732 1940 1809 segetis)

350 1830 381 1867 a
403 1811 738 1867 fecunditate
758 1812 855 1876 sit,
886 1810 984 1866 sed
1004 1811 1235 1883 perenni
1256 1808 1532 1865 fertilitate
1551 1808 1804 1865 refertus.
1843 1810 1940 1865 Est

350 1889 499 1943 enim
520 1888 701 1943 anima
722 1887 886 1959 plena
912 1886 1217 1959 sapientiae
1245 1893 1299 1940 et
1325 1900 1453 1958 ager
1476 1886 1939 1957 pastinatissimus

349 1962 773 2034 disciplinarum
802 1980 1003 2035 capax,
1046 1961 1235 2035 fruges
1264 1968 1446 2015 autem
1475 1960 1604 2016 facit
1632 1959 1939 2015 laudabiles

350 2039 492 2109 ipsis
528 2038 789 2111 operibus
825 2038 1103 2102 veritatiS,
1155 2053 1390 2108 quarum
1424 2034 1676 2109 singulae
1713 2051 1811 2107 pro
1845 2035 1942 2108 pio

351 2113 535 2184 (marq.
576 2112 816 2186 proprio)
852 2112 1121 2183 pollentes
1159 2111 1323 2167 odore
1357 2110 1783 2175 benedicuntur,
1839 2126 1940 2181 pro

352 2187 641 2259 vigilantia
670 2186 962 2257 pudicitia.
1047 2188 1124 2241 De
1151 2186 1392 2259 singulis
1421 2186 1570 2241 enim
1605 2186 1799 2241 vitales
1827 2184 1942 2239 ori-

352 2269 519 2316 untur
554 2278 785 2333 vapores
824 2261 1113 2316 suavitatis
1153 2263 1211 2316 in
1249 2260 1500 2316 dicendis
1539 2261 1934 2335 gerendisque:

350 2352 480 2391 suos
518 2336 685 2392 etiam
722 2335 1166 2406 approximantes
1204 2336 1502 2401 delectant,
1553 2334 1702 2407 quod
1739 2335 1940 2389 melius

349 2420 432 2465 est
450 2412 617 2466 totius
640 2410 922 2466 libaminis
948 2419 1002 2466 et
1020 2411 1324 2467 hostiarum
1339 2454 1352 2477 ‚
1395 2420 1448 2467 et
1466 2411 1942 2467 odoramentorum

348 2485 675 2541 iucundius:
734 2486 1017 2559 pulsantes
1067 2487 1215 2541 enim
1260 2496 1470 2543 mentes
1506 2486 1938 2558 incorporaliter,

350 2560 704 2624 exhortantur
726 2562 987 2633 ampliare
1008 2560 1349 2618 charitatem.
1425 2562 1524 2616 Est
1549 2561 1696 2619 enim
1725 2576 1826 2632 pro
1851 2560 1946 2613 in-

348 2641 502 2703 tegro
522 2634 681 2689 titulo
699 2632 1023 2705 plensssime
1044 2635 1254 2691 dictum
1267 2678 1280 2701 ‚
1323 2637 1474 2708 quod
1493 2636 1682 2707 siquid
1707 2633 1948 2690 benedi-

350 2706 493 2759 citur
506 2746 521 2768 .
574 2710 911 2781 acceptabile
942 2719 1027 2769 est
1057 2712 1238 2767 >autori
1267 2710 1498 2769 domino
1531 2712 1940 2778 universorum,
