2125 3084
347 170 443 224 ⁴22
594 173 790 218 PHIL.
828 172 976 217 IUD.
1018 170 1340 229 QUAEST.
1377 171 1476 215 ET
1525 171 1680 215 son.
1716 165 1801 230 [11‚
1827 170 1970 236 som]

342 275 474 329 bera
502 273 603 327 vix
630 271 852 335 servili,
900 272 1125 325 omnino
1162 287 1291 325 eum
1328 270 1600 341 sapientia
1631 270 1964 345 adornat*),

342 357 397 403 et
418 346 667 402 deditum
692 346 996 417 sapientiae
1022 344 1291 399 adscribit
1316 345 1374 398 in
1401 346 1601 399 seriem
1628 346 1969 417 principum

342 438 646 495 regumque
696 420 1084 475 maximorum.
1182 418 1447 485 Quartum
1491 436 1622 473 vero
1671 422 1969 477 connectit

344 498 499 552 iuxta
520 496 770 552 ordinem
792 495 1110 550 insertionis
1129 494 1441 548 necessario
1467 492 1526 547 id
1547 493 1696 564 quod
1717 496 1967 567 respicit

342 572 412 627 ad
432 571 819 626 constantiam:
862 568 1144 640 siquidem
1163 570 1534 624 inconstantes
1553 576 1752 624 suntet
1771 569 1965 625 cadu—

342 663 439 701 cae
468 646 756 700 hominum
784 642 1156 699 ordinationes
1168 642 1284 715 Η),
1334 642 1684 713 perturbatae
1714 660 1961 714 perver-

340 737 547 792 saeque
566 718 874 774 secundum
895 735 1074 773 mores
1089 758 1102 781 ‚
1127 726 1358 773 eventus
1377 725 1432 771 et
1450 716 1720 785 fortunas3
1745 736 1954 773 verum

340 795 712 851 ordinationes
742 793 833 847 dei
864 792 1214 847 firmissimae
1241 800 1371 847 sunt
1405 808 1476 846 ex
1507 792 1730 863 propria
1759 794 1956 849 incor-

341 869 709 942 ruptibilitate
738 867 1066 924 exhibentes
1091 867 1208 923 illis
1229 866 1536 941 legitimam
1555 868 1944 923 constantiam.

418 1023 577 1082 Quare
612 1024 800 1077 dicunt.-
851 1060 886 1089 ‚,
900 1024 963 1074 In
1000 1024 1158 1076 electis
1187 1025 1489 1076 monumentis
1521 1024 1694 1075 ποετνίε
1728 1024 1878 1089 sepeli

818 1102 1043 1143 mortuum
1082 1102 1206 1143 tuum
1220 1094 1286 1141 “2
1342 1092 1460 1157 (ib.)

452 1195 539 1248 77.
589 1194 792 1250 Littera
823 1192 1003 1248 facilis
1033 1202 1116 1248 est
1145 1202 1335 1266 captu:
1386 1194 1458 1249 ob
1487 1192 1776 1257 honorem,
1826 1208 1944 1263 quo

340 1286 468 1323 eum
505 1268 1006 1339 prosequebantur,
1058 1267 1194 1322 fassi
1233 1277 1362 1324 sunt
1397 1267 1696 1323 concedere
1731 1268 1786 1321 ei
1825 1268 1942 1322 ele—

340 1352 490 1397 ctum
509 1342 847 1411 sepulcrum.
888 1340 975 1395 Ad
996 1350 1236 1397 mentem
1258 1360 1414 1398 vero:
1449 1345 1506 1397 in
1528 1342 1750 1397 homine
1767 1358 1940 1414 pravo

338 1416 483 1471 vivit
518 1432 717 1486 corpus
751 1432 853 1489 per
886 1414 1219 1486 cupiditates
1254 1426 1307 1473 et
1334 1418 1642 1489 voluptates
1670 1434 1782 1471 una
1809 1416 1940 1472 cum

340 1489 555 1544 cunctis
582 1488 750 1543 rebus
764 1529 777 1554 ‚
820 1490 1026 1561 quibus
1056 1489 1358 1547 delectatur
1373 1533 1385 1557 ,
1428 1494 1573 1547 sicut
1600 1493 1932 1559 animatum3

340 1572 395 1619 at
420 1564 480 1617 in
507 1563 712 1619 virtute
736 1564 983 1638 praedito
1008 1574 1285 1621 mortuum
1311 1576 1421 1634 est,
1463 1566 1776 1640 praeferens
1797 1568 1857 1621 in
1879 1583 1938 1621 se

340 1638 541 1693 famem
561 1638 955 1695 mediocritatis
982 1648 1036 1696 et
1065 1648 1396 1713 temperatae
1423 1643 1817 1706 continentiae,
1860 1643 1934 1696 ita

338 1722 400 1769 ut
438 1713 588 1769 haud
626 1715 901 1771 immerito
938 1715 1182 1782 dicatur,
1244 1716 1394 1788 quod
1439 1718 1706 1788 sapientis
1754 1717 1933 1771 anima

338 1789 492 1845 velut
537 1789 801 1846 aheneam
845 1791 1172 1865 imaginem,
1254 1793 1618 1847 inanimatum
1663 1809 1725 1846 ac
1767 1808 1935 1864 grave

338 1882 537 1938 corpus
585 1862 659 1941 [³¹⁶]
698 1867 945 1932 habens,
1008 1882 1228 1937 semper
1264 1875 1541 1921 mortuum
1579 1868 1636 1921 in
1676 1884 1736 1921 se
1770 1867 1932 1939 gerit.

336 1941 500 1996 Porro
520 1942 773 2013 exempla
794 1943 1061 1998 contraria
1083 1949 1433 2013 opponuntur
1446 1983 1459 2006 ,
1493 1941 1766 1997 dicentes:
1825 1943 1937 1995 No-

338 2014 427 2068 bis
449 2014 583 2068 cede
610 2024 665 2069 et
682 2016 921 2070 concede
950 2034 1140 2071 curam
1167 2018 1288 2071 eius
1311 2016 1572 2088 (corporis
1591 2018 1712 2072 sive
1734 2015 1936 2089 carnis)

338 2096 393 2141 et
411 2089 848 2157 procurationem
865 2130 877 2154 ,
911 2099 973 2145 ut
994 2090 1223 2145 electam
1241 2094 1464 2146 omnino
1483 2100 1694 2163 partem
1714 2090 1932 2155 habeat,

338 2168 393 2214 et
430 2162 691 2214 memoria
729 2162 962 2234 dignum
1002 2164 1274 2220 efficiatur
1309 2183 1408 2237 per
1436 2166 1624 2221 cibum
1663 2175 1716 2220 et
1742 2174 1936 2236 potum

338 2233 835 2306 indumentumque
848 2277 860 2300 ,
885 2254 1095 2308 perque
1113 2241 1298 2294 omnia
1312 2282 1324 2304 ,
1356 2257 1498 2313 quae
1518 2241 1768 2295 serviunt
1788 2241 1937 2294 vitae

338 2308 661 2374 deliciosae,
705 2309 885 2365 lautae
915 2320 969 2367 et
996 2314 1326 2383 exquisitae.
1403 2316 1503 2371 Ille
1533 2332 1664 2370 vero
1692 2312 1937 2387 (sapiens

338 2402 385 2438 S.
427 2385 608 2440 anima
646 2384 932 2458 sapientis)
972 2402 1135 2457 aegre
1173 2387 1278 2442 fert
1313 2388 1458 2445 dicta
1509 2398 1564 2445 et
1609 2397 1935 2459 exspectans

337 2460 600 2531 temporis
630 2459 797 2515 habet
830 2460 1128 2533 diligenter
1160 2479 1374 2529 curam,
1429 2464 1640 2521 leniens
1674 2464 1937 2521 adversa-

437 2634 481 2669 ’ὶ
508 2642 543 2671 s.
570 2633 675 2672 siem
690 2635 938 2683 sapientiam
955 2632 1146 2673 celebrat.
1196 2632 1360 2675 Auch.

438 2697 506 2741 ⁸⁸>
530 2706 567 2737 ε.
592 2700 882 2747 dispositiones
900 2702 965 2741 vel
980 2703 1237 2749 ornamenta.
1290 2700 1452 2742 Auch.
