2125 3084
314 174 378 225 5ο
546 176 747 221 prm„
788 174 940 221 mn.
982 173 1313 232 QUAEST.
1353 172 1453 217 ET
1492 166 1915 234 SOL.[11‚224.]

316 290 548 347 latitudo
567 288 1025 362 profunditasque
1040 328 1052 351 ‚
1097 302 1240 357 quae
1261 285 1520 358 aequales
1541 285 1653 340 sibi
1675 286 1917 340 invicem

315 374 470 429 sunt,
538 382 638 436 per
681 365 925 437 primum
968 370 1226 417 octavum
1271 359 1608 416 indicantur.
1713 361 1914 427 Tertio,

315 440 640 511 compositio
666 439 849 494 octavi
877 437 1247 508 homologiam
1276 437 1448 507 parit,
1501 451 1795 489 numerum
1829 436 1921 489 vi-

315 514 517 570 delicet
546 515 773 587 triginta
801 530 926 576 sex,
967 529 1134 583 quem
1171 511 1540 583 homologiam
1568 510 1920 583 Pythagorici

318 589 691 660 appellarunt,
734 588 997 660 quoniam
1024 588 1085 640 in
1120 587 1242 657 ipso
1279 586 1524 657 primum
1563 584 1921 655 superaddita

316 666 425 737 (sc.
448 663 709 736 imparia)
739 680 867 717 cum
891 662 1122 733 paribus
1149 668 1543 715 convenerunt.
1625 658 1922 730 Siquidem

317 748 553 811 quatuor
570 737 897 811 singillatim
918 736 987 791 ab
1010 736 1222 791 unitate
1243 734 1598 806 superaddita
1621 732 1916 806 (imparia),

318 823 373 870 et
403 832 434 869 a
462 814 680 869 duobus
709 830 809 884 per
836 813 1017 883 paria,
1069 818 1341 882 peragunt
1372 809 1515 864 illud
1543 810 1770 880 triginta
1799 824 1920 862 sex.

318 890 553 959 Imparia
575 896 758 941 autem
778 888 882 941 ista
903 894 1057 941 sunt:
1101 888 1144 939 I.
1173 887 1263 940 III.
1292 885 1359 940 V.
1388 885 1508 948 VII,
1552 900 1694 955 quae
1716 884 1926 938 consti-

318 972 482 1018 tuunt
510 963 660 1029 XVI3
705 963 857 1032 paria
888 978 1018 1016 vero
1047 960 1209 1015 haec:
1253 961 1319 1014 lI.
1347 960 1438 1015 IV.
1471 959 1562 1015 VI.
1591 959 1734 1021 VIII,
1779 974 1924 1029 quae

321 1038 459 1093 fiunt
486 1038 620 1104 XX3
675 1037 959 1091 amborum
988 1037 1175 1107 itaque
1212 1035 1534 1105 compositio
1569 1032 1785 1104 perficit
1815 1033 1927 1088 tri-

320 1114 475 1185 ginta
495 1121 549 1167 et
567 1128 668 1167 sex
682 1154 694 1177 ‚
737 1111 1057 1167 fertiliorem
1077 1109 1321 1180 profecto
1343 1125 1656 1162 numerum.
1735 1106 1928 1173 Quon-

320 1189 432 1243 iam
451 1187 870 1259 quadrangulus
891 1194 999 1248 est,
1044 1185 1186 1239 latus
1207 1180 1418 1236 habens
1439 1183 1769 1246 sextarium,
1805 1184 1927 1253 pri-

320 1280 475 1316 mum
504 1279 603 1332 par
638 1262 843 1331 impar,
894 1258 1045 1329 quod
1081 1258 1435 1312 veracissime
1465 1258 1694 1329 quidam
1727 1266 1928 1313 vocant

321 1336 664 1390 harmoniam
694 1335 781 1389 vel
822 1332 1260 1395 matrimonium,
1313 1348 1535 1403 quoque
1563 1349 1700 1387 usus
1730 1333 1929 1387 condi-

323 1418 405 1464 tor
425 1409 809 1463 universorum
829 1414 1085 1479 operatus
1106 1414 1188 1461 est
1208 1406 1478 1461 mundum
1494 1450 1506 1472 ,
1537 1408 1682 1461 sicut
1701 1415 1929 1463 sanctus

322 1482 707 1554 mirabilisque
739 1482 878 1537 liber
908 1482 1181 1539 Mosaicus
1209 1480 1392 1537 refert.
1471 1482 1700 1549 Quarto,
1743 1484 1928 1539 octavi

321 1558 448 1613 idea
470 1560 612 1629 parit
633 1559 920 1631 sexaginta
939 1565 1192 1629 quatuor,
1216 1557 1365 1629 quod
1387 1565 1470 1612 est
1486 1559 1701 1630 primus
1723 1558 1924 1621 cubu3‚

322 1649 545 1704 unaque
563 1633 1037 1706 quadrangulum,
1062 1642 1229 1706 typus
1251 1634 1628 1704 incorporeae,
1654 1632 1932 1705 intelligi-

324 1708 457 1763 bilis
492 1709 911 1781 invisibilisque
946 1708 1315 1769 substantiae,
1370 1725 1432 1762 ac
1471 1724 1788 1779 corporeae:
1837 1708 1932 1762 in-

325 1785 624 1855 corporalis
640 1826 652 1850 ‚
682 1786 837 1840 iuxta
856 1784 1304 1857 quadrangulum
1325 1800 1522 1855 parens
1542 1782 1924 1853 superficiem3

324 1860 623 1932 corporalis
660 1878 816 1925 vero,
868 1862 1025 1916 iuxta
1069 1860 1276 1915 cubum
1310 1866 1574 1913 stereoma
1610 1856 1926 1928 perficiens.

323 1934 553 2001 Quinto,
596 1948 891 2009 cognatum
911 1946 994 1991 est
1014 1952 1234 2007 semper
1254 1934 1486 2006 virginis
1516 1941 1727 2004 septem
1743 1974 1755 1996 ,
1799 1950 1932 2003 par-

325 2016 407 2062 tes
437 2010 587 2063 enim
621 2012 800 2065 octavi
838 2010 1135 2080 perficiunt
1167 2017 1405 2080 septem,
1455 2008 1589 2078 quia
1627 2008 1930 2062 dimidium

326 2089 409 2136 est
444 2090 703 2152 quatuor,
748 2092 941 2152 quarta
979 2100 1108 2153 pars
1144 2084 1281 2147 duo,
1324 2091 1516 2137 octava
1545 2099 1747 2145 unum,
1787 2099 1932 2153 quo-

326 2171 449 2209 rum
483 2171 699 2210 summa
734 2165 817 2209 est
850 2164 1084 2227 septem.
1165 2157 1359 2221 Sext0‚
1407 2157 1586 2212 octavi
1625 2158 1804 2210 virtus
1845 2166 1931 2211 est

326 2230 612 2301 sexaginta
654 2237 918 2300 quatuor,
990 2230 1141 2300 quod
1186 2232 1426 2286 dicimus
1471 2247 1765 2286 numerum
1810 2231 1932 2301 pri-

326 2321 505 2368 mum,
546 2304 752 2359 cubum
774 2322 837 2359 ac
855 2304 1321 2376 quadrangulum.
1402 2304 1675 2375 Septimo,
1709 2304 1778 2359 ab
1798 2306 1932 2359 uni-

324 2387 431 2433 tate
462 2379 789 2451 singillatim
817 2396 915 2450 per
952 2378 1201 2449 duplicia
1241 2380 1401 2442 haec,
1453 2381 1496 2432 Ι.
1537 2380 1605 2431 11.
1649 2379 1742 2434 IV.
1793 2380 1926 2433 VIII.

334 2454 478 2508 XVI.
502 2455 729 2517 XXXII,
760 2452 831 2527 [*]
858 2460 1068 2507 constat
1086 2452 1274 2506 LXIV.
1331 2452 1504 2506 Habet
1525 2460 1766 2507 caeteras
1787 2469 1932 2524 quo-

325 2542 434 2595 que
481 2529 775 2599 ampliores
812 2529 1044 2582 virtutes
1085 2541 1347 2578 numerus
1385 2532 1638 2588 octavus,
1703 2525 1772 2579 de
1816 2543 1930 2595 quo

328 2600 463 2653 alias
485 2602 759 2670 diximus3
791 2600 1065 2673 praesenti
1092 2607 1272 2653 tamen
1294 2600 1602 2666 quaestioni
1625 2614 1925 2667 congruam

329 2674 597 2729 rationem
607 2676 1003 2732 redderelubet
1012 2670 1416 2744 dependentem
1437 2688 1507 2723 ex
1525 2672 1636 2723 iam
1655 2670 1924 2726 fundatis.
