2125 3084
306 205 401 259 ⁴44
538 210 740 257 PHIL.
777 208 927 255 IUD.
969 209 1292 267 QUAEST.
1332 208 1433 253 ΕΤ
1481 208 1640 254 SOL.
1681 203 1918 273 [11,297.]

304 318 593 382 peceatum
613 310 870 381 iniquum
892 317 1002 373 est,
1032 310 1118 363 sic
1142 307 1579 364 involuntarium
1599 310 1918 365 secundum

301 386 669 458 ignorantiam
707 385 859 439 illico
898 384 1136 447 iustum,
1194 382 1320 447 sed,
1385 391 1448 437 ut
1483 384 1626 437 mihi
1666 384 1916 451 videtur,

302 460 551 515 medium
580 468 729 514 tenet
755 460 934 513 locum
962 459 1107 513 inter
1125 465 1450 529 utrumque,
1493 459 1705 513 iustum
1727 469 1781 514 et
1801 461 1924 515 ini-

303 552 505 606 quum,
550 552 581 589 a
606 534 945 606 quibusdam
971 532 1294 586 indifferens
1320 540 1603 598 vocatum3
1649 536 1921 604 quoniam

302 618 589 681 peccatum
610 609 928 664 nullatenus
950 616 1033 665 est
1051 624 1192 678 opus
1214 608 1478 661 iustitiae
1549 605 1619 661 At
1644 606 1738 661 hic
1764 618 1819 663 et
1841 609 1920 664 de

303 686 399 740 illo
428 684 489 739 id
519 685 741 748 asserit,
786 683 1004 737 dicens:
1057 684 1124 737 In
1149 686 1407 736 munditia
1433 686 1606 736 cordis
1635 692 1684 737 et
1709 688 1921 738 iustitia

303 777 549 815 manuum
582 764 683 829 feei
714 761 809 813 hoe
845 766 997 824 (Gen.
1028 766 1110 825 20,
1143 761 1227 821 5).
1315 754 1559 821 Quorum
1603 772 1779 810 unum
1814 774 1918 811 ve-

304 851 427 889 rum
450 841 558 897 est,
604 833 837 887 alterum
859 832 1088 886 falsum:
1132 847 1328 885 verum
1355 832 1505 885 enim
1531 839 1615 886 est
1636 830 1916 886 munditia

306 908 515 971 cordia,
541 915 595 961 et
616 906 818 961 falsum
839 906 1052 961 iustitia
1073 922 1338 959 manuum
1359 905 1418 959 id
1443 904 1662 960 fecisse.
1742 907 1916 961 Nam-

304 1001 440 1055 que,
486 983 537 1039 ei
560 982 827 1045 dixerim,
872 990 1058 1036 utrum
1087 997 1195 1034 non
1225 989 1307 1035 est
1325 982 1460 1035 satis
1479 979 1584 1034 tibi
1605 980 1674 1035 ad
1695 981 1914 1052 iniqui-

304 1067 469 1113 tatem
488 1055 659 1122 illud,
702 1056 851 1129 quod
871 1073 973 1127 per
992 1072 1160 1127 opera
1181 1053 1402 1127 agitur?

312 1181 441 1239 Quid
480 1192 548 1232 est
592 1180 784 1261 „pix-it
832 1192 986 1231 autem
1032 1182 1081 1231 ei
1121 1179 1236 1228 deus
1275 1196 1370 1244 per
1411 1196 1643 1229 somnum.-
1707 1180 1779 1230 Et
1825 1198 1912 1246 eqo

439 1250 662 1313 aequavi,
715 1250 937 1313 quoniam
973 1250 1023 1297 in
1060 1247 1202 1295 corde
1231 1264 1358 1311 puro
1383 1248 1554 1313 fecisti
1587 1248 1699 1310 hoc,
1751 1256 1798 1297 et
1827 1266 1913 1313 pe-

432 1317 571 1379 perci
604 1317 711 1377 tibi,
762 1326 814 1365 ut
850 1332 943 1363 non
973 1330 1206 1378 peccares
1239 1316 1289 1363 in
1320 1330 1418 1374 me‚·
1457 1324 1656 1379 propter
1691 1314 1781 1365 hoc
1819 1332 1912 1365 non

431 1383 631 1445 permisi
664 1382 752 1431 tibi
783 1392 978 1445 tanyere
1014 1382 1198 1429 eam“5’
1242 1382 1350 1443 (20,
1373 1383 1447 1440 6.)

417 1478 502 1529 65.
546 1474 787 1529 Omnia
772 1493 829 1529 1n
861 1474 950 1529 his
979 1474 1146 1529 dictis
1177 1483 1429 1530 contenta
1456 1474 1645 1529 divina
1666 1443 1912 1547 profecto

304 1548 472 1603 verba
494 1558 623 1603 sunt
644 1557 697 1604 et
714 1557 1026 1621 praecepta.
1107 1550 1338 1605 Mundus
1367 1566 1498 1622 ergo
1528 1550 1733 1604 dicitur
1759 1551 1908 1616 talia,

304 1625 402 1693 qui
424 1625 737 1696 ignoranter
758 1632 812 1679 et
830 1625 1220 1689 involuntarie,
1253 1641 1362 1679 non
1390 1641 1519 1680 vero
1553 1622 1626 1699 [³³⁵]
1655 1625 1914 1680 volunta-

304 1699 386 1753 rio
415 1715 563 1753 more
583 1708 793 1771 peccat.
872 1701 1198 1755 Parcendum
1223 1708 1405 1754 autem
1434 1716 1554 1753 esse
1583 1700 1727 1763 illis,
1770 1717 1914 1771 quos

304 1776 629 1830 monstravit
650 1790 811 1849 aegre
834 1774 1114 1842 ferendos;
1161 1781 1214 1830 et
1240 1772 1616 1829 indifferenter
1641 1774 1909 1839 habendi,

305 1850 403 1919 qui
455 1850 827 1907 involuntarie
874 1851 1208 1906 iniustitiam
1257 1857 1515 1921 egerunt3
1599 1856 1764 1919 atque
1813 1850 1914 1905 de-

242 1933 251 1938 “
303 1941 457 1979 mum
488 1926 643 1990 illos,
696 1928 794 1997 qui
824 1927 1019 1998 inique
1048 1942 1108 1980 se
1141 1931 1342 1997 gerunt
1374 1924 1432 1977 in
1469 1922 1636 1977 rebus
1673 1923 1908 1988 diviniS,

304 2015 413 2052 non
443 2000 501 2052 in
532 2016 623 2053 eas
654 2009 893 2064 tantum,
946 2000 1046 2055 sed
1081 2001 1140 2055 in
1177 1998 1528 2054 divinitatem
1562 1998 1742 2069 ipsam
1777 2016 1913 2069 pec—

305 2088 455 2134 care,
501 2074 593 2125 cui
628 2075 916 2158 proprium
943 2083 1026 2129 est
1052 2075 1234 2128 omnis
1264 2090 1394 2127 cura
1421 2089 1486 2127 ac
1511 2072 1908 2143 praesidentia,

305 2146 465 2198 cuius
496 2152 580 2199 est
608 2148 788 2199 omnis
818 2149 1020 2217 gratia,
1065 2165 1208 2218 quae
1237 2148 1446 2218 primos
1474 2147 1643 2201 animi
1667 2148 1913 2218 impetus

213 2230 217 2234 ·
304 2217 635 2273 rebellantes
670 2222 980 2276 retrovertit
1016 2238 1116 2291 per
1153 2221 1586 2308 providentiam,
1643 2239 1713 2275 ne
1748 2238 1913 2292 prae-

305 2311 435 2365 ceps
480 2302 606 2349 ruat
644 2294 911 2375 cadatqne
948 2296 1007 2349 in
1054 2295 1294 2350 furorem
1339 2296 1454 2350 irae
1498 2296 1710 2366 iniquis
1757 2313 1914 2351 com-

304 2379 542 2441 paratae.

312 2492 439 2549 Quid
474 2504 542 2543 est
578 2492 770 2557 „Nunc
808 2504 959 2544 autem
996 2493 1142 2543 redde
1175 2510 1366 2543 uxorem
1402 2494 1596 2556 homini,
1645 2494 1762 2557 quia
1790 2512 1911 2559 pro-

430 2561 584 2623 pheta
612 2570 703 2623 est,
738 2571 783 2610 et
808 2563 964 2611 orabit
973 2578 1068 2624 pro
1089 2568 1157 2619 te‚·
1193 2560 1268 2607 sin
1287 2569 1441 2608 autem
1457 2576 1552 2609 non
1569 2559 1747 2621 reddis,
1767 2564 1907 2623 scito,

440 2628 555 2687 quia
587 2628 800 2677 morieris
834 2638 907 2690 tu,
948 2637 994 2676 et
1020 2627 1178 2675 omnia
1207 2641 1332 2687 quae
1359 2635 1444 2674 tua
1466 2629 1654 2675 sunW?
1693 2632 1802 2689 (20,
1833 2632 1910 2689 7.)

415 2728 500 2777 66.
542 2727 745 2780 Littera
768 2743 899 2796 prae
919 2742 978 2780 se
1000 2724 1104 2780 fert
1125 2724 1436 2795 apologiam
1457 2726 1754 2780 iuridicam
1775 2744 1912 2782 oon—
