2125 3084
160 217 251 283 [IL
272 213 397 278 453]
545 217 627 263 IN
665 218 1002 264 EXODUM.
1048 219 1303 264 SERMO
1339 222 1377 264 1.
1674 217 1772 268 305

158 322 375 376 dicitur
392 335 502 374 non
524 317 682 372 aliud
702 334 825 372 esse
844 316 1051 372 femina
1066 359 1078 382 ,
1105 319 1216 372 nisi
1237 320 1546 389 masculum
1567 323 1775 393 imper-

158 397 395 452 fectum.
462 393 747 456 Secundo,
778 395 1042 464 quoniam
1063 393 1338 448 masculos
1358 393 1539 448 occidi
1559 395 1774 452 iussum

160 479 279 526 erat
298 483 481 541 arege
502 468 747 541 regionis
762 508 776 532 ,
818 476 1003 523 contra
1026 467 1086 522 id
1107 483 1348 540 aequum
1369 468 1531 522 duxit
1551 477 1606 523 et
1620 471 1777 525 obla-

160 547 373 602 tionem
404 545 473 598 ad
503 544 739 616 gratiam
768 541 1110 598 reddendam
1140 560 1212 598 ex
1235 542 1562 597 masculinis
1582 543 1778 599 bestiis

164 621 307 676 fieri.
391 620 573 674 Tertio
615 626 799 672 autem
834 627 1061 690 propter
1089 618 1238 692 regis
1268 617 1654 672 crudelitatem
1679 635 1780 690 per

163 695 312 750 illud
333 694 579 749 edictum
600 693 949 765 publicatum
969 693 1039 748 de
1058 693 1204 748 natis
1227 693 1376 764 apud
1395 693 1689 764 Hebraeos,
1718 703 1781 749 ut

165 770 411 825 feminae
440 769 743 831 alerentur,
786 769 967 824 mai-es
996 775 1180 824 autem
1205 768 1608 823 occiderentur.
1690 768 1782 823 Si·-

167 844 403 916 quidem
430 842 797 900 conveniebat
810 883 823 905 ,
867 851 929 896 ut
946 844 1104 897 irrito
1125 843 1306 898 edicto
1323 860 1422 916 per
1441 843 1783 898 humanissi-

167 937 327 974 mum
346 918 681 974 beneficium
701 917 925 972 divinae
949 919 1226 988 potentiae
1241 959 1254 982 ,
1297 917 1366 973 de
1395 917 1658 974 masculis
1685 937 1784 973 su-

165 995 289 1050 bito
326 993 609 1050 vivifactis
644 1009 744 1064 per
778 992 1154 1048 masculorum
1197 992 1533 1048 oblationem
1577 995 1783 1064 gratias

166 1085 355 1142 agere.
440 1069 753 1124 Amiculum
796 1075 1009 1130 autem,
1060 1069 1325 1138 quoniam
1365 1068 1601 1123 masculi
1641 1085 1784 1123 anno

166 1144 389 1214 integro
408 1142 635 1212 perfecti
656 1143 1092 1215 comperiuntur.
1139 1143 1359 1197 Etenim
1379 1151 1672 1216 postquam
1693 1161 1784 1198 as-

169 1225 423 1273 seruerat
442 1216 743 1287 perfectum
764 1226 1046 1288 tamquam
1077 1217 1388 1288 principale
1403 1259 1415 1282 ,
1457 1217 1784 1289 superaddit

171 1311 267 1356 ea,
300 1290 509 1362 quibus
538 1294 642 1347 erit
669 1291 968 1363 perfectuS.
1046 1293 1377 1347 Huiusmodi
1408 1303 1540 1348 sunt
1561 1310 1785 1348 mascu-

170 1368 293 1422 lum
314 1383 437 1422 esse
458 1375 512 1421 et
532 1367 883 1422 anniculum:
944 1384 1063 1422 mas
1083 1367 1234 1422 enim
1247 1409 1260 1434 ,
1302 1377 1366 1423 ut
1383 1367 1535 1432 dixi,
1576 1367 1783 1423 femina

171 1439 469 1514 perfectior
508 1452 619 1509 est3
684 1442 979 1496 anniculus
1015 1450 1196 1498 autem
1237 1442 1524 1498 sufficiens
1562 1453 1783 1516 tempus

170 1517 385 1573 indicat
417 1516 775 1588 perfectionis
803 1516 1126 1572 huiusmodi
1153 1518 1498 1574 animalium.
1577 1520 1784 1575 Littera

170 1594 309 1648 haec
345 1591 605 1663 praefert.
685 1591 889 1647 Verum
928 1591 997 1646 ad
1034 1602 1305 1660 mentem,
1345 1611 1446 1666 pro
1515 1611 1672 1650 essus
1713 1593 1784 1648 ad

169 1669 435 1741 pietatem
480 1667 923 1738 condignamque
960 1669 1305 1724 sanctitatem
1345 1685 1444 1740 per
1469 1677 1618 1724 ectos
1661 1685 1784 1722 esse

169 1752 425 1812 oportere
447 1750 501 1796 et
518 1741 854 1798 masculinos
874 1750 929 1796 et
948 1743 1256 1798 anniculos.
1335 1743 1482 1808 Quid
1511 1749 1697 1795 autem
1723 1741 1786 1795 id

171 1819 277 1881 sit,
320 1815 658 1871 monendum
684 1825 788 1871 est.
866 1817 1104 1884 Quidam
1133 1815 1550 1892 progredientes
1580 1817 1638 1868 in
1669 1815 1787 1868 vir-

170 1900 293 1948 tute
308 1932 321 1955 ,
346 1897 643 1961 antequam
662 1889 823 1947 finem
844 1899 1252 1962 consequantur
1266 1930 1280 1954 ,
1313 1890 1636 1962 retrogressi
1655 1897 1788 1943 sunt

172 1966 434 2039 fugitivi3
496 1967 755 2036 quoniam
786 1969 1003 2022 animae
1032 1972 1386 2037 supernatam
1413 1965 1638 2019 virtutis
1671 1964 1786 2018 vim

176 2041 453 2096 destruxit
481 2041 742 2112 antiquus
768 2039 841 2116 [³¹⁵]
868 2058 1042 2105 error,
1087 2040 1186 2112 qui
1217 2038 1289 2094 ad
1316 2047 1536 2111 tempus
1563 2053 1786 2092 cessans

176 2117 380 2171 iterum
402 2132 602 2188 magna
621 2117 679 2170 vi
701 2117 927 2171 molitus
948 2122 1049 2169 est.

311 2263 473 2321 Quare
508 2265 609 2315 ovis
642 2265 794 2316 electa
824 2260 899 2330 (s.
938 2281 1093 2330 aquus
1124 2265 1225 2316 εἰπε
1253 2263 1503 2328 macula)?
1538 2263 1658 2329 (ib.)

291 2369 343 2420 8.
386 2365 733 2438 symbolice,
755 2374 819 2420 ut
836 2365 977 2430 dixi,
1001 2382 1358 2440 progressum
1377 2363 1685 2437 perfectum
1707 2365 1789 2418 si-

181 2439 405 2512 gnificat
423 2441 706 2513 simulque
725 2441 1056 2496 masculum.
1135 2443 1465 2514 Progressus
1485 2449 1667 2495 autem
1689 2455 1790 2495 ve-

182 2515 376 2568 raciter
406 2515 551 2570 nihil
582 2523 665 2571 est
694 2514 897 2580 aliud,
921 2517 1032 2570 nisi
1062 2515 1350 2572 derelictio
1371 2514 1598 2570 feminei
1617 2531 1789 2588 gene-

180 2590 282 2653 ris,
314 2590 703 2645 commutando
723 2591 782 2644 in
806 2591 1140 2659 masculum3
1203 2608 1329 2644 nam
1361 2589 1662 2645 femineum
1689 2605 1792 2662 ge-

183 2679 285 2716 nus
301 2664 587 2718 materiale
608 2673 719 2729 est,
752 2665 1015 2720 vitiosum
1030 2706 1043 2728 ‚
1083 2680 1418 2736 corporeum·
1428 2672 1482 2721 et
1499 2665 1785 2728 sensibile,

107 2765 113 2776 ,
184 2754 299 2863 ηυξ
320 2745 507 2792 autem
514 2739 743 2863 ῧῖἷίνιιε
759 2778 771 2802 ,
796 2739 1108 2804 rationalis,
1131 2740 1514 2862 incorpgeum
1545 2742 1716 2796 menti
1737 2746 1793 2792 et

308 2824 475 2861 nino
620 2847 633 2861 .
