2125 3084
320 169 414 221 ⁴20
563 169 766 214 mun.
805 168 954 214 mn.
996 166 1321 225 QUAEs'r.
1356 166 1457 210 ET
1504 158 1660 213 8012.
1702 144 1951 231 [1¹1,ao4.]
2084 4 2097 201 Ι

313 288 458 327 vena
493 270 672 325 omnis
708 268 888 323 anima
924 268 1147 337 sapiens
1183 267 1241 320 in
1276 266 1493 321 mortali
1530 266 1635 321 hoc
1670 284 1933 339 corpore,

313 362 413 418 pro
443 344 780 400 habitatione
809 342 1020 396 habens
1055 359 1119 396 ac
1148 342 1323 413 patria
1360 342 1722 413 purissimam
1763 343 1939 399 illam

314 421 610 477 essentiam
621 416 798 475 caeli?
823 416 980 472 Unde
999 416 1070 470 ad
1089 416 1232 470 hanc
1252 414 1536 488 regionem
1555 418 1936 491 transmigra-

312 496 518 549 tionem
554 494 686 549 fecit
719 500 910 548 natura
945 499 1130 547 nostra
1166 508 1266 562 per
1302 491 1482 562 legem
1517 493 1925 548 necessariam:

313 571 433 624 sive
463 578 524 624 ut
551 570 740 625 visitet
765 575 979 622 terrena
1004 574 1057 621 et
1076 574 1333 639 procuret
1358 565 1681 639 diligenter,
1720 584 1791 621 ne
1810 569 1929 623 ista

313 660 535 716 quoque
590 644 807 715 privata
861 643 973 697 sint
1029 641 1301 712 sapientia
1348 657 1448 712 pro
1494 642 1928 712 participatione

313 720 561 775 melioris
581 720 755 785 vitae;
801 718 921 773 sive
945 724 1008 771 ut
1033 722 1223 770 noscat
1247 732 1307 769 se
1333 723 1621 787 cognatam
1649 719 1925 772 creaturis

313 793 630 866 (corporeis)
679 810 800 848 esse
848 800 902 846 et
939 808 1048 845 non
1086 806 1251 861 posse
1286 797 1552 863 perpetuo
1592 808 1654 845 ac
1691 793 1923 862 penitus
2100 805 2103 887 Ι

313 870 533 923 felicem
578 865 878 921 exsistere?
938 865 1309 932 Quamobrem
1350 864 1687 921 concludens
1730 866 1921 921 consi-

247 958 258 965 ·
314 945 453 999 lium
498 942 824 1005 voluntatis,
893 942 969 996 ait
1011 940 1174 995 illum
1212 940 1543 1012 simpliciter
1577 944 1831 997 advenam
1867 952 1920 996 et

304 1022 665 1087 pereqm‘num,
710 1017 808 1070 sed
827 1015 1020 1070 adiicit
1041 1015 1185 1071 illud
1206 1020 1485 1071 vobiscum.
1564 1012 1703 1070 Nam
1728 1015 1919 1088 profe—

313 1101 400 1148 cto
419 1092 702 1147 studiosus
724 1091 1027 1163 sapientiae
1045 1108 1173 1145 cum
1194 1090 1349 1146 nullo
1368 1108 1440 1145 ex
1458 1092 1616 1146 vanis
1636 1108 1699 1145 ac
1720 1090 1915 1146 vacuis

309 1167 505 1232 rebuS,
547 1168 804 1238 quamvis
834 1183 905 1221 ex
932 1174 1127 1220 natura
1156 1174 1421 1239 cognatus
1454 1166 1527 1220 sit
1560 1165 1703 1230 illis,
1748 1166 1917 1221 coha-

310 1242 450 1297 bitat
470 1242 558 1309 vel
579 1248 961 1304 conversatur,
1005 1240 1105 1294 sed
1128 1241 1347 1312 longius
1375 1240 1444 1294 ab
1470 1240 1585 1295 illis
1614 1248 1698 1295 est
1722 1242 1914 1296 seiun-

311 1326 433 1371 ctus
473 1316 732 1378 consiste,
785 1316 858 1367 ita
894 1322 956 1369 ut
989 1332 1099 1369 non
1136 1316 1507 1387 navigationis
1546 1316 1757 1380 sociuS,
1810 1332 1912 1369 nec

311 1406 495 1447 eomes
523 1390 583 1443 in
611 1390 732 1453 via,
775 1404 878 1443 nec
905 1390 1181 1455 concivis,
1225 1407 1327 1445 nec
1350 1392 1499 1445 vitae
1520 1406 1768 1455 consors,
1814 1406 1913 1444 ne-

309 1480 422 1536 que
441 1463 742 1519 aemulator
761 1462 974 1518 dicatur
991 1466 1215 1537 proprie
1232 1465 1455 1539 sapiens
1484 1482 1611 1519 cum
1638 1464 1911 1537 insipien—

309 1549 393 1604 te,
437 1556 502 1593 eo
527 1538 677 1609 quod
705 1539 1032 1612 principalis
1061 1540 1180 1595 dux
1208 1557 1317 1595 non
1347 1540 1638 1596 concordat
1662 1540 1752 1595 vel
1779 1557 1912 1595 con-

311 1616 464 1669 venit
484 1615 541 1668 in
559 1621 743 1670 mente
759 1616 928 1671 unius
951 1615 1311 1687 alteriusque.

451 1770 582 1831 Quid
613 1782 682 1824 est
717 1772 897 1839 „Date
931 1772 1052 1823 mihi
1067 1770 1411 1836 possessionem
1442 1772 1667 1836 sepukrt',
1731 1780 1776 1821 et

515 1842 741 1907 sepeliam
775 1852 1003 1892 mortuum
1035 1856 1184 1889 meum
1220 1848 1330 1889 ante
1376 1842 1531 1888 me“?
1580 1840 1700 1901 (ib.)

419 1936 506 1990 75.
549 1937 754 1991 Littera
787 1934 1079 1990 manifesta
1114 1942 1196 1988 est
1222 1950 1287 1987 ac
1315 1941 1459 1988 nota.
1538 1932 1696 2000 Quod
1727 1942 1913 1989 autem

311 2009 378 2063 ad
399 2018 641 2063 mentem
655 2011 923 2081 pertinet,
969 2009 1263 2083 allegorice
1291 2007 1623 2065 indicemuS.
1702 2008 1914 2066 Huius-
2104 1980 2109 2049 l

307 2081 460 2137 modi
482 2098 610 2153 ergo
631 2091 740 2136 est:
777 2080 848 2155 [Ἴ
872 2081 1145 2148 Quantum
1170 2082 1418 2149 videtur,
1461 2100 1570 2138 non
1591 2083 1912 2155 sepulcrum

308 2156 525 2227 quaerit
536 2154 768 2227 Sapiens
779 2186 854 2196 —
865 2156 1181 2229 sepulcrum
1193 2159 1340 2212 enim
1353 2175 1551 2231 corpus
1568 2166 1650 2213 est
1670 2158 1906 2223 animae,

309 2247 452 2302 quae
479 2231 538 2283 in
569 2247 632 2285 eo
654 2230 869 2300 sepulta
890 2239 971 2285 est
1000 2232 1156 2287 velut
1179 2232 1239 2286 in
1260 2233 1515 2305 sepulcro
1534 2264 1609 2273 —
1623 2274 1635 2297 ‚
1670 2232 1768 2286 sed
1782 2251 1912 2303 pos-

307 2310 580 2359 sessionem
605 2308 856 2373 sepulcri,
895 2306 1268 2378 principatum
1288 2307 1550 2362 videlicet
1569 2306 1911 2362 dominium-

307 2398 418 2451 que
447 2398 615 2452 super
644 2380 807 2434 illud.
885 2381 1137 2452 Namque
1172 2380 1455 2447 domium,
1496 2383 1599 2448 ait,
1644 2382 1909 2453 deinceps

309 2455 484 2511 factus
513 2457 766 2512 inveniar
801 2464 853 2511 et
881 2456 1159 2528 accipiens
1186 2458 1587 2529 principatum,
1640 2474 1748 2512 non
1776 2474 1907 2512 vero

307 2531 590 2586 subiectus
619 2532 983 2603 principatui,
1027 2548 1135 2586 non
1166 2532 1433 2603 amplius,
1476 2532 1623 2585 sicut
1648 2532 1763 2585 illis
1783 2540 1911 2587 ante
2000 2598 2005 2603 ⁸

308 2606 676 2677 contingebat,
717 2606 982 2670 dixerim,
1025 2608 1187 2677 quasi
1217 2622 1348 2661 vero
1378 2605 1642 2677 sepeliar,
1686 2605 1785 2663 sed
1805 2622 1908 2677 po-

309 2679 418 2731 tius
439 2678 703 2748 sepeliam
722 2682 914 2751 procul
937 2698 968 2736 a
988 2698 1097 2735 me.
