2125 3084
577 214 934 261 NOMINUI
968 216 1067 261 ΕΤ
1102 216 1379 263 RERUM.
1668 212 1761 267 24⁴

176 330 458 391 Polycratis
493 329 744 381 somnium
767 332 962 381 celebre
1062 338 1225 381 totum
1242 332 1489 395 significat
1505 332 1549 393 Ι,
1565 338 1677 383 562.
1698 334 1768 395 11,

249 396 317 455 11,
349 402 462 446 639.
512 412 648 447 mors
684 398 866 447 acerba
891 399 958 459 H,
1068 403 1179 447 151.
1205 403 1313 447 152.
1345 403 1454 447 153.
1485 404 1609 461 225;
1662 404 1769 451 eius

249 468 366 513 638.
1065 466 1257 529 species
1302 480 1453 529 qua-m
1492 468 1767 529 percellens

173 530 402 593 Polypus
437 531 590 595 piscis
624 532 667 592 1,
705 536 820 580 383.
1059 532 1129 593 H,
1150 534 1263 581 227.

173 598 565 677 ΡΟῙἩῘΞΕῙΒΠῙΜ»
588 600 650 647 “d
666 599 962 647 athessmum
993 616 1184 665 Pontus
1201 652 1214 677 ,
1250 616 1355 665 eius
1372 631 1516 680 reges
1538 617 1583 678 1,
1604 622 1717 667 298.

249 666 386 713 ducit
411 665 455 724 1,
484 668 595 715 374.
649 666 782 715 bella
809 673 858 715 et
885 681 961 714 se-

249 732 464 780 ditiones
518 734 705 781 excitat
753 732 798 792 1,
843 739 956 783 411.

249 799 494 849 atheismo
521 815 612 861 pm·
637 800 680 860 1,
701 803 816 850 447.
855 801 962 851 eius

247 866 383 913 mala
402 866 471 927 H,
493 870 605 915 262.

171 932 438 994 Polyxene
467 933 720 997 Euripidis
748 934 816 995 H,
843 937 960 984 473.

175 996 400 1063 Homeri
417 999 464 1060 1,
487 1005 603 1049 242.

174 1065 419 1116 Pontifex
451 1082 672 1117 summus
685 1103 699 1128 ,
737 1074 844 1117 tum
879 1082 963 1116 vo-

993 699 1292 817 PoZinIonius
1335 700 1661 765 philosophus
1700 702 1770 762 11,

995 849 1141 919 Πρῢ,
1174 848 1273 913 ubi,
1314 852 1480 903 variae
1504 851 1611 901 eius
1630 864 1773 901 acce-

1061 918 1258 981 ptiones
1275 916 1317 979 1,
1340 919 1422 967 97.

997 1001 1325 1065 Praeceptum
1335 1035 1349 1061 ,
1384 1002 1701 1051 interdictum
1726 1009 1776 1050 et

250 1132 576 1184 luntariorum
601 1142 708 1185 tum
740 1135 963 1184 involun-

251 1200 489 1249 tasiorum
533 1203 826 1253 delictorum
877 1216 963 1251 ex-

250 1280 366 1329 pers
392 1266 437 1327 I,
465 1272 577 1317 563.
616 1269 686 1330 H,
711 1272 824 1319 246.
845 1274 960 1318 322.

249 1347 388 1381 mors
405 1335 511 1385 eius
531 1336 753 1399 profugIs
781 1337 844 1385 ob
873 1336 963 1386 ho-

251 1401 508 1451 micidium
575 1404 962 1453 involuntarium

1063 1069 1353 1119 mandatum
1377 1068 1626 1131 quomodo
1644 1069 1774 1117 inter

1066 1150 1121 1185 se
1161 1135 1395 1185 differunt
1427 1136 1474 1196 Ι,
1502 1139 1583 1184 62.
1632 1148 1773 1197 prae-

1063 1210 1211 1266 cepta
1228 1204 1308 1251 dei
1327 1216 1572 1264 quaenam
1599 1202 1669 1262 H,
1692 1207 1771 1251 10.

997 1270 1209 1319 Praedia
1244 1270 1297 1318 in
1336 1276 1631 1333 perpetuum
1672 1284 1775 1319 non

1063 1338 1322 1385 vendenda
1336 1336 1405 1397 H,
1422 1341 1539 1385 289.
1556 1341 1669 1386 290.
1690 1350 1775 1386 vo-

1063 1411 1117 1453 to
1135 1404 1413 1453 alienantur
1434 1404 1503 1463 11,
1524 1408 1638 1453 290.

253 1470 419 1527 exsilii
435 1471 675 1521 terminus
691 1472 735 1531 Ι,
752 1476 864 1521 563..
885 1486 962 1520 se·
996 1472 1227 1521 Praemia
1254 1472 1541 1521 hominibus
1565 1472 1774 1535 singulis

249 1537 351 1585 mel
375 1537 429 1585 in
455 1553 588 1588 anno
627 1540 962 1588 sanctuarium

249 1604 524 1665 ingreditur
545 1606 613 1665 H,
637 1610 751 1654 591.
789 1621 963 1655 eausa-

1060 1538 1320 1603 proposita
1334 1538 1405 1599 H,
1425 1544 1539 1589 409.
1564 1540 1685 1591 item
1704 1540 1775 1589 sef-

1061 1608 1213 1657 miliia
1231 1606 1299 1667 Π,
1320 1610 1435 1656 417.

249 1684 362 1718 rum
379 1684 686 1719 summarum
701 1672 974 1732 arbiterH,
997 1673 1317 1737 Praeputium
1342 1674 1621 1725 abaciacum
1638 1674 1776 1723 cordi

251 1739 368 1783 367.
389 1736 435 1783 ei
455 1737 618 1798 qualis
635 1752 764 1785 uxor
783 1740 974 1787 ducem

251 1802 317 1849 da
334 1800 406 1859 H,
423 1807 542 1849 228.
565 1806 682 1851 229.
709 1804 774 1851 ob
797 1818 964 1865 quem-

251 1882 450 1929 cunque
473 1868 762 1917 defunetum
775 1884 840 1919 ne
857 1872 965 1933 pol-

247 1935 414 1983 luatur
441 1934 510 1995 H,
531 1941 646 1985 230.
685 1936 747 1985 ab
775 1951 837 1985 eo
861 1938 966 1985 exi-

249 2002 354 2051 mia
389 2004 578 2065 puritas
607 2003 874 2066 requiritur
899 2004 974 2067 ib..

251 2069 453 2132 eodem,
483 2085 590 2133 quo
601 2085 724 2133 gens
742 2077 866 2131 tota,
889 2086 965 2119 se.-

251 2135 439 2185 erifieio
473 2145 714 2201 purgatur
747 2138 816 2198 H,
847 2143 958 2187 246.

250 2217 539 2253 communes
590 2220 683 2268 pro
736 2206 964 2255 omnibus

249 2284 424 2334 preces
453 2272 600 2322 offert
620 2272 684 2321 ib.
729 2274 775 2323 ei
803 2274 963 2337 pietas

249 2339 469 2389 maxime
499 2354 722 2403 congrua
747 2339 814 2401 H,
849 2345 961 2389 145.

249 2420 430 2469 parvus
472 2408 686 2457 mundus
729 2408 798 2468 H,
849 2412 960 2456 155.

249 2476 368 2521 227.
415 2489 506 2537 pro
532 2475 765 2523 universo
789 2490 962 2537 prece-

249 2546 330 2590 tur
353 2546 404 2589 et
429 2542 532 2604 agit
551 2542 736 2604 gratias
753 2543 823 2603 H,
843 2545 959 2593 227.

251 2611 366 2656 230.
390 2608 496 2658 eius
515 2609 736 2659 officium
753 2610 822 2671 H,
844 2614 958 2659 321.

1063 1742 1227 1789 simile
1242 1740 1313 1799 H,
1334 1746 1449 1789 214.

999 1805 1252 1855 Primitiae
1265 1838 1280 1864 ,
1350 1806 1554 1865 quinam
1604 1818 1778 1855 earnm

1068 1878 1183 1920 sunt
1197 1871 1463 1932 participes
1480 1870 1549 1930 H,
1570 1876 1686 1919 231.
1713 1885 1779 1919 ex

1066 1938 1239 1999 quavis
1266 1950 1433 1985 massa
1456 1937 1524 1997 H,
1552 1942 1668 1986 233.
1712 1952 1779 1987 ex

1063 2005 1205 2063 ole0,
1234 2003 1350 2051 vino
1377 2010 1427 2051 et
1451 2003 1693 2053 fructibus
1709 2004 1774 2053 ib.

1067 2072 1131 2120 ad
1172 2070 1413 2133 templum
1458 2072 1777 2121 adducendae

1063 2139 1134 2199 H,
1152 2143 1268 2187 235.
1288 2143 1404 2186 236.
1447 2139 1511 2187 ed
1536 2136 1776 2202 cupidita.-

1066 2212 1168 2255 tem
1207 2206 1573 2268 astringendam
1606 2220 1777 2268 perso-

1063 2274 1199 2323 lutae
1215 2272 1284 2333 H,
1306 2277 1418 2321 351.
1450 2286 1620 2323 earum
1638 2271 1773 2321 oble-

1065 2340 1216 2389 tionis
1268 2340 1506 2403 allegoria
1556 2339 1600 2399 Ι,
1660 2340 1771 2387 177.

1063 2412 1179 2457 489.
1208 2408 1457 2469 quomodo
1482 2406 1773 2456 dividendae

1061 2475 1125 2524 ib.
1156 2490 1223 2523 ex
1238 2474 1450 2537 panibus
1467 2473 1512 2535 Ι,
1537 2477 1647 2523 184.
1668 2474 1772 2523 ani-

1059 2557 1175 2592 mae
1190 2542 1235 2599 1,
1259 2542 1370 2591 177.
1392 2542 1573 2591 mentis
1594 2547 1644 2593 et
1662 2554 1771 2591 nen·

1063 2624 1209 2659 suum
1219 2608 1263 2669 I,
1283 2612 1395 2657 533.

249 2674 356 2725 eius
373 2676 504 2725 stola
521 2676 774 2726 stellarum
795 2678 961 2741 imago
993 2677 1332 2741 Primogenita
1342 2677 1566 2727 mascula
1576 2676 1671 2727 deo
1684 2678 1767 2727 de-

247 2742 291 2803 1,
329 2747 444 2795 653.
481 2746 686 2795 vestitus
720 2746 962 2797 mundum

249 2808 474 2863 Puteo
513 2812 658 2865 VIII.

1060 2745 1237 2797 beatur
1244 2742 1313 2805 11,
1313 2748 1539 2873 333&ae
1548 2782 1561 2795 .
1573 2746 1771 2797 eainter
