2125 3084
169 197 257 263 [11,
278 195 397 262 535]
542 201 621 247 m
657 201 992 248 Exontm.
1030 201 1288 248 SERMO
1331 203 1398 248 11.
1665 198 1766 252 379

170 301 289 357 oleo
304 341 318 366 ‚
342 303 434 356 cui
457 300 632 356 farina
648 303 817 357 tincta
837 301 1198 366 immiscetur,
1223 309 1386 374 atque
1403 319 1474 358 ex
1493 301 1764 360 fructibus

169 377 326 432 cista.
392 377 549 432 -Haec
578 384 760 433 autem
786 377 971 432 omnia
996 381 1140 431 aeria
1169 384 1222 432 et
1251 374 1381 431 ferri
1407 393 1583 450 genus
1603 389 1758 434 sunt:

168 449 429 524 qnoniam
450 465 647 506 aurum
664 451 724 506 in
744 452 1084 522 incorporeis
1103 459 1156 506 et
1175 451 1630 524 intelligibilibus
1659 463 1758 518 est,

170 533 455 599 argentum
474 534 656 581 autem
678 526 985 582 secundum
1005 525 1273 584 sensibile
1291 526 1523 591 caelum,
1535 545 1764 583 aeavero

166 599 557 658 secundarium
579 603 638 657 in
658 599 825 657 rebus
844 608 1039 664 terrae,
1065 599 1165 654 ubi
1185 599 1332 656 bella
1353 608 1617 675 aguntur;
1643 602 1765 658 bel-

168 673 400 731 licorum
430 677 580 731 enim
609 691 883 731 armorum
903 675 1187 749 negotium
1209 675 1351 730 aeris
1371 677 1596 732 materia
1615 677 1764 750 apud

164 751 420 822 antiquos
459 759 592 806 erat.
670 751 896 808 Denotat
924 749 985 805 id
1014 749 1180 804 etiam
1198 751 1463 812 Homerus
1491 751 1551 806 in
1571 753 1764 808 Troico

164 825 315 882 bello
330 866 343 890 ,
364 827 571 882 'aeneis
591 827 759 882 armis
772 867 786 892 ‚
831 833 1124 898 antequam
1141 823 1348 902 ferrum
1368 842 1476 882 usu
1497 828 1757 890 venisset,

160 908 380 958 utentes
400 899 690 958 inducens.

256 1081 419 1142 Qum-e
454 1083 741 1136 &comarum
776 1085 923 1136 oleum
956 1083 1091 1134 incasit
1125 1101 1184 1134 ex
1217 1083 1494 1147 olivt'sfieri
1531 1095 1673 1148 atqu·

656 1152 985 1220 defaecatum?
1019 1154 1125 1218 (27,
1160 1153 1270 1214 20.)

282 1273 398 1326 ⁴03.
438 1268 697 1338 Alienum
715 1271 1016 1343 quicquam
1037 1288 1146 1327 non
1165 1271 1470 1336 ordinavit,
1493 1279 1555 1326 ut
1571 1269 1762 1326 admo-

156 1353 386 1403 veretur
404 1346 462 1400 in
483 1345 709 1414 Sancta;
772 1347 1035 1418 quoniam
1056 1347 1491 1420 alienigenarum
1511 1345 1761 1402 olfactio-

155 1439 291 1478 nem
319 1438 389 1477 ex
416 1439 655 1486 sesamo,
702 1419 921 1494 dactylo
948 1438 1202 1494 nuceque
1229 1439 1292 1478 ac
1319 1419 1602 1478 similibus
1622 1421 1760 1477 alie-

155 1514 290 1553 nam
317 1497 684 1554 existimavit:
745 1495 1017 1553 familiare
1043 1514 1175 1570 ergo
1203 1507 1257 1554 et
1283 1499 1570 1571 proprium
1594 1501 1760 1554 oleum

156 1580 245 1630 est
264 1589 332 1628 0ae
353 1576 528 1636 olivis,
556 1581 620 1627 ut
638 1578 692 1627 et
711 1587 910 1627 nomen
931 1575 1120 1646 ipsum
1137 1573 1371 1642 indicat3
1423 1589 1591 1646 super
1608 1575 1758 1629 enim

154 1665 351 1705 omnes
372 1649 589 1719 species
612 1643 687 1720 [*]
711 1646 820 1701 olei
849 1664 1048 1702 nomen
1079 1647 1413 1720 appellatur,
1493 1666 1553 1703 er
1579 1655 1760 1703 trans-

154 1724 425 1782 lationem
444 1739 515 1778 ex
532 1721 709 1784 oliva,
752 1737 893 1793 quae
914 1722 985 1777 ad
1007 1724 1294 1778 veritatem
1315 1738 1440 1777 acce
1482 1723 1526 1777 it
1543 1721 1759 1777 veraci·

151 1808 265 1855 ter.
346 1795 602 1852 Secundo
637 1795 849 1868 reliqua
887 1798 1074 1853 omnia
1107 1797 1496 1852 commixtione
1524 1794 1757 1858 aliorum

153 1871 412 1930 studiose
451 1877 715 1942 usurpata
753 1871 1066 1928 referuntur
1105 1871 1174 1926 ad
1200 1887 1374 1944 genus
1401 1869 1538 1936 olei,
1577 1870 1757 1926 olivae

150 1963 295 2005 vero
334 1962 433 2018 per
470 1963 530 2001 se
566 1947 853 2018 privatim,
901 1965 1029 2003 nam
1055 1948 1238 2003 oleum
1273 1943 1504 2001 distillat
1533 1961 1760 2016 expres-

152 2038 315 2090 sum3
378 2021 524 2078 sicut
561 2029 615 2077 et
639 2015 773 2076 vifis
800 2022 1011 2079 fructus
1040 2024 1161 2078 sine
1190 2023 1428 2076 mixtura
1456 2019 1642 2091 aliqua
1671 2022 1760 2075 vi·-

150 2113 299 2154 num
344 2095 533 2156 efficit.
618 2095 839 2170 Optime
884 2108 1068 2155 tamen
1110 2097 1319 2152 dictum
1358 2105 1406 2150 ot
1442 2099 1760 2164 defaecatum

151 2171 591 2248 (purissimum),
636 2190 705 2229 ex
732 2191 871 2246 pura
899 2180 1312 2245 expurgataque
1339 2171 1564 2224 materia
1577 2186 1760 2241 ‚prae-

149 2247 461 2323 paratio*):
524 2249 859 2304 conveniens
888 2249 1037 2302 enim
1067 2255 1182 2302 erat
1212 2245 1462 2302 lucidum
1482 2261 1545 2299 ac
1565 2243 1760 2298 candi-

152 2325 299 2381 dum
328 2340 448 2378 esse
478 2340 665 2385 omne,
714 2323 988 2394 quicquid
1025 2324 1085 2377 in
1125 2323 1329 2378 sanctis
1365 2319 1754 2391 usurpabatur,

152 2399 401 2455 maxime
418 2399 602 2454 oleum
619 2416 720 2472 pro
739 2398 949 2454 lumine
969 2405 1372 2471 praeparatum,
1402 2394 1552 2468 quod
1569 2410 1760 2449 essen-

153 2477 239 2532 tia
258 2480 341 2528 est
358 2474 725 2546 purissimum
744 2482 799 2529 et
818 2474 979 2546 quasi
1002 2473 1151 2529 faece
1173 2489 1384 2528 carens·
1444 2469 1591 2538 Quid
1609 2470 1758 2524 enim

154 2548 373 2606 lumine
394 2549 709 2604 inveniatur
726 2549 1041 2620 simplicius
1060 2565 1124 2604 ac
1145 2547 1388 2604 lucidius
1407 2545 1468 2602 in
1488 2545 1631 2601 serie
1660 2562 1760 2600 en-

154 2621 339 2681 tium?
400 2623 599 2680 Verum
626 2623 775 2679 enim
796 2640 933 2688 ,vero
961 2631 1172 2679 caetera
1198 2638 1420 2694 quoque
1457 2613 1754 2685 illuminat,

260 2766 307 2812 θ)
334 2773 370 2804 s.
392 2765 451 2804 aa
459 2773 600 2813 purae
616 2767 950 2814 enervemque
966 2767 1168 2805 mamae
1175 2765 1559 2816 praeparationem.
1593 2763 1633 2803 A
1643 2774 1670 2803 u
1680 2765 1756 2802 ch.
