2125 3084
161 177 259 243 [11,
286 173 410 240 432]
524 179 609 226 IN
646 180 1005 228 GENESIN.
1059 183 1315 230 sERMo
1353 187 1438 234 lv.
1685 183 1788 238 287

162 281 417 354 amplius
459 277 623 336 facile
663 279 1022 338 defraudetur
1060 300 1126 338 ae
1165 283 1433 340 laedatur.
1513 287 1786 354 Quoniam

164 357 357 412 adhue
388 357 499 410 iam
527 356 893 410 semiiuvenis
923 366 1067 422 erat,
1109 360 1260 413 socio
1278 361 1584 417 nativitatis
1604 381 1785 420 emor-

160 441 264 487 tuo
283 430 470 503 quoad
493 431 665 485 vitam
684 431 909 486 virtutis
924 473 937 495 ‚
978 433 1102 487 iure
1128 435 1351 498 metuit,
1395 451 1466 490 ne
1488 437 1624 491 alter
1641 455 1783 510 quo-

163 523 281 578 que
309 507 503 561 unitus
532 521 659 560 oum
689 505 1045 577 simplicibus
1075 508 1336 563 sensibus
1366 525 1467 579 per
1495 510 1622 566 illos
1641 529 1783 583 pau-

164 581 327 638 latim
366 580 790 653 progrederetur
824 579 895 635 ad
924 580 1205 652 superflua
1235 600 1546 656 sensusque
1579 583 1651 661 [⁴¹¹²]
1685 605 1784 642 su-

159 673 510 728 pervacanea
538 664 886 728 peragentes.
966 655 1125 723 Quod
1155 659 1204 712 si
1237 659 1344 713 loci
1373 676 1556 716 amore
1587 671 1780 732 captus

161 731 363 796 fuerit,
405 731 601 802 nequit
628 729 838 795 redire,
884 739 1049 801 atque
1078 733 1153 787 ita
1172 735 1425 805 graviora
1445 734 1556 790 sibi
1579 735 1781 792 faceret

162 806 311 862 mala
333 805 546 862 orbatio
568 823 598 860 a
620 804 754 861 filiis
775 805 987 862 solidae
1006 807 1312 880 sapientiae
1331 808 1566 867 ordinis.

198 963 302 1014 θυι·
336 961 450 1014 ἆίεἰε
482 961 707 1014 Rebecca
740 963 813 1014 ad
843 963 1019 1014 Isaac.-
1072 999 1106 1026 ‚‚
1129 963 1312 1016 Taedet
1345 982 1416 1016 me
1449 967 1577 1018 vitae
1612 985 1742 1018 meaa

496 1041 509 1053 ”
519 1041 723 1096 propter
742 1032 887 1094 filias
926 1030 1125 1082 chem?
1158 1037 1266 1096 (2⁷,
1298 1039 1408 1097 46.)

272 1135 369 1190 24⁴
384 1175 396 1186 .
437 1134 639 1190 Littera
659 1142 854 1206 patens
875 1142 977 1198 est,
1001 1135 1136 1205 quia
1159 1135 1279 1189 visa
1299 1144 1382 1191 est
1402 1137 1501 1192 vix
1522 1146 1772 1194 contenta

156 1225 287 1266 esse
316 1207 386 1262 de
414 1209 613 1280 prioris
624 1207 675 1282 ⁸⁵)
706 1209 1071 1273 mulieribus,
1116 1225 1259 1280 quae
1288 1227 1358 1265 ex
1385 1211 1484 1268 illa
1511 1220 1667 1269 erant
1687 1231 1774 1269 re-

155 1287 355 1358 gione,
390 1290 443 1338 et
462 1292 523 1338 ut
543 1285 697 1355 prius
718 1283 930 1340 dietum
954 1283 1059 1338 fuit
1075 1325 1088 1348 ,
1122 1284 1433 1341 invidiosae
1461 1297 1616 1343 erant
1643 1289 1772 1344 euni

154 1376 308 1415 nuru
328 1375 449 1414 sua.
517 1359 803 1416 Caeterum
821 1359 1001 1434 magis
1022 1360 1327 1416 naturalem
1351 1361 1617 1419 theoriam
1639 1380 1771 1419 oon—

252 1493 303 1550 ‘*)'
329 1501 397 1540 Ita
424 1499 519 1541 eod.
548 1499 585 1540 A
614 1509 711 1542 eum
737 1501 833 1541 Lat.
862 1501 1114 1551 Anonymo,
1145 1503 1220 1543 ubi
1246 1501 1320 1544 OD
1347 1504 1500 1547 volunt
1525 1505 1631 1557 legi:
1671 1509 1767 1556 prr·-
1810 1477 1818 1484 .
1909 1513 1932 1538 ⁸

154 1553 248 1592 mis.
300 1551 467 1592 Auen.

155 1767 561 1841 decipiendum
576 1809 591 1830 .
628 1778 814 1841 utpote
834 1772 1211 1844 semipuerum
1229 1813 1241 1836 ‚
1276 1773 1445 1828 altero
1465 1781 1648 1828 tamen
1668 1790 1766 1844 per

154 1845 409 1914 inopiam
445 1841 759 1902 sobrietatis
795 1863 895 1918 pro
934 1855 1149 1901 mortuo
1188 1847 1456 1917 imputato
1471 1886 1484 1909 ‚
1546 1857 1767 1902 veretur

154 1920 355 1974 merito
382 1926 645 1989 paternae
672 1921 1011 1990 quibusdam
1040 1920 1264 1975 casibus
1302 1920 1572 1991 paulatim
1609 1922 1768 1977 cedat

154 1993 490 2066 simplicitas
518 2010 758 2058 morum,
807 1993 1107 2068 superfluis
1135 2003 1190 2051 et
1216 1994 1451 2050 curiosis
1479 2005 1762 2066 occupata,

155 2078 249 2124 aut
268 2085 368 2141 pro
389 2077 628 2126 amatore
646 2071 891 2142 regionis
912 2070 1096 2126 redire
1121 2071 1463 2142 nequiverit,
1507 2071 1766 2126 intolera-

156 2144 269 2198 bile
289 2144 500 2199 malum
518 2144 825 2200 iniioiendo
845 2146 1063 2201 animae
1077 2187 1090 2210 ‚
1131 2144 1235 2200 hoo
1255 2153 1366 2209 est,
1405 2144 1760 2200 stabilitatem

156 2217 344 2291 (ωαψς.
374 2219 741 2294 sterilitatem)
772 2220 1084 2294 insignium
1109 2221 1394 2277 titulorum
1436 2220 1759 2292 sapientiae.

228 2372 398 2432 Quare
422 2373 544 2426 dixit
576 2375 802 2427 Rebecca
835 2377 1013 2427 Isaac:
1073 2414 1106 2441 ,‚
1119 2377 1397 2428 Fastt'diata
1434 2394 1534 2428 sum
1568 2377 1695 2427 vitae

456 2459 589 2494 meae
616 2454 820 2510 propter
843 2445 986 2508 filias
1006 2445 1223 2507 filiorum
1263 2443 1462 2495 C'heW?

263 2554 357 2608 24⁴
372 2592 385 2607 .
444 2553 963 2610 Manifestissimum
992 2562 1077 2610 est
1113 2554 1345 2609 dietum.
1413 2529 1763 2624 ‘Aspernatur

157 2625 302 2682 enim
321 2642 423 2698 pro
442 2629 715 2684 uxoribus
734 2629 935 2699 prioris
954 2627 1308 2684 interraneis:
1341 2636 1394 2682 et
1415 2638 1498 2684 est
1519 2629 1766 2700 amplius

158 2702 507 2774 allegoricus.
562 2704 643 2758 Ita
666 2703 789 2758 Chat
808 2719 1130 2758 excessus
1156 2703 1278 2757 sive
1307 2699 1498 2759 dolor
1511 2722 1536 2758 a
1551 2705 1762 2760 tionis
