2125 3084
140 236 225 301 [IL
248 233 371 297 324]
496 239 583 315 IN·
618 238 969 283 GENESlN.
1008 241 1262 286 SERMO
1298 244 1382 290 lv.
1648 236 1740 288 439

142 340 467 413 symmetria
491 338 733 409 partium
764 337 1068 409 decoreque
1096 338 1300 393 formae
1327 348 1560 405 constat,
1603 358 1742 413 qua-

145 416 211 469 lis
232 417 382 469 inest
402 421 457 467 et
476 412 890 475 meretricibus,
938 429 1078 483 quas
1104 422 1286 468 tamen
1313 431 1596 485 nunquam
1613 416 1743 486 pul·
1787 452 1798 463 .

147 490 301 543 chras
324 504 453 542 esse
470 486 711 541 dixerim
725 528 737 550 ,
772 485 872 541 sed
891 503 961 541 ex
980 487 1210 543 adverso
1230 496 1447 559 turpes3
1509 489 1568 543 id
1595 491 1741 543 enim

148 580 345 617 nomen
366 569 453 616 est
471 562 553 615 eis
577 561 885 632 proprium.
966 561 1285 633 Siquidem,
1326 570 1390 616 ut
1418 562 1558 615 mihi
1586 563 1744 617 vide-

90 680 95 684 .
146 648 256 701 tur,
299 638 451 691 sicut
474 652 574 707 per
602 635 892 706 speculum
919 637 1278 707 proprietates
1306 636 1550 707 corporis
1577 653 1745 707 appa-

144 720 263 767 rent
276 752 290 776 ,
336 712 421 764 sic
450 710 616 765 etiam
636 710 851 764 animae
870 727 969 781 per
987 711 1206 765 vultum
1225 727 1290 765 ac
1309 710 1535 765 faciem:
1587 728 1747 781 aspe-

143 795 265 841 ctus
284 802 421 840 vero
438 782 736 855 impudens
750 824 764 848 ‚
796 792 848 839 et
866 786 1058 839 cervix
1079 784 1186 839 alta
1201 826 1213 850 ‚
1237 784 1609 856 frequensque
1627 801 1746 838 mo-

138 870 231 916 tus
267 857 345 933 [³¹⁵]
379 858 803 929 superciliorum
818 900 830 922 ,
893 866 1056 930 atque
1101 876 1324 930 gressus
1363 858 1604 914 lascivus
1619 899 1632 922 ‚
1694 868 1748 912 et

136 934 303 990 nullo
343 932 503 989 modo
543 932 873 987 erubescens
911 932 979 986 de
1019 934 1180 987 malis
1211 950 1273 987 ac
1299 932 1542 1004 pudenS‚
1595 932 1746 989 indi-

136 1010 301 1064 cium
320 1016 401 1062 est
430 1009 643 1061 animae
667 1008 1050 1078 turpissimae,
1095 1022 1236 1077 quae
1263 1008 1504 1062 occultas
1533 1006 1744 1078 proprii

134 1082 413 1153 vituperii
436 1082 639 1155 figuras
656 1082 841 1154 pingit
860 1080 1234 1152 describitque
1256 1081 1540 1136 evidenter
1569 1083 1627 1135 in
1661 1082 1746 1134 vi-

138 1156 306 1212 sibili
337 1173 579 1228 corpore.
657 1157 719 1210 In
746 1172 858 1227 quo
876 1172 1007 1212 vero
1027 1155 1119 1211 dei
1137 1157 1356 1211 oracula
1375 1155 1745 1211 habitaverint

139 1232 453 1301 sapientiae
470 1230 655 1286 studio
682 1239 845 1301 atque
875 1232 1123 1295 virtutiS,
1165 1232 1268 1285 etsi
1300 1230 1552 1285 Silenum
1577 1246 1745 1301 supe-

141 1306 357 1360 raverit
394 1305 635 1375 corporis
675 1304 1016 1361 deformitate
1031 1347 1044 1370 ‚
1087 1305 1496 1377 pulcherrimus
1535 1312 1618 1358 est
1645 1321 1744 1359 ne-

142 1380 417 1434 cessario:
474 1379 683 1434 bonum
712 1388 795 1435 est
820 1381 967 1434 enim
996 1382 1049 1435 ei
1079 1382 1300 1451 proprio
1327 1380 1537 1451 pudore
1573 1396 1744 1434 vene-

145 1454 403 1509 rabiliter
422 1452 745 1509 conformari
769 1454 1128 1525 acceptationi
1156 1455 1486 1510 videntium.
1563 1452 1741 1520 Quare

147 1528 347 1583 adiicit
386 1528 692 1600 virginitati
729 1528 791 1583 id
828 1529 977 1601 quod
1014 1528 1354 1601 superfluum
1403 1528 1741 1601 quibusdam

146 1611 403 1675 putatur;
453 1619 678 1657 necesse
696 1612 878 1658 tamen
900 1612 983 1659 est
1000 1603 1210 1677 (illud),
1252 1604 1402 1677 quod
1429 1610 1514 1659 vir
1531 1621 1636 1657 non
1653 1621 1743 1657 co-

146 1682 329 1747 qnovit
354 1695 469 1731 eam
475 1697 495 1745 ;
546 1693 712 1749 quam
734 1679 881 1734 enim
900 1680 988 1733 vir
1008 1679 1246 1743 noverit,
1279 1678 1463 1750 qualis
1484 1677 1587 1731 erit
1607 1676 1743 1748 (vir-

149 1750 279 1824 go)‘?
335 1752 540 1805 Verum
570 1752 797 1807 fortasse
823 1758 995 1807 virum
1020 1753 1115 1807 bic
1133 1754 1343 1807 notavit
1361 1768 1470 1805 non
1491 1759 1744 1805 constan-

148 1837 264 1881 tem
284 1842 509 1897 corpore
528 1835 583 1881 et
600 1828 781 1881 anima
796 1868 808 1892 ‚
850 1827 949 1881 sed
968 1844 1177 1882 morem
1201 1825 1595 1895 exemplarem:
1647 1824 1746 1893 qui

150 1918 257 1955 nec
285 1902 659 1973 incorruptam
688 1918 1033 1973 corrumpere
1053 1901 1293 1955 animam
1313 1914 1494 1969 neque
1511 1897 1747 1950 inviola-

152 1986 265 2031 tam
294 1975 502 2030 violare
532 1993 698 2030 ausus
728 1984 836 2039 est,
884 1976 1126 2031 confisus
1155 1975 1410 2045 iniquum
1439 1971 1742 2034 aestimare,

151 2050 205 2104 si
228 2050 359 2121 quis
387 2049 527 2105 velit
554 2050 913 2122 corruptibile
940 2066 1130 2104 semen
1160 2047 1456 2120 voluptatis
1477 2046 1748 2101 seminare

152 2126 213 2178 in
242 2133 485 2179 mentem
499 2165 511 2189 ,
558 2124 659 2179 sed
677 2126 775 2179 illa
796 2123 1106 2179 divinitatis
1125 2140 1264 2195 pura
1282 2124 1524 2195 recipere
1545 2121 1746 2177 debere

153 2199 367 2253 semina
382 2238 397 2262 ‚
438 2215 581 2269 quae
611 2200 750 2253 solet
786 2208 940 2271 pater
975 2200 1362 2254 universorum
1376 2239 1388 2262 ,
1427 2199 1746 2269 incorporea

154 2274 421 2327 nimirum
444 2281 501 2327 et
518 2273 897 2347 intelligibilia
919 2273 1157 2344 desuper
1176 2274 1636 2329 intusseminare.

247 2403 376 2461 Quid
408 2415 478 2455 eet
510 2404 861 2469 „Descendens
894 2406 965 2456 ad
982 2408 1170 2471 fontem
1203 2407 1408 2471 implevit
1451 2402 1668 2470 hydriam

600 2489 736 2521 suam
771 2482 816 2521 et
850 2474 1140 2523 ascendit“?
1185 2474 1303 2538 (ib.)

274 2560 387 2611 ⁴00.
416 2558 624 2629 Legem
644 2557 941 2611 voluntatis
953 2556 1005 2630 ³¹⁶)
1028 2555 1193 2610 refert
1213 2554 1540 2629 symbolice:
1581 2568 1754 2623 quae·-

153 2647 393 2701 cumque
423 2632 576 2685 enim
603 2632 787 2685 anima
804 2630 1138 2685 descendere
1160 2629 1228 2683 de
1249 2630 1469 2700 propria
1487 2626 1755 2681 sententia

256 2771 299 2809 *i
318 2770 389 2809 Ad
404 2772 610 2810 verbum:
638 2772 883 2811 voluntatem
900 2772 1003 2819 levis
1022 2770 1222 2817 (fortasse
1240 2771 1288 2808 ut
1303 2769 1568 2817 legitimam).
1587 2766 1734 2805 Aueh
1745 2789 1759 2801 .
