2125 3084
180 216 393 286 [1,142.]
580 221 719 265 LIB.
755 220 855 266 DE
900 219 1382 267 AmuALIBUS.
1683 216 1774 271 131

302 340 387 393 34.
438 335 595 404 Quod
626 338 805 392 autem
832 336 1126 407 prudentia
1152 335 1380 406 provida
1403 338 1538 392 insit
1554 354 1660 393 non
1680 340 1778 395 uni

184 414 458 485 alterique
472 412 812 475 animalium,
836 410 935 465 scd
954 412 1188 473 cunctis,
1207 413 1455 465 omnium
1474 428 1662 467 eorum
1681 429 1781 486 ge-

186 490 341 545 neris
378 496 595 559 tempus
634 494 926 549 statutum,
974 485 1214 539 maxime
1241 500 1342 555 pro
1369 488 1776 558 propagatione,

186 562 481 619 manifesto
510 568 829 635 argumento
858 568 960 615 est.
1038 560 1219 613 Unum
1249 560 1396 613 enim
1423 562 1653 615 istorum
1684 578 1782 617 ex·

188 637 369 693 celsos
389 644 599 693 montes
618 637 781 708 petit,
806 634 1035 690 alterum
1054 632 1392 704 profundum
1411 634 1668 708 Scythiae
1687 636 1782 691 Li-

182 714 441 787 byaeque
463 710 739 765 desertum
761 710 971 773 lustrat,
996 710 1218 763 tertium
1239 708 1298 761 in
1320 709 1637 764 nemoribus
1651 726 1783 765 con-

186 787 380 843 densis
410 784 731 841 immersum
760 782 994 839 latebras
1021 783 1133 836 sibi
1173 784 1427 852 assumit3
1499 784 1782 856 multaque

185 865 249 917 in
280 870 419 916 terra
451 861 739 916 inveniens
766 857 978 930 ripas*)
1007 856 1287 921 obsidere,
1336 875 1508 929 quum
1546 860 1617 914 ob
1653 876 1782 931 pro-

186 937 521 993 creationem
568 934 679 989 huc
726 933 1128 989 conducuntur.
1223 932 1367 986 Haec
1401 950 1532 988 sane
1573 933 1782 988 indicia

185 1018 322 1066 sunt
356 1010 657 1080 sapientiae
694 1007 1055 1063 redundantis
1094 1022 1157 1061 ac
1195 1022 1304 1061 una
1333 1024 1460 1062 cum
1486 1008 1778 1079 prudentia

186 1082 481 1157 providam
511 1082 857 1155 diligentiam
882 1084 939 1137 in
970 1081 1280 1155 generando
1308 1083 1664 1139 ostendentia.

304 1271 390 1324 35.
410 1268 613 1324 Verum
633 1266 927 1321 mirificum
947 1267 1224 1339 quoddam
1249 1287 1282 1324 o
1323 1277 1543 1324 erantur
1560 1270 1780 1342 palum-

184 1345 319 1408 hes,
353 1360 414 1398 ac
434 1343 671 1416 perfecta
696 1342 899 1397 ratione
920 1342 1174 1416 dignum.
1220 1342 1273 1419 [*
1335 1345 1472 1399 Nam
1493 1346 1552 1399 in
1581 1346 1778 1417 primis

184 1435 299 1475 non
329 1418 436 1483 ibi,
478 1418 579 1474 ubi
608 1426 931 1482 nascuntur,
974 1427 1301 1489 pascuntur,
1344 1419 1442 1476 sed
1466 1422 1526 1475 in
1547 1420 1778 1476 alterum

186 1495 369 1553 locum
408 1510 467 1549 se
505 1493 864 1557 transferunt,
915 1510 983 1547 ne
1021 1495 1331 1565 capiantur,
1405 1496 1593 1567 plures
1630 1497 1779 1551 enim

185 1577 343 1634 sunt,
369 1571 466 1641 qui
488 1569 869 1624 machinantur
883 1608 895 1631 ‚
918 1575 979 1623 ut
1000 1570 1285 1625 inveniant
1304 1586 1490 1625 earum
1511 1570 1774 1626 latebras:

184 1645 374 1715 itaque
390 1645 549 1699 illinc
570 1644 639 1700 ob
669 1642 939 1698 cautelam
967 1642 1262 1715 effugiunt,
1309 1662 1376 1698 ne
1405 1656 1778 1715 persecutores

182 1720 474 1773 inveniant
501 1734 581 1771 se.
656 1716 867 1771 Deinde
894 1733 1023 1771 vero
1054 1734 1227 1787 quum
1249 1719 1492 1773 sentiunt
1511 1720 1779 1789 quosdam

184 1798 447 1847 venatum
484 1792 688 1845 exiisse
724 1788 1033 1860 pullorum,
1076 1792 1244 1844 nimis
1276 1792 1564 1845 artificiosa
1591 1808 1780 1865 pugna

185 1865 458 1922 accedunt
477 1866 534 1918 in
558 1878 939 1935 congressum,
982 1864 1396 1934 supervolantes
1426 1874 1479 1920 et
1505 1865 1780 1937 fugientes

186 1951 241 1997 et
270 1942 471 1995 iterum
502 1939 647 1993 lente
684 1952 953 2007 suspenso
990 1937 1165 2008 gradu
1203 1937 1553 2007 obrepentes3
1618 1950 1779 2011 atque

188 2015 356 2089 paulo
385 2014 604 2086 longius
632 2012 845 2075 volant,
890 2019 977 2073 ut,
1020 2010 1154 2064 dum
1184 2010 1430 2066 studium
1460 2022 1780 2070 venatorum

185 2090 408 2153 vident,
450 2090 600 2161 ipsos
630 2086 891 2150 liberent,
934 2086 1112 2156 spatio
1143 2087 1404 2156 temporis
1444 2088 1616 2158 pullis
1655 2089 1779 2144 dato

186 2182 286 2238 pro
325 2162 727 2236 opportunitate
765 2160 931 2233 fugae
969 2160 1360 2232 capessendae:
1428 2178 1568 2232 quos
1605 2180 1778 2233 quum

186 2239 432 2295 sentiunt
469 2239 630 2311 longe
664 2236 937 2300 evolasse,
980 2244 1358 2306 exspectantes
1391 2236 1571 2291 adhuc
1601 2239 1779 2291 modi-

186 2332 315 2370 cum
334 2314 568 2385 vestigia
588 2320 907 2368 venatorum
922 2352 935 2376 ,
979 2311 1202 2365 demum
1222 2310 1432 2365 delusis
1453 2314 1533 2367 eis
1557 2314 1666 2384 ipsi
1690 2314 1779 2367 ae‘-

187 2406 303 2445 rem
331 2396 524 2459 petunt
554 2387 909 2450 excellenter,
950 2387 1026 2441 ita
1053 2394 1115 2442 ut
1141 2386 1234 2440 isti
1267 2394 1488 2458 stupore
1527 2395 1773 2460 agantur,

189 2465 398 2521 derisos
417 2481 477 2518 se
497 2462 863 2535 deceptosque
884 2472 1185 2527 cernentes,
1209 2469 1264 2517 et
1283 2462 1693 2529 exacerbentur,
1715 2472 1777 2519 ut

186 2558 284 2611 par
302 2544 404 2594 est.

290 2714 333 2761 ⁸)
365 2715 435 2753 Ad
459 2713 657 2754 verbum:
700 2713 813 2751 ηὐω
843 2722 878 2751 s.
905 2712 951 2750 in
974 2711 1078 2750 mis
1105 2712 1362 2760 omnium-9,-
1405 2725 1489 2765 quo
1516 2718 1560 2755 et
1584 2705 1772 2763 estonum

190 2770 327 2815 potest
354 2766 566 2816 designari
590 2775 628 2807 s.
655 2764 958 2805 arundineum.
1011 2761 1172 2803 Auch.
1289 2818 1363 2868 1²
