2125 3084
212 151 313 217 [11,
340 147 461 213 4³2]
574 153 655 198 m
695 131 1051 202 sensam.
1100 152 1359 200 snnno
1394 156 1480 204 Ν.
1733 145 1834 202 279

211 255 487 310 miseram
508 260 563 308 et
583 252 931 308 indecentem
953 253 1444 309 conversationem.
1511 256 1652 310 Huic
1672 256 1833 311 simi-

213 330 353 384 liter
392 337 445 384 et
485 329 546 382 in
583 327 835 401 Aegypto
875 329 1156 383 cruciante
1195 328 1442 382 animum
1479 346 1671 395 suum,
1733 332 1830 388 ille

214 405 325 476 qui
353 413 577 484 natyra
603 407 783 458 videns
809 408 1012 458 nomino
1037 403 1206 457 Israel
1230 401 1478 476 supplex·
1499 412 1614 458 erat
1647 413 1700 460 et
1733 425 1832 462 su-

216 479 443 550 spirans
464 493 806 550 gemensque
827 493 1025 550 magna
1047 493 1182 532 voce
1197 517 1210 542 ,
1249 493 1358 532 non
1379 479 1560 549 magis
1580 497 1712 534 voce
1733 497 1832 536 ex-

216 553 497 608 clamante
533 569 704 623 quam
738 553 1096 625 cogitatione,
1147 560 1434 608 assecutus
1477 561 1560 606 cst
1596 554 1830 610 salutem

216 627 343 692 dei,
387 629 489 699 qui
530 629 815 700 angustias
856 643 1041 682 rerum
1079 625 1506 698 appellationem
1547 635 1602 682 et
1640 645 1832 699 preces

215 711 401 768 vocat,
424 719 527 775 pro
548 702 861 758 necessario
882 699 1153 756 beneficio
1171 701 1558 760 remissionem
1577 720 1641 758 ac
1661 704 1832 759 liber·-

213 787 388 834 tatem
408 774 719 835 concedens
738 775 1150 834 invocantibus.

218 921 324 972 Cur
356 921 425 970 sic
458 920 625 986 incipit
664 919 962 969 benedicere.-
1026 917 1206 981 „Ecce
1244 917 1304 968 de
1336 919 1628 984 pt'nyuedine
1676 929 1830 968 terrae

308 988 399 1037 crit
434 988 667 1039 habitatio
704 997 789 1038 tua
824 997 872 1036 et
906 985 967 1036 de
1004 1001 1114 1036 rore
1149 985 1276 1036 caeli
1305 987 1586 1051 ‹intepet-“r
1623 987 1742 1052 (ib.)

332 1089 454 1146 234.
512 1087 705 1145 Viden'
742 1088 892 1162 quod
943 1089 1125 1143 maius
1173 1089 1513 1145 existimanti
1548 1097 1824 1144 terrenum

216 1180 395 1236 quam
416 1163 643 1220 caeleste
659 1207 671 1230 ,
716 1165 844 1220 talis
866 1163 1066 1220 modus
1086 1163 1418 1219 intervenit?
1473 1165 1678 1220 Verum
1698 1181 1827 1237 pro-

216 1239 469 1312 pitiatori
490 1237 732 1296 benefico
753 1241 934 1296 omnis
953 1241 1130 1313 gratia
1161 1238 1448 1304 reddatur,
1488 1241 1697 1312 quippe
1728 1241 1826 1313 qui

217 1332 332 1372 non
354 1315 665 1386 permiserit
688 1317 869 1371 animo
887 1316 1114 1388 penitus
1135 1313 1414 1370 desertum
1435 1332 1554 1372 esse
1583 1314 1651 1370 ab
1681 1315 1826 1388 opti-

216 1407 311 1447 ma
332 1389 633 1463 divinaque
654 1390 855 1458 forma,
884 1388 957 1466 [Ἴ
982 1407 1157 1462 quum
1186 1389 1536 1446 descenderit
1565 1392 1625 1446 in
1653 1399 1826 1447 terre-

216 1474 332 1522 stre
359 1483 589 1540 corpus‚
634 1475 688 1522 et
715 1467 870 1524 vitiis
900 1464 1526 1539 flammisque'comburi
1546 1467 1825 1540 cupidita-

218 1710 591 1782 deprimentia
609 1710 843 1784 Aegypti
866 1713 1049 1766 anima
1065 1752 1078 1775 ‚
1119 1720 1174 1765 et
1200 1710 1365 1766 Israel
1391 1711 1591 1764 mentis
1617 1711 1824 1764 intuitu

220 1785 515 1848 stibrium‚
562 1784 661 1856 qui
695 1802 820 1840 cum
850 1787 1215 1860 ingemuisset
1246 1793 1299 1839 et
1325 1784 1688 1838 exclamasset
1717 1799 1824 1837 non

220 1858 455 1932 regibili
477 1875 627 1922 voce,
659 1859 755 1914 sed
774 1859 1144 1934 intelligibili,
1170 1859 1370 1912 meruit
1388 1857 1622 1911 salutem
1644 1873 1674 1909 a
1695 1857 1820 1920 Deo,

221 1939 321 2006 qui
342 1941 678 2006 opportunas
696 1934 1101 1991 obsecrationes
1121 1932 1305 1987 tacitis
1333 1931 1825 1986 exclamationibus

221 2010 535 2082 praevenit,
577 2027 677 2082 pro
696 2009 981 2066 beneficiis
999 2007 1350 2083 peccantium
1370 2003 1674 2079 largiendo.

230 2135 389 2210 Quat-'e
422 2151 493 2201 ita
526 2151 693 2217 incipit
732 2151 1031 2202 benedicere.-
1087 2151 1181 2216 „A
1215 2149 1506 2216 pinquedine
1549 2155 1704 2196 terrae
1739 2148 1828 2198 erit

380 2219 667 2269 inhabitatio
706 2228 813 2282 tua,
881 2231 926 2268 et
964 2219 1022 2268 dc
1056 2237 1165 2268 rore
1201 2219 1321 2268 coeli
1352 2218 1586 2267 desursum
1605 2217 1670 2271 “8

330 2313 452 2369 234.
505 2311 706 2376 Vides,
756 2313 889 2382 quia
927 2313 1214 2384 superiora
1251 2321 1463 2366 terrena
1505 2308 1828 2364 coelestium

226 2386 539 2441 arbitrando
568 2386 769 2441 modus
796 2387 903 2442 iste
932 2386 1231 2459 probatur?
1277 2387 1518 2458 Propitio
1558 2390 1738 2440 autem
1775 2391 1828 2438 et

224 2459 617 2517 beneficiorum
664 2461 840 2517 datori
884 2464 1068 2518 omnis
1115 2463 1292 2536 gratia
1337 2479 1447 2517 non
1487 2459 1828 2516 admittentis

224 2543 461 2590 mentem
480 2536 589 2590 sub
606 2552 719 2592 uno
737 2535 1017 2592 desertum
1042 2538 1164 2593 fieri
1179 2578 1194 2602 ‚
1237 2555 1267 2591 a
1285 2535 1502 2592 meliori
1524 2542 1577 2589 et
1595 2534 1827 2589 beatior-i

227 2612 409 2681 specie
426 2611 708 2682 privatum
722 2652 735 2675 ‚
777 2613 949 2666 immo
968 2614 1027 2666 in
1050 2621 1264 2668 terreno
1285 2627 1508 2682 corpore
1528 2608 1826 2665 deductum

228 2687 281 2740 in
292 2685 601 2742 Acheronte
622 2695 675 2740 et
684 2685 1208 2761 Pyriphlegethonte
1226 2686 1823 2760 concupiscentiarum3
