2125 3084
364 222 459 276 tao
824 226 1192 273 rmnoms
1229 225 1500 272 mnam
1701 294 1716 310 ·
1755 220 1826 287 [1,
1849 229 2030 294 nm]

360 327 661 391 delectant,
701 326 919 382 belluae
948 329 1007 380 in
1047 325 1274 381 latebris
1304 333 1362 379 et
1389 325 1642 380 cavernis
1673 333 1778 382 aut
1807 330 2020 388 silvis

360 403 591 458 latentes
610 401 755 456 sicut
776 401 997 456 insidiis
1018 408 1358 472 exspectant.
1435 399 1578 454 Sunt
1595 401 1774 456 etiam
1791 445 1806 468 ,
1829 421 2012 475 quae

358 489 639 548 tamquam
666 493 737 532 ex
762 475 1106 550 pinguedine
1129 475 1199 529 ab
1221 475 1342 545 ipso
1364 475 1484 528 aere
1501 473 1734 530 odorem
1757 493 2006 551 sugunt

360 553 614 608 naribus:
686 551 947 606 foetorem
974 567 1105 606 vero
1131 550 1431 604 sentientes
1459 550 1994 620 nares‘dimovent.

360 637 413 683 et
434 628 661 684 latentes
680 628 739 680 in
762 628 945 681 caveis
966 625 1365 696 praestolantur
1394 625 1778 694 venationem3
1847 646 1996 684 sur—

358 711 553 776 gentes
573 703 723 758 enim
742 718 813 756 ex
831 700 1053 755 insidiis
1075 701 1260 754 statim
1279 699 1441 754 avide
1459 706 1808 756 saturantur.

471 811 557 862 33.
605 804 755 862 Adeo
785 813 963 860 autem
1000 803 1297 860 nonnullae
1335 805 1646 858 cautionem
1691 817 1990 878 usurpant

358 883 428 938 de
455 882 631 938 salute
659 882 907 952 propria,
950 888 1010 934 ut
1040 896 1147 934 non
1179 879 1356 934 solum
1378 877 1566 934 dolum
1587 879 1738 934 inter
1759 898 1826 935 se
1845 899 1984 936 mn-

358 964 544 1022 tuum,
587 973 782 1011 verum
810 956 974 1010 etiam
1005 953 1225 1010 fortiora
1253 953 1535 1008 hominum
1567 954 1814 1010 consilia
1849 957 1970 1012 elu-

359 1031 511 1088 dant.
588 1032 853 1088 Dicuntur
874 1031 1021 1086 enim
1042 1029 1222 1090 cervi,
1253 1028 1387 1082 dum
1405 1029 1713 1100 proiiciunt
1732 1046 1959 1094 cornua,

358 1124 621 1179 quaerere
643 1107 992 1162 securitatem
1011 1103 1349 1166 solitudini&
1363 1111 1416 1157 et
1428 1101 1797 1158 ascendentes
1811 1123 1963 1160 mon·

358 1192 439 1238 tes
468 1181 607 1236 altos
630 1190 817 1252 petere
844 1181 1017 1236 silvas
1046 1178 1573 1250 inaccessibilesque
1601 1177 1889 1234 anfractus
1908 1189 1961 1233 et

357 1256 571 1311 deserta
602 1257 892 1326 impervia.
971 1253 1113 1320 Quia
1143 1271 1270 1309 vero
1300 1270 1473 1324 quum
1494 1270 1771 1308 cornuum
1795 1256 1960 1310 armis

358 1330 641 1400 aequalem
663 1332 777 1385 vim
800 1338 1072 1384 exuerunt
1091 1329 1339 1399 nudique
1359 1329 1744 1383 instrumentis
1768 1329 1962 1385 defen·

360 1405 532 1460 sionis
554 1414 863 1469 evaserunt,
888 1405 959 1459 ob
971 1412 1198 1468 metum,
1219 1421 1287 1458 ne
1309 1401 1722 1458 irremediabile
1744 1403 1961 1476 aliquid

358 1480 653 1552 patiantur,
677 1479 735 1532 in
756 1479 1055 1534 solitudine
1077 1497 1232 1551 spem
1251 1486 1482 1550 ponunt,
1502 1479 1666 1549 quasi
1689 1489 1864 1534 restet
1884 1481 1960 1534 eis

356 1554 486 1626 fuga
506 1552 621 1607 sola
642 1584 717 1594 -
737 1553 885 1608 unde
902 1563 957 1609 et
972 1553 1330 1625 proverbium
1353 1550 1425 1627 [Ἴ
1450 1551 1621 1608 illud:
1695 1556 1800 1609 Ubi
1827 1559 1961 1610 cervi

357 1646 553 1684 cornua
609 1632 890 1697 deponunt,
941 1636 1173 1698 profecto
1231 1631 1370 1682 locus
1424 1637 1498 1681 est
1551 1633 1956 1684 desertissimas.

355 1703 625 1772 Quoniam
652 1719 781 1776 ergo
810 1711 934 1778 post
962 1721 1165 1758 cornua
1195 1704 1393 1757 reiecta
1423 1703 1577 1756 iuxta
1607 1703 1835 1758 radices
1867 1722 1960 1758 ex-

358 1787 502 1836 stant
540 1779 777 1852 vestigia
815 1779 1090 1842 vulneriS‚
1140 1777 1552 1849 supervolantes
1592 1795 1828 1834 muscae
1863 1797 1959 1851 pa-

356 1862 584 1910 scuntur
614 1863 666 1910 et
694 1855 1047 1910 saevissimos
1079 1852 1291 1909 dolores
1323 1852 1570 1907 afferunt.
1649 1853 1844 1919 Quare
1877 1855 1957 1910 illi

357 1947 456 2002 per
476 1929 626 1986 diem
646 1932 909 1984 intrantes
930 1929 1170 1992 dumeta,
1189 1945 1409 1983 nemora
1433 1925 1842 2000 frondosasque
1862 1930 1957 1983 sil-

359 2023 453 2060 vas
485 2005 678 2068 latent,
723 2006 890 2059 ramis
918 2003 1320 2074 condensisque
1361 2002 1650 2057 frondibus
1693 2004 1948 2070 obducti;

356 2088 513 2136 nocte
533 2088 715 2134 autem
729 2121 741 2143 ‚
772 2080 993 2151 quando
1014 2078 1256 2132 volatilia
1279 2077 1636 2149 acquiescunt
1650 2119 1664 2140 ‚
1690 2089 1952 2133 exeuntes

356 2156 527 2210 tutius
575 2163 892 2225 pascuntur.
982 2153 1204 2208 Adhaec
1252 2154 1455 2207 renatis
1501 2152 1766 2207 cornibus
1809 2153 1954 2208 haud

356 2229 635 2284 confidunt
654 2231 837 2284 statim
867 2228 1098 2283 meridie
1125 2227 1266 2282 foras
1297 2229 1474 2291 exire,
1518 2229 1684 2283 veriti
1715 2229 1952 2284 necdum

354 2303 596 2359 stabilita
638 2301 809 2358 fuisse
848 2321 1077 2358 cornua:
1143 2319 1315 2372 quum
1355 2304 1502 2356 enim
1543 2301 1730 2357 adhuc
1768 2313 1972 2360 tenera,

357 2387 485 2434 sunt
498 2419 511 2441 ,
555 2379 715 2449 quasi
736 2377 1011 2434 lutescunt
1032 2395 1095 2432 ac
1116 2376 1502 2432 discinduntur
1522 2377 1591 2443 ab
1612 2377 1787 2432 radiis
1809 2379 1954 2432 sola-

355 2453 537 2514 ribus,
580 2460 643 2506 ut
670 2452 863 2524 argilla
891 2453 1049 2524 figuli
1081 2452 1148 2506 ab
1177 2454 1325 2524 igne.
1403 2451 1771 2518 Quamobrem
1802 2451 1956 2507 diffi-

355 2525 573 2588 dentes,
616 2543 684 2580 ne
712 2526 849 2582 forte
875 2525 1172 2598 perfectam
1201 2527 1382 2581 adhuc
1401 2543 1506 2580 non
1530 2529 1843 2597 acceperint
1859 2543 1956 2581 so-

356 2595 651 2661 liditatem,
697 2601 753 2655 in
787 2601 1005 2656 arbores
1032 2603 1352 2672 percutiunt
1381 2601 1557 2672 capita
1587 2619 1686 2658 sua
1733 2612 1787 2657 et
1824 2619 1958 2674 pro-

354 2667 484 2718 bant
503 2685 705 2724 cornua
723 2691 823 2743 per
842 2683 1150 2730 contactum
1172 2684 1226 2731 et
1254 2676 1626 2747 compulsum,
1671 2694 1746 2731 an
1779 2679 1958 2732 firmi—

350 2747 431 2790 ter
450 2750 625 2794 erecta
647 2747 778 2798 sint.
