2125 3084
210 190 297 257 [IL
320 189 437 259 562]
586 194 841 242 SERMO
884 196 983 242 DE
1022 197 1436 244 sAuPsoNE.
1707 192 1800 246 ΗΙ

208 296 505 353 traducens
519 338 531 361 ,
560 306 855 369 postquam
874 298 1170 353 consilium
1188 298 1459 370 perdidit,
1485 300 1804 373 expergefit,

209 381 324 429 tam
352 372 639 427 brutorum
668 389 818 427 more
846 373 906 427 in
926 374 1339 449 responsionem
1356 375 1598 441 irruens,
1641 392 1810 447 quam

208 448 363 503 intus
382 449 441 503 in
462 447 677 521 laq-ucis
698 465 759 503 se
777 447 1094 503 includens,

327 577 413 629 33.
462 574 851 631 Verumtamen
881 591 991 629 non
1028 576 1208 646 potuit
1245 573 1516 647 Sampson
1546 572 1724 645 (alios)
1753 575 1811 629 in

214 650 477 720 laqueum
496 650 769 705 coniicere
784 689 798 714 ,
841 649 940 703 sed
962 651 1146 721 potius
1165 649 1402 705 insidias
1423 648 1494 707 ab
1513 665 1578 703 eo
1595 656 1811 721 paratas

211 725 427 796 dirupit
454 724 783 781 intermedia
812 725 1041 789 mulier,
1095 735 1150 780 et
1190 732 1501 781 venatorem
1539 724 1597 783 in
1634 724 1812 795 ipsius

212 801 583 855 circumvenit
609 800 836 871 laqueo,
878 807 933 855 et
960 816 1100 871 quos
1127 800 1456 864 venabatur,
1500 798 1704 855 liberos
1726 798 1815 853 di-

211 875 368 931 misit
396 893 425 929 a
456 876 731 947 periculo,
775 875 1003 931 insidiis
1031 876 1345 933 minutatim
1375 874 1584 931 fractiS.
1663 874 1812 930 Talis

211 958 326 1013 est,
356 966 390 1005 o
410 949 677 1021 Sampson
694 992 707 1015 ,
732 950 1075 1023 alienigena3
1120 950 1411 1010 eonem-‘dat
1430 950 1566 1006 alias
1588 949 1815 1021 copula·

208 1024 351 1081 tioni
371 1026 675 1081 seeundum
696 1042 919 1081 earnem
938 1034 993 1081 et
1013 1026 1214 1083 amoris
1235 1026 1470 1083 fideliter
1488 1024 1816 1081 similitudi·-

211 1117 315 1156 nes
334 1101 583 1171 praebet,
614 1110 777 1173 atque
797 1118 1037 1173 quocum
1056 1102 1426 1157 communicat
1444 1102 1590 1157 coitu
1609 1102 1810 1165 carnis,

210 1192 343 1231 cum
364 1175 461 1231 illo
479 1185 691 1249 pugnat
708 1179 890 1233 anima
904 1218 918 1243 ,
942 1176 1258 1249 dividitque
1277 1194 1436 1233 suam
1453 1176 1813 1233 hereditatem

211 1254 274 1307 in
296 1260 487 1323 gentes
507 1250 615 1323 (vel
638 1252 1124 1325 consanguineos):
1160 1269 1384 1325 corpore
1399 1270 1591 1325 pacem
1614 1251 1738 1317 fert,
1761 1258 1814 1307 et

212 1327 399 1383 anima
427 1326 653 1383 rebellis
680 1335 782 1386 est.
861 1330 977 1383 lmo
1003 1329 1190 1400 potius
1221 1326 1362 1387 nihil
1389 1336 1642 1401 pacatum
1659 1368 1671 1391 ,
1713 1326 1814 1383 sed

210 1403 398 1459 omnia
426 1402 808 1475 belligerantis
834 1420 985 1465 ,more
1014 1412 1296 1475 operatum
1342 1402 1484 1460 nulli
1511 1406 1660 1460 enim
1686 1421 1816 1475 per-

211 1470 381 1536 mittit
400 1479 615 1550 corpori
637 1478 863 1543 salvari,
886 1479 995 1535 nisi
1018 1480 1314 1535 insidietur
1332 1480 1384 1535 ei
1405 1495 1570 1551 quem
1593 1496 1814 1535 servare

210 1555 526 1626 pollicetur.
606 1548 719 1611 Sed
738 1554 882 1609 illud
908 1553 977 1611 ad
999 1555 1329 1611 insidiarum
1351 1556 1675 1613 celationem
1697 1572 1816 1611 mo-

211 1632 345 1686 litur
360 1672 373 1694 ,
407 1640 471 1687 ut
488 1629 717 1687 visibile
736 1630 891 1686 velut
907 1630 1047 1687 utile
1061 1633 1194 1703 quis
1219 1632 1494 1703 recipiens
1509 1672 1522 1696 ,
1555 1631 1814 1687 latentem

210 1706 485 1776 suscipiat
514 1704 772 1777 lethalem
801 1704 1068 1761 fructum:
1129 1705 1598 1779 quemadmodum
1625 1704 1724 1776 qui
1753 1705 1812 1761 in

212 1780 387 1850 dapes
415 1796 629 1834 venena
657 1781 1037 1847 commiscent,
1093 1790 1261 1836 artem
1290 1781 1403 1835 cibi
1430 1788 1809 1842 monstranteS‚

212 1862 277 1909 ut
304 1854 612 1925 decipiant,
655 1856 737 1909 sic
765 1857 929 1911 etiam
957 1857 1166 1912 malum
1187 1854 1438 1910 effectum
1458 1854 1670 1926 abipsa
1691 1870 1816 1907 mu-

216 1930 353 1985 liere
384 1930 581 1984 veneni
612 1930 783 1985 instar
812 1940 1100 2004 acceptum
1130 1932 1187 1985 in
1216 1948 1276 1985 se
1311 1921 1384 2005 [Ἴ
1417 1929 1810 1983 demonstrant.

328 2058 413 2111 34.
455 2056 649 2112 Viden'
668 2058 841 2113 animi
861 2056 1088 2114 dolum?
1121 2054 1429 2119 Aberrasti,
1461 2072 1494 2110 o
1523 2054 1812 2126 Sampson,

212 2149 317 2205 per
344 2131 634 2187 mulierem
665 2133 735 2189 de
763 2134 1016 2189 victoria.
1105 2131 1339 2189 Attende
1367 2147 1498 2203 ergo
1527 2130 1809 2200 deincepS,

214 2224 287 2263 ne
317 2208 375 2263 in
404 2208 711 2265 secundum
743 2209 987 2280 lapidem
1014 2206 1294 2265 offendens
1323 2215 1404 2271 te,
1445 2207 1662 2277 lapsum
1687 2220 1817 2276 pro-

215 2280 461 2347 baveriS‚
494 2285 607 2339 imo
628 2285 835 2357 magis,
869 2286 1017 2339 nein
1042 2282 1280 2339 eundem
1303 2282 1546 2354 lapidem
1573 2278 1816 2337 secundo

212 2360 513 2431 impingas.
594 2360 675 2415 Ne
705 2360 954 2432 ignores,
1004 2376 1174 2431 quam
1202 2357 1480 2421 didicisti,
1534 2356 1808 2423 naturam3

214 2435 519 2489 accuratior
546 2452 609 2489 ac
638 2432 971 2489 constantior
998 2435 1139 2489 mihi
1175 2433 1378 2489 dehinc
1417 2441 1552 2489 esto.
1640 2429 1815 2488 Saeva

214 2517 380 2579 atque
410 2509 577 2565 valde
612 2509 1011 2582 insuperabilis
1039 2518 1149 2574 est,
1187 2526 1220 2565 o
1247 2508 1546 2580 Sampson,
1579 2506 1812 2563 feminea

212 2601 379 2657 gens,
406 2585 483 2638 ita
501 2592 563 2637 ut
583 2588 647 2639 et'
656 2584 851 2639 fortem
871 2585 1148 2639 emulcere
1168 2593 1330 2657 atque
1351 2584 1598 2639 emollire
1619 2582 1812 2655 possit,

215 2668 271 2715 et
308 2660 551 2729 corporis
588 2660 737 2713 vires
777 2660 949 2714 animi
986 2660 1306 2717 seductione
1331 2676 1430 2730 per
1459 2658 1816 2730 cupiditatem

222 2736 463 2795 vincere.
538 2735 637 2787 His
658 2734 793 2788 solis
813 2737 1121 2805 potentium
1139 2751 1316 2809 genus
1338 2734 1499 2789 facile
1520 2743 1684 2807 captu
1693 2734 1811 2797 'estg

1871 2874 2100 3011 A
