2125 3084
368 197 467 248 386
629 203 821 249 mm.
859 203 1007 250 nm.
1044 203 1365 262 QUAEs'r.
1401 203 1504 248 ET
1541 197 1968 266 sou-[mma]

366 304 566 362 iterum
604 303 1021 374 compellentem
1058 305 1203 358 inter
1238 319 1298 357 se
1325 304 1586 356 invicem.
1665 303 1966 374 Siquidem

372 378 467 430 vix
506 377 694 430 stellae
733 377 1029 432 adhaerent
1067 378 1177 432 sibi
1217 385 1432 442 mutuo,
1471 375 1543 450 [⁴⁴⁵]
1575 393 1720 448 quae
1759 396 1968 449 nempe

367 453 521 505 iuxta
561 453 853 506 terminum
893 460 1047 515 sunt,
1098 453 1384 507 terminata
1421 460 1740 522 tempestate
1782 462 1837 507 et
1871 471 1968 507 se-

368 527 557 599 quenti
576 527 902 597 incipiente,
936 527 1061 590 sed,
1094 534 1156 581 ut
1175 527 1323 590 dixi,
1357 535 1438 580 est
1456 527 1600 580 inter
1629 525 1756 580 illas
1785 528 1965 582 in‘ter-

366 601 574 655 vallum
594 603 942 672 spatiumque
962 602 1246 673 purissimi
1271 618 1332 655 ac
1353 600 1670 655 nitidissimi
1693 601 1958 666 aetheriS,

366 677 464 748 qui
486 678 692 730 circum
712 693 771 730 se
793 676 957 730 habet
974 685 1083 731 tres
1103 685 1156 730 et
1178 681 1386 744 colliyat
1408 693 1564 737 auro,
1607 676 1765 729 cuius
1794 677 1962 729 simi-

368 750 662 806 litudinem
691 750 949 824 figuravit
976 752 1034 805 in
1062 769 1124 805 se
1153 751 1338 805 aether
1364 758 1583 822 propter
1601 749 1842 826 nobilem
1864 767 1958 804 es·-

366 828 621 881 sentiam.

374 931 531 992 Quare
566 933 768 984 eiusdem
801 925 997 982 nominis
1028 921 1135 982 sunt
1166 949 1376 997 qemmae
1411 949 1511 981 cum
1537 931 1826 996 principibus
1869 931 1956 980 tri-

500 1004 657 1065 buum,
720 999 1005 1066 sculpturam
1057 1001 1334 1050 habentibus
1383 1000 1552 1066 siyillzzs
1597 1017 1642 1050 a.
1672 998 1958 1050 nominibus?

449 1101 455 1108 ·
498 1074 605 1134 (28,
636 1070 743 1134 21.)

484 1158 595 1210 tlt.
646 1153 914 1220 Quoniam
951 1151 1244 1207 duodecim
1273 1169 1548 1224 gemmae,
1599 1167 1787 1206 eorum
1815 1167 1957 1222 quae

366 1232 424 1286 in
456 1231 683 1284 Zodiaco
700 1238 853 1292 sunt,
896 1227 1186 1283 duodecim
1217 1228 1539 1283 animalium
1570 1225 1774 1285 formae
1805 1234 1954 1280 sunt.

366 1304 689 1378 Symbolum
715 1313 895 1358 autem
916 1311 998 1357 est
1019 1303 1312 1358 duodecim
1330 1301 1764 1374 patriarcharum
1778 1342 1791 1366 ,
1823 1299 1958 1354 dum

366 1379 588 1434 nomina
628 1395 814 1432 eorum
852 1377 1062 1432 caelatu
1102 1378 1368 1448 insculpit
1409 1378 1586 1441 intuS‚
1633 1376 1826 1432 volens
1865 1393 1957 1430 eos

369 1453 555 1508 stellas
575 1452 803 1508 reddere
824 1463 877 1508 et
900 1455 1056 1524 quasi
1081 1453 1382 1524 unicuique
1404 1469 1576 1506 unum
1597 1453 1820 1524 signum
1841 1449 1960 1504 dis-

367 1527 636 1592 tribuere,
679 1529 788 1582 imo
816 1529 997 1599 potius
1025 1529 1274 1600 singulos
1305 1529 1454 1599 ipsos
1477 1526 1816 1599 patriarchas
1838 1525 1957 1600 fieri

366 1603 551 1676 signa,
594 1611 657 1658 ut
684 1602 895 1675 efligies
926 1603 1205 1658 caelestis:
1268 1610 1328 1657 ut
1354 1620 1551 1678 nempe
1579 1602 1759 1674 gentis
1787 1601 1958 1656 duces

368 1695 429 1734 ac
458 1679 799 1750 patriarchae
826 1695 892 1733 ne
912 1679 968 1733 in
990 1687 1131 1734 terra
1153 1677 1494 1732 ambularent
1512 1678 1656 1732 sicut
1677 1675 1953 1741 mortaleS,

367 1754 464 1810 sed
486 1755 703 1826 plantae
733 1755 995 1810 caelestes
1030 1751 1207 1808 effecti
1237 1754 1295 1806 in
1326 1753 1541 1807 aethere
1577 1750 1952 1814 obambulent,

367 1829 575 1885 ibidem
597 1829 714 1885 fixi.
794 1831 1024 1884 Nomina
1044 1837 1226 1883 autem
1247 1844 1433 1882 eorum
1452 1831 1630 1896 siqilla
1649 1843 1770 1880 esse
1791 1825 1952 1889 dixit,

367 1906 525 1978 quasi
545 1907 757 1977 species
782 1903 1180 1968 immutabiles,
1223 1920 1362 1973 quae
1390 1904 1448 1957 in
1475 1901 1667 1956 eadem
1693 1901 1958 1955 similitu-

367 1979 495 2035 dine
517 1989 868 2052 permaneant
887 1996 1122 2049 semper.
1195 1977 1351 2033 Sicut
1371 1979 1519 2032 enim
1540 1977 1790 2050 sigillum
1812 1975 1957 2029 mul-

368 2057 437 2110 tis
478 2058 730 2110 essentiis
770 2057 827 2109 in
868 2072 967 2109 sua
1005 2055 1175 2109 forma
1211 2053 1458 2125 figuratis
1497 2054 1680 2124 ipsum
1709 2052 1957 2106 incorru-
2053 2052 2068 2065 ‘

365 2141 521 2203 ptum
544 2140 597 2186 et
616 2130 959 2184 immutabile
980 2138 1189 2192 manet,
1225 2129 1414 2182 multis
1435 2127 1559 2182 aliis
1582 2125 1958 2199 participatio—

366 2223 489 2260 nem
529 2206 891 2278 possessionis
927 2213 1209 2276 praestans
1248 2221 1278 2258 a
1314 2219 1413 2258 sua
1453 2203 1699 2274 propria,
1741 2200 1957 2256 nullum

368 2298 495 2336 vero
517 2290 773 2336 eventum
805 2296 1030 2351 passum
1056 2281 1279 2334 omnino
1307 2279 1376 2332 ab
1406 2279 1620 2349 aliquo,
1663 2277 1746 2330 sic
1776 2284 1830 2330 et
1856 2292 1960 2347 pa·-

364 2356 725 2411 triarcharum
765 2372 1214 2426 unumquemque
1250 2363 1530 2425 tamquam
1570 2352 1805 2424 ‚formam
1840 2351 1963 2428 ¹im-

367 2432 690 2486 mortalitate
728 2429 929 2484 donare
968 2447 1029 2484 ac
1069 2438 1396 2500 perpetuum
1441 2427 1672 2483 reddere
1720 2442 1966 2497 aequum

367 2505 547 2560 ducit:
620 2523 727 2560 non
758 2513 817 2558 ut
846 2522 1032 2559 casum
1062 2505 1356 2575 quemdam
1387 2511 1727 2575 paterentur,
1769 2500 1868 2556 sed
1897 2509 1970 2558 ut.

366 2587 635 2634 mutantes
676 2597 734 2633 se
772 2587 825 2633 et
862 2587 1142 2634 moventes
1179 2578 1524 2634 firmarentur
1549 2580 1607 2632 in
1635 2579 1708 2632 iis
1736 2577 1973 2631 virtuti-

368 2654 491 2714 bus,
516 2669 657 2722 quae
676 2655 960 2708 imitantur
980 2657 1186 2717 tribum,
1209 2669 1462 2726 quaeque
1483 2652 1811 2709 distributae
1831 2661 1976 2710 sunt

367 2726 545 2798 gentis
564 2726 871 2780 ordinibus.
