2125 3084
377 153 466 206 ¹56
817 155 1184 202 rmnoms
1230 155 1502 202 umam
1743 148 1820 214 [1,
1845 159 1978 206 ¹68.
1988 155 2016 222 J

369 259 493 314 istis
520 257 731 312 semina
766 272 925 310 curae
961 253 1272 318 habendae,
1328 262 1390 309 ut
1424 253 1878 327 unumquodque
1919 261 2014 314 ad

368 333 631 388 virtutem
650 330 759 385 sibi
781 330 1057 402 propriam
1077 326 1436 401 progrediens
1451 369 1464 394 ,
1496 345 1604 384 non
1630 328 2012 388 destituatur

371 425 402 462 a
420 405 607 462 debita
624 404 977 477 perfectione.
1036 404 1436 459 convenienter
1451 411 1506 457 et
1523 420 1670 473 pavo
1685 445 1698 468 ,
1723 407 1838 475 qui
1859 423 2008 462 cer-

372 499 507 536 nens
546 480 604 534 in
642 495 703 534 se
738 478 939 535 cleram
983 480 1430 550 variegatamque
1473 477 1690 534 alarum
1733 479 1998 536 formam
2090 485 2093 534 ἓ

371 563 619 612 texturae
637 553 897 618 similem,
918 552 1344 624 pulcherrimam
1361 552 1589 625 praebet
1607 556 1868 624 speciem
1891 558 1995 612 vi—
2090 569 2093 604 ε

371 629 631 686 dentibus
646 669 661 692 ,
702 643 809 682 non
830 629 1186 682 ostentatione
1204 629 1408 691 utitur,
1449 627 1549 682 sed
1576 635 1816 684 naturae
1841 649 1991 686 suae

376 702 449 779 [Ἴ
474 703 695 760 virtutis
714 701 993 760 desiderio
1007 702 1174 758 cedit.

483 813 569 866 89.
626 811 820 866 Putare
856 818 1034 865 autem
1051 850 1066 874 ,
1128 809 1278 881 quod
1316 826 1460 864 unus
1495 809 1986 866 Antiochenornm

370 886 724 960 elephantum
744 886 881 940 Aiax
902 885 1238 947 nominatus,
1281 897 1458 956 quum
1481 886 1741 956 privatus
1772 885 1983 941 fnisset

373 961 639 1034 dignitate
659 959 973 1032 principali,
998 959 1180 1014 furore
1200 967 1392 1030 captus
1415 957 1600 1023 fuerit,
1615 960 1976 1018 irridendum

371 1037 592 1091 omnino
622 1044 705 1090 est
730 1051 839 1090 una
869 1051 994 1088 cum
1021 1034 1348 1105 procacitate
1383 1034 1798 1106 insolentiaque
1829 1035 1976 1090 ferae

372 1110 594 1182 agresti.
672 1111 937 1164 Fortassis
978 1107 1050 1164 ob
1098 1108 1484 1162 saturationem
1529 1107 1972 1182 fruitionemque

372 1185 485 1238 cibi
504 1183 739 1238 multum
760 1183 981 1240 delicati
1000 1183 1296 1256 diligenter
1314 1182 1470 1238 alteri
1490 1187 1801 1255 comparati
1823 1185 1969 1240 invi-

371 1257 460 1312 dia
484 1257 773 1315 ambitiosa
792 1259 1038 1314 accessit.

482 1369 567 1419 90.
608 1365 829 1422 Catulos
857 1382 987 1422 vero
1016 1375 1070 1421 et
1103 1382 1362 1440 onagros,
1405 1363 1640 1430 haedos,
1689 1365 1892 1421 simias
1915 1375 1966 1422 et

369 1455 750 1512 quaecumque
767 1441 1025 1496 mirificas
1044 1442 1104 1496 in
1125 1439 1433 1514 spectaculo
1451 1441 1852 1512 ostentationes
1871 1459 1965 1496 ex-

370 1514 588 1578 hibent,
614 1515 727 1569 noli
746 1523 937 1586 putare
956 1516 1072 1571 ullo
1093 1515 1254 1572 modo
1272 1515 1497 1570 rationis
1517 1531 1639 1570 esse
1659 1515 1964 1572 documen-

370 1598 451 1656 ta3
489 1605 615 1644 nam
636 1589 747 1643 cibi
768 1587 1104 1662 indigentia,
1135 1600 1190 1647 et
1217 1590 1404 1646 crebre
1433 1587 1720 1662 flagellum
1740 1590 1812 1646 ad
1833 1591 1965 1646 haec

372 1665 637 1728 excitant,
668 1663 944 1734 siquidem
973 1682 1153 1730 omne,
1183 1665 1482 1740 quodquod
1508 1665 1730 1720 animae
1755 1674 1962 1738 partem

373 1739 564 1805 habet,
605 1738 915 1795 subiectum
933 1749 1015 1795 est
1030 1748 1326 1807 tormento,
1369 1747 1422 1795 et
1448 1739 1609 1794 famis
1629 1749 1958 1796 tormentum

372 1816 477 1871 sub
499 1815 620 1889 lege
641 1817 943 1870 necessaria
962 1815 1187 1890 redigit.

484 1911 569 1962 91.
592 1905 747 1976 Quod
766 1908 815 1962 si
834 1923 1054 1964 censeas
1077 1907 1183 1962 alia
1202 1905 1448 1978 praedita
1469 1922 1590 1962 esse
1607 1909 1955 1962 oeconomica

373 1981 611 2053 quadam
629 1982 946 2053 prudentia,
989 1991 1050 2037 ut
1079 1982 1302 2036 formica
1331 1990 1384 2038 et
1409 1981 1555 2053 apis,
1602 1998 1783 2053 quum
1803 1997 1958 2036 nemo

374 2059 599 2111 istarum
634 2065 814 2112 tamen
850 2057 1074 2128 politica
1117 2055 1378 2130 gandeat,
1443 2055 1714 2112 concedas
1754 2064 1957 2128 oportet

372 2148 533 2202 posse
554 2129 754 2185 falsum
774 2147 892 2186 esse
910 2132 968 2188 in
988 2132 1172 2204 specie
1187 2171 1200 2196 ,
1239 2129 1389 2204 quod
1409 2147 1601 2186 verum
1620 2131 1696 2186 sit
1713 2132 1776 2187 in
1793 2147 1954 2204 gene-

373 2223 458 2272 re,
491 2205 597 2260 sub
624 2221 733 2276 quo
761 2205 925 2261 cadit.
1001 2207 1072 2262 Ut
1088 2214 1248 2278 pute,
1282 2223 1390 2260 non
1411 2207 1658 2278 ignoras,
1696 2207 1852 2278 quod
1871 2221 1953 2260 eo·-

374 2298 495 2336 rum
517 2289 599 2336 est
616 2282 925 2335 oeconomia
942 2321 955 2344 ,
996 2296 1230 2352 quorum
1259 2288 1314 2336 et
1329 2280 1578 2352 politice:
1620 2281 1793 2336 unius
1815 2281 1950 2336 enim

376 2365 605 2428 utraque
625 2355 843 2410 virtutis
863 2355 1042 2427 proles
1056 2396 1070 2419 ,
1103 2355 1206 2410 etsi
1225 2354 1332 2410 sub
1351 2355 1536 2428 specie
1555 2370 1718 2426 pares
1735 2397 1749 2422 ,
1783 2357 1951 2426 impa-

372 2446 461 2484 res
479 2438 660 2484 tamen
681 2429 1056 2502 magnitudine
1069 2471 1082 2494 ,
1119 2436 1182 2486 ut
1205 2428 1402 2485 domus
1420 2438 1473 2485 et
1493 2429 1713 2484 civitas.
1791 2428 1949 2500 Atqui

374 2503 629 2631 geo-{ipis
648 2504 888 2576 politice,
916 2519 1095 2576 neque
1112 2520 1243 2579 ergo
1262 2503 1598 2577 dispensatio
1617 2503 1852 2560 dicenda
1871 2511 1952 2557 est

414 2593 443 2630 e
464 2595 483 2630 1
529 2595 595 2632 is.

482 2668 568 2723 92.
615 2667 687 2724 At
712 2669 850 2741 quid
874 2672 1001 2743 quis
1030 2671 1216 2727 dicere
1247 2679 1425 2744 potest
1451 2670 1740 2744 (inquies),
1784 2687 1951 2742 quum
