2125 3084
353 186 451 273 43⁴2
844 190 1080 239 muno
1115 188 1451 237 mensus
1719 184 1808 251 [ιι,
1831 187 1963 253 σοι]

351 306 541 347 eorum
569 289 829 362 precibus
868 290 1124 347 &tacentes
1163 305 1258 345 eos
1293 290 1548 345 iuvarent
1583 308 1648 349 ac
1681 288 1965 347 defende-

351 375 497 430 rent,
530 375 592 419 ut
612 365 893 437 condigne
904 364 1186 436 supplices
1207 364 1428 419 veniam
1449 374 1814 421 mererentur:
1869 376 1960 424 at—

350 458 459 513 que
480 441 557 495 ita
576 441 695 496 iure
716 439 977 495 animalia
996 440 1164 493 etiam
1183 446 1400 495 servata
1430 438 1606 495 fuere.
1685 440 1957 507 Quamvis

350 517 499 571 enim
530 516 891 569 humanorum
922 514 1250 569 delictorum
1279 512 1430 569 haud
1455 524 1612 570 erant
1630 517 1950 587 participes,

350 609 524 663 quum
544 608 653 646 non
673 589 938 646 haberent
956 588 1280 643 rationalem
1297 589 1624 660 sapientiam
1643 608 1828 660 neque
1849 592 1960 645 ho-

352 666 566 726 minum
586 665 817 721 consilio
836 664 1229 728 adhaeserunt,
1262 680 1457 717 verum
1477 680 1596 717 cum
1624 680 1812 722 eorum
1845 666 1955 722 do-

353 742 465 797 lore
489 740 675 795 aderat
686 740 1009 809 ‘associatim
1071 738 1201 810 quia
1223 738 1384 792 ruina
1405 738 1639 793 civitatis
1655 778 1668 803 ,
1690 746 1752 793 ut
1767 748 1944 809 patet,

350 818 594 871 iumenta
622 831 843 886 quoque
873 812 1194 886 attingebat.
1273 810 1589 869 Secundum
1614 830 1738 886 ergo
1757 812 1950 868 homi-

350 909 481 945 num
520 888 749 945 formam
790 898 843 943 et
882 888 1143 943 animalia
1177 886 1245 942 ad
1273 887 1729 959 supplicationem
1755 897 1944 943 coacta

348 974 571 1037 propter
592 964 980 1028 calamitatem,
1012 980 1153 1034 quae
1171 962 1470 1034 putabatur
1490 964 1821 1035 communis,
1823 964 1944 1021 illa

350 1058 569 1113 quoque
591 1040 648 1095 in
669 1040 911 1095 oratione
929 1038 1156 1111 publica
1176 1036 1559 1120 volvebantur.

361 1230 373 1243 ⁴
460 1220 545 1270 38.
580 1212 653 1289 [⁴¹⁶]
683 1214 831 1280 Quid
852 1174 1033 1269 autem
1054 1230 1280 1269 necesse
1299 1214 1404 1268 erit
1425 1211 1496 1269 de
1514 1214 1841 1269 animalium
1862 1216 1949 1269 di-

258 1296 267 1305 ·
350 1306 473 1345 cere
495 1289 847 1353 abstinentia
874 1289 1098 1361 quando
1119 1288 1252 1343 etin
1273 1288 1597 1345 hominibus
1615 1290 1832 1347 indoles
1855 1290 1951 1345 de-

350 1372 587 1419 mutatae
609 1363 849 1419 fuerint?
886 1363 1184 1435 Siquidem·
1207 1380 1315 1419 non
1345 1364 1582 1427 ulterius
1599 1381 1728 1437 erga
1751 1382 1950 1436 pueros

348 1450 539 1492 curam
558 1456 630 1493 ex
647 1456 829 1493 amore
848 1440 1262 1509 provenientem
1283 1437 1620 1496 adhibebant
1645 1448 1832 1511 patres
1853 1458 1953 1495 nec

350 1529 479 1585 erga
508 1514 656 1568 viros
687 1514 949 1568 mulieres
978 1531 1158 1585 neque
1185 1531 1316 1586 erga
1345 1513 1598 1571 dominos
1627 1517 1807 1583 servi;
1855 1516 1952 1572 sed

348 1589 533 1659 potius
554 1587 686 1643 filiis
708 1589 949 1661 negatis,
976 1590 1234 1644 animalia
1255 1604 1475 1663 quoque
1495 1586 1564 1643 de
1586 1592 1952 1662 praesepibus

350 1663 719 1736 expellebant.
798 1664 910 1721 Nec
939 1664 1118 1718 solum
1150 1682 1179 1719 a
1207 1665 1557 1735 perceptione
1579 1666 1950 1720 iucundarum

349 1757 532 1796 rerum
560 1757 681 1795 sese
704 1738 1044 1803 abstinuere,
1080 1757 1272 1795 verum
1294 1741 1459 1793 etiam
1479 1739 1773 1805 mulieres,
1813 1758 1952 1813 qua-

349 1833 470 1871 rum
494 1834 674 1872 amore
696 1816 841 1886 capti
865 1815 1106 1881 fuerant,
1149 1814 1218 1869 ab
1238 1804 1459 1886 aspectu
1483 1832 1582 1869 suo
1603 1816 1947 1872 avulserunt.

338 1890 468 1947 'Non
496 1910 740 1959 mensam
774 1900 887 1947 erat
917 1892 975 1945 in
1005 1908 1105 1944 sua
1133 1889 1303 1945 forma
1335 1908 1582 1957 cernere,
1621 1908 1732 1945 non
1763 1893 1946 1953 sellas,

351 1984 457 2022 non
480 1969 694 2021 tunicas
710 1966 973 2038 plicatas,
1016 1983 1124 2020 non
1153 1978 1348 2020 aurum
1377 1966 1718 2030 adamatum,
1759 1968 1862 2023 sed
1890 1986 1951 2021 u-

350 2042 752 2114 niuscuiusque
789 2043 1169 2113 pavimentum
1210 2040 1412 2095 lectum
1445 2050 1584 2104 erat,
1632 2049 1683 2095 et
1717 2042 1948 2097 deliciae

352 2116 668 2189 voluptatiS,
695 2125 747 2171 et
766 2118 933 2172 sellae
954 2118 1181 2173 interea.
1223 2116 1319 2169 His
1341 2133 1469 2189 ergo
1489 2116 1948 2205 benignissimam

349 2189 560 2246 domini
602 2192 996 2247 humanitatem
1042 2190 1515 2266 praestolabantur
1559 2200 1724 2263 atque
1775 2194 1946 2247 minas

347 2265 775 2336 praedicationis
806 2268 927 2321 eius
957 2275 1186 2339 propter
1215 2275 1436 2337 peccata
1475 2284 1574 2321 sua
1612 2266 1760 2322 ultro
1797 2285 1951 2323 acce-

348 2348 583 2409 ptanteS,
609 2342 865 2413 pretiosis
886 2342 1088 2401 deinde
1108 2341 1358 2397 vestibus
1379 2341 1772 2419 induebantur,
1799 2334 1878 2408 ut',
1901 2341 1948 2395 si

348 2415 637 2483 prophetia
658 2425 880 2487 superet
899 2416 1386 2487 praedicationem,
1398 2434 1514 2488 ,pro
1535 2406 1728 2471 funere
1750 2418 1834 2472 eis
1857 2434 1950 2474 ve·-

349 2488 670 2543 stimentum
708 2500 1078 2561 computetur,
1131 2492 1180 2544 si
1217 2506 1347 2547 vero
1384 2491 1593 2547 domini
1632 2491 1950 2565 benignitas

350 2562 609 2621 concedat
647 2562 1094 2651 supplicantibus
1139 2564 1357 2634 vivere,
1418 2567 1556 2651 ipsis
1603 2566 1953 2623 vestimentis

348 2632 553 2697 optime
600 2640 805 2704 paratis
854 2639 1220 2694 festivitatem
1265 2638 1454 2711 agant:
1517 2633 1686 2711 quod
1731 2642 1786 2697 et
1835 2642 1959 2699 fieri

351 2704 598 2773 cmmgit.
676 2711 829 2769 Nam
846 2716 1154 2773 sententiae
1177 2714 1368 2777 mortis
1395 2716 1630 2774 termino
1653 2724 1954 2783 transacto,
