2125 3084
35 217 51 233 .
130 183 223 247 [11,
247 177 377 243 isa]
490 179 973 238 INGENESIN.
1024 179 1280 228 senno
1319 157 1410 229 nr.¹
1653 177 1758 232 285

138 297 500 342 consessores
527 281 985 351 consiliariosque
1014 280 1310 336 consilium
1339 283 1537 338 animi:
1599 281 1754 349 Quod

139 363 191 416 si
220 357 479 416 lucidam
510 355 845 427 fidelemque
872 356 1172 428 patientiae
1201 363 1258 410 ct
1293 358 1629 412 constantiae
1669 361 1758 414 vi-

138 445 256 492 tam
290 433 578 505 acquirere
604 431 869 495 studetis,
914 431 973 484 in
1003 437 1274 501 quantum
1313 429 1573 488 assidetis
1610 433 1760 504 apud

139 509 524 572 invidiosum,
567 507 718 562 omni
746 505 999 561 libertate
1019 503 1318 580 invadente
1338 521 1430 570 ec,
1473 507 1574 560 vix
1591 523 1759 578 supe-

138 587 324 642 riores
350 583 506 638 eritis
535 579 827 652 periculis.
906 579 1005 634 Sin
1028 587 1213 636 autem
1232 579 1607 638 valedicentes
1628 598 1760 638 con-

140 659 373 716 cordiae
400 655 742 720 abscedetis,
781 653 952 710 nolite
982 671 1085 709 nec
1102 655 1256 709 illico
1272 663 1558 727 tamquam
1577 657 1761 711 incor-

140 729 323 808 porei*
344 731 525 790 effecti
554 738 903 787 contemnere
932 745 1218 802 corporea,
1253 741 1442 802 ‘neque
1472 730 1762 788 brutorum

82 817 89 826 “
142 826 301 866 more
322 809 565 882 cogitare
592 805 748 860 cibos
777 803 1146 868 necessarios,
1187 803 1289 860 sed
1316 805 1486 862 simul
1513 822 1614 880 per
1641 823 1760 862 me-

142 885 303 942 diam
332 881 687 939 revertamini
716 880 897 944 viam,
939 895 1044 934 nec
1071 879 1554 936 cruciantes'fame
1579 895 1761 952 penu-

141 961 349 1030 riaque
377 973 597 1014 carnem
622 972 809 1030 ‚neque
830 953 1160 1012 adhibentes
1180 954 1232 1010 ei
1253 954 1523 1028 quicquid
1546 955 1759 1013 lautum

143 1043 233 1091 est
252 1049 328 1090 ex
349 1031 587 1088 diversis
605 1030 827 1088 deliciis
842 1071 857 1094 ,
900 1028 1002 1086 sed
1021 1029 1269 1102 simplici
1289 1030 1441 1086 victu
1462 1029 1760 1106 diligenter

142 1111 329 1165 vitam
369 1105 571 1162 ducite.
656 1104 804 1176 Quid
845 1105 995 1162 enim
1030 1099 1108 1178 [³¹⁶]
1139 1102 1293 1161 aliud
1331 1105 1648 1177 simplicius
1687 1107 1760 1160 sit

146 1184 281 1241 albo
299 1180 481 1238 colore
495 1219 509 1246 ,
538 1182 634 1252 qui
653 1189 881 1237 vocatur
898 1178 1198 1236 Chaldaice
1215 1178 1440 1236 Laban?
1485 1179 1756 1246 Quoniam

145 1272 373 1314 summa
394 1264 573 1314 errant
592 1271 882 1330 errareque
903 1253 1118 1314 faciunt
1133 1254 1194 1314 in
1215 1255 1486 1313 contraria
1504 1272 1598 1312 eos
1611 1297 1628 1322 ,
1657 1256 1756 1328 qui

152 1507 251 1563 Sin
270 1523 405 1564 vero
423 1507 614 1565 vitatis
640 1505 763 1562 eius
782 1505 1077 1576 colloquiis
1091 1545 1105 1570 ‚
1135 1506 1323 1562 valere
1339 1505 1623 1570 dixeritis,
1655 1519 1758 1578 pe—

151 1584 301 1640 nitus
320 1581 561 1652 separati
580 1589 845 1651 tanquam
864 1580 1236 1652 incorporales
1248 1622 1262 1646 ‚
1305 1597 1376 1637 ne
1395 1582 1608 1636 victum
1627 1581 1758 1652 qui-

152 1658 281 1712 dem
316 1655 703 1728 quotidianum
741 1655 1043 1712 habebitis.
1141 1653 1254 1712 Sed
1289 1655 1476 1726 potius
1514 1654 1757 1711 mediam

154 1732 387 1803 arripite
404 1731 556 1785 viam
571 1770 584 1794 ‚
626 1746 729 1786 nec
754 1747 1001 1802 unquam
1030 1729 1312 1786 laedentes
1331 1729 1514 1784 esurie
1535 1743 1752 1800 corpus,

150 1822 296 1862 neve
335 1821 530 1861 rursus
566 1806 1066 1866 sumministrantes
1102 1804 1190 1860 illi
1229 1804 1566 1858 suavitatum
1604 1801 1758 1856 varia

150 1878 498 1954 gustamina,
542 1878 641 1933 sed
668 1881 997 1953 simpliciter
1025 1878 1271 1933 fruentes
1313 1877 1542 1931 tutiores
1579 1875 1757 1930 eritis·

152 1955 303 2022 Quid
344 1953 495 2008 enim
532 1953 849 2026 simplicius
886 1952 1112 2012 candidi
1143 1951 1368 2015 coloris,
1415 1949 1566 2020 quod
1593 1949 1760 2004 Chal—

155 2031 280 2086 daei
301 2029 733 2084 vocantLaban‘?
759 2030 911 2086 Ultra
932 2027 1158 2086 modum
1177 2042 1306 2100 ergo
1325 2024 1553 2080 meliora
1573 2025 1760 2078 conci-

155 2106 284 2160 dere
313 2111 547 2178 possunt
575 2103 645 2160 ad
672 2106 893 2178 peiora,
941 2102 1160 2162 mediae
1189 2117 1320 2158 vero
1347 2099 1556 2158 habent
1589 2099 1760 2154 inter-

156 2179 367 2235 vallum
394 2179 463 2234 ad
488 2188 805 2252 paraturam
825 2178 1108 2237 custodiae
1122 2219 1138 2242 ,
1168 2193 1242 2252 ne
1261 2174 1401 2250 quid
1421 2174 1607 2230 subito
1627 2172 1760 2228 aho-

156 2253 481 2310 minandum
508 2255 819 2326 proveniat.
902 2251 1062 2330 [Ante
1098 2252 1304 2312 Christi
1342 2249 1642 2310 adventum
1670 2248 1760 2302 iu-

157 2338 275 2384 stus
304 2327 425 2386 illic
452 2329 797 2394 morabatur,
849 2328 951 2385 ubi
984 2330 1146 2402 signa
1183 2327 1325 2384 coeli
1361 2331 1759 2398 cognoscantur

156 2421 255 2476 per
295 2412 578 2460 nocturam
618 2402 819 2460 mundi
864 2403 1221 2476 sapientiam,
1301 2417 1444 2474 quae
1493 2409 1574 2456 est
1618 2399 1762 2453 inter

156 2495 451 2552 vesperum
472 2487 525 2533 et
544 2479 901 2536 matutinum.
949 2479 1105 2534 Hunc
1126 2485 1330 2534 statum
1348 2477 1564 2550 primus
1581 2481 1762 2529 nans-

158 2553 223 2607 iit
257 2552 556 2608 Abraham.
635 2555 753 2613 Iam
788 2553 1023 2627 per-vide
1057 2552 1330 2610 vocabula
1361 2549 1760 2608 Chaldaeorum

160 2643 265 2682 non
286 2635 371 2682 est
391 2627 737 2684 delirationis
759 2634 853 2681 aut
872 2644 1132 2681 excessus
1152 2643 1348 2680 nomen
1371 2626 1495 2689 hoc¹
1520 2623 1620 2680 sed
1640 2622 1762 2679 cul-

161 2718 231 2772 pa
256 2702 499 2773 denique
530 2710 649 2756 acta
678 2703 738 2755 in
760 2709 1072 2771 peccatores
1101 2701 1362 2758 dicuntur
1385 2701 1651 2758 Hebraico
1671 2715 1764 2754 se-
