2125 3084
152 161 365 227 [n,2o2.]
486 167 568 211 IN
609 168 967 214 GENESIN.
1019 169 1276 216 SERMO
1313 172 1402 217 111.
1689 172 1746 222 34

152 274 480 337 conceptum
501 283 531 320 a
553 266 851 338 multiplici
874 268 1204 324 eruditione.
1283 272 1400 326 Non
1431 274 1581 326 enim
1611 274 1756 329 ulte-

152 342 261 395 rius
276 383 290 404 ,
326 348 393 395 ut
415 340 714 396 verborum
734 351 982 412 captores
1004 343 1430 416 venditoresque
1444 387 1457 410 ‚
1488 348 1558 401 ad
1577 347 1756 419 placi-

152 424 259 469 tum
288 423 530 485 usurpat
558 416 744 470 omnia
774 417 1236 489 encyclopaediae
1265 429 1610 491 argumenta,
1653 424 1754 477 sed

152 489 301 543 illam
321 490 550 559 quaein
572 489 812 561 singulis
831 492 1198 555 continentur,
1223 495 1531 547 veritatem.
1577 495 1751 562 Quam

150 580 319 633 quum
359 566 610 635 coeperit
631 566 907 635 ⁸prosequi
938 564 1196 637 diligenti
1226 564 1615 636 inquisitione,
1665 571 1754 624 di-

148 655 288 709 gnus
332 637 606 702 efficitur,
662 646 726 693 ut
764 640 1063 710 perspiciat
1101 641 1346 711 speciem
1385 640 1640 697 dominae
1683 644 1754 698 li-

148 712 395 859 beram?
425 728 788 783 personarum
818 715 1138 787 acceptione
1169 716 1432 787 omnique
1476 717 1753 787 vitupera-

146 786 291 841 tione
366 828 377 839 .

146 1026 219 1095 [*]
266 1024 399 1085 Quid
440 1036 530 1093 est,
586 1027 717 1095 quod
754 1026 942 1093 „Dixit
984 1030 1029 1079 ei
1071 1030 1289 1095 anyelus:
1357 1030 1489 1079 Ecce
1525 1041 1574 1079 tu
1604 1048 1747 1094 prae·

480 1113 529 1145 es
570 1107 615 1147 et
650 1098 815 1163 paries
851 1098 1036 1159 filium,
1099 1106 1144 1146 et
1193 1098 1384 1147 vocabis
1435 1113 1600 1145 nomen
1652 1098 1748 1145 eius

281 1160 486 1296 gamelli
511 1165 657 1295 )quia
707 1164 947 1215 exaudivit
1000 1163 1214 1237 daguinus
1261 1162 1494 1213 miseriam
1545 1172 1672 1211 tuam
1685 1166 1751 1209 “5

376 1266 391 1292 ‚
494 1267 507 1279 .

252 1368 339 1422 32.
384 1366 591 1420 Littera
616 1366 824 1421 nullam
842 1366 1052 1438 patitur
1076 1366 1480 1436 quaestionem⁴
1525 1367 1633 1420 nisi
1663 1366 1746 1420 al-

146 1439 410 1511 legoriam
441 1446 785 1510 sequentem.
864 1440 1116 1495 Eruditio
1147 1441 1412 1511 acquisita
1444 1448 1497 1495 et
1531 1440 1745 1495 exerci-

66 1558 77 1564 -
144 1522 250 1567 tata
283 1528 387 1585 per
425 1514 897 1585 dispensationem
934 1516 1156 1570 virtutis
1193 1522 1256 1569 ut
1294 1513 1548 1569 dominae
1594 1513 1745 1569 haud

144 1588 349 1643 sterilis
382 1590 746 1659 comperitur,
796 1589 895 1643 sed
924 1589 1166 1661 concipit
1193 1605 1380 1644 semen
1417 1589 1742 1660 sapientiae.

142 1661 323 1728 Quum
344 1672 531 1717 autem
552 1664 881 1734 conceperit,
904 1664 1076 1734 parit;
1120 1664 1264 1735 parit
1283 1672 1466 1718 tamen
1488 1679 1596 1718 non
1617 1678 1744 1733 per-

144 1736 348 1791 fectum
382 1754 553 1808 opuS‚
600 1737 700 1791 sed
728 1736 1112 1808 imperfectum
1141 1738 1286 1791 sicut
1313 1737 1580 1791 infantem
1605 1751 1746 1807 opus

144 1811 440 1867 habentem
462 1828 629 1866 curae
650 1810 895 1867 alimenti
918 1829 981 1867 ac
1002 1812 1348 1865 nutrimenti.
1424 1810 1590 1863 Enim
1619 1824 1747 1863 vero

144 1885 416 1957 perfectae
462 1887 681 1940 animae
716 1885 992 1955 perfectus
1031 1892 1142 1947 est,
1195 1891 1257 1938 ut
1293 1888 1468 1952 patet,
1524 1888 1740 1953 partus:

147 1959 313 2015 verba
341 1960 611 2015 videlicet
638 1968 693 2013 et
720 1976 908 2030 opera3
963 1956 1324 2013 secundariae
1353 1964 1533 2011 tamen
1565 1964 1619 2009 et
1647 1954 1742 2010 ad-

146 2034 252 2089 huc
270 2035 505 2089 iacentis
526 2034 635 2088 sub
656 2033 923 2089 famulatu
940 2050 1003 2087 ac
1020 2031 1247 2088 servitio
1257 2030 1628 2113 imperfectior
1639 2039 1740 2086 est.

143 2107 486 2180 Quapropter
526 2116 739 2163 certum
782 2108 833 2161 ei
874 2125 1072 2163 nomen
1101 2106 1352 2161 ”inditum
1391 2105 1497 2161 fuit
1535 2106 1740 2167 Iamaeh

146 2182 292 2251 quod
331 2182 647 2253 explicatur
681 2185 885 2237 auditio
919 2186 1020 2238 dei.
1103 2180 1338 2236 Auditus
1377 2189 1558 2236 autem
1597 2178 1741 2251 apud

148 2257 329 2310 visum
350 2256 599 2311 secunda
621 2255 890 2327 dignitate
912 2255 1230 2321 honoratur3
1266 2256 1575 2325 praemium
1595 2253 1741 2308 enim

149 2337 335 2385 natura
363 2332 657 2401 proposuit
676 2330 735 2383 in
758 2330 1053 2383 certamine
1067 2328 1364 2384 sensibus:
1420 2327 1599 2383 oculis
1627 2328 1744 2396 pri—

150 2419 295 2458 mum
311 2446 325 2469 ‚
348 2405 585 2482 auribus
602 2401 936 2467 secundum,
961 2402 1192 2457 naribus
1211 2402 1434 2456 tertium
1450 2439 1463 2465 ‚
1487 2406 1745 2469 quartum

151 2493 275 2532 vero
294 2478 484 2533 sensui
502 2494 617 2549 quo
638 2484 943 2549 gustamus.

245 2648 289 2695 ⁸⁵)
329 2648 477 2689 Verba
509 2649 603 2688 sere
645 2648 794 2686 eadem
836 2650 936 2687 sunt
966 2648 1098 2687 etiam
1131 2646 1176 2683 in
1212 2642 1407 2685 Arinen„
1463 2638 1539 2677 sed
1574 2646 1752 2685 praepo-

154 2700 257 2739 nere
290 2703 335 2740 et
368 2700 515 2739 minus
552 2698 682 2737 clare.
735 2697 896 2736 Aueh.
