2125 3084
303 181 368 232 54
462 185 658 230 PHIL.
698 183 848 229 nm.
889 181 1219 241 QUAEST.
1258 181 1357 226 ET
1398 176 1903 244 SOL.[11,228.229.]

304 284 665 357 sequentibus
692 283 853 339 dicit:
906 291 1265 350 corrumpetur
1288 287 1466 336 anima
1492 285 1614 346 illa,
1654 300 1763 338 non
1782 300 1903 338 cor-

303 378 409 432 pus
432 361 735 414 humanum
759 366 851 412 aut
869 358 1060 422 homo,
1092 356 1191 411 sed
1214 363 1391 411 anima
1409 362 1462 409 et
1482 373 1659 410 menS.
1716 358 1903 412 Unde-

303 433 466 489 nam‘?
521 435 598 487 De
630 443 776 502 yeme
809 433 885 486 ait
916 450 1042 486 sua:
1104 447 1240 503 gens
1268 431 1415 485 enim
1442 432 1701 485 universa
1721 433 1905 487 incor-

305 518 466 580 rupta
487 516 594 574 est3
635 523 766 579 ergo
787 508 856 562 ab
875 505 1397 577 incorruptibilitate
1416 505 1476 559 in
1496 507 1901 577 corruptionem

304 582 478 638 fertur
512 599 739 654 pravus.

341 781 416 848 [Ἴ
461 781 556 832 C'ur
593 781 732 830 dicit.-
801 779 987 843 „Sara
1028 796 1149 829 uxor
1187 789 1272 829 tua
1304 796 1397 829 non
1430 779 1677 830 vocabitur
1714 779 1865 844 Sara,

540 847 627 896 sed
661 847 822 896 Sarra
859 848 946 896 erit
981 863 1145 896 nomen
1188 847 1365 896 eius“?
1409 849 1513 912 (17,
1558 847 1663 911 15.)

415 986 500 1037 53.
551 983 789 1036 Rursum
819 980 1073 1036 nonnulli
1102 999 1171 1036 ex
1198 981 1593 1054 insipientibus
1620 981 1907 1038 derideant

307 1058 474 1112 unius
517 1057 772 1112 elementi
817 1056 1179 1129 appendicem
1196 1097 1209 1120 ,
1256 1065 1392 1127 puta
1430 1056 1729 1111 centenarii
1758 1055 1903 1129 (nam

308 1132 456 1203 apud
476 1131 712 1188 Graecos
731 1133 798 1195 R,
823 1131 889 1206 ρ’,
917 1139 1139 1186 centum
1158 1130 1483 1206 significat):
1522 1148 1630 1202 quo
1650 1131 1905 1186 ludentes

309 1208 746 1270 hallucinantur,
792 1215 852 1261 ut
880 1206 1127 1262 nolentes
1154 1205 1387 1260 interius
1428 1207 1685 1261 meritum
1721 1222 1903 1260 rerum

306 1283 620 1353 perspicere
642 1281 1000 1352 veritatisque
1021 1281 1323 1352 vestigium
1343 1288 1549 1335 tenere.
1588 1280 1733 1334 Illud
1756 1281 1905 1334 enim

307 1355 662 1427 (elementum
688 1373 734 1418 r,
767 1356 865 1428 ρ,),
905 1354 1056 1427 quod
1085 1355 1253 1410 unius
1280 1355 1539 1410 elementi
1560 1355 1907 1410 additamen-

306 1439 427 1485 tum
455 1437 678 1501 putatur
706 1446 854 1494 esse,
885 1438 1052 1486 totam
1080 1430 1423 1485 harmoniam
1442 1431 1661 1503 genuit:
1704 1447 1803 1502 pro
1824 1438 1909 1484 te-

307 1505 406 1560 nui
427 1519 690 1576 magnum
705 1545 717 1568 ,
743 1513 796 1559 et
813 1521 911 1576 pro
928 1505 1250 1577 particulari
1270 1506 1543 1578 generale,
1568 1514 1621 1559 et
1640 1522 1739 1578 pro
1759 1523 1907 1560 mor-

307 1579 404 1635 tali
431 1579 738 1635 immortale
763 1596 1014 1650 prorsus;
1075 1580 1338 1652 quoniam
1356 1596 1456 1651 per
1473 1597 1647 1634 unum
1667 1589 1907 1636 r·vocata

308 1655 452 1710 Sara
469 1655 859 1727 interpretatur
877 1661 1212 1725 principatus
1238 1673 1404 1718 meua,
1447 1655 1558 1710 duo
1586 1663 1769 1710 autem
1798 1655 1903 1728 (rr,

309 1729 498 1804 Sarra)
531 1736 774 1801 princeps
813 1730 1091 1805 (mulier).
1170 1729 1288 1796 Quo
1328 1747 1458 1802 ergo
1495 1729 1909 1802 distinguantur
1940 1737 1945 1741 “

308 1803 446 1860 haec
466 1824 496 1861 a
514 1823 576 1861 se
592 1807 834 1862 invicem
848 1850 860 1870 ,
893 1807 1239 1863 attendamus
1260 1806 1440 1860 liceat.
1494 1806 1557 1859 In
1576 1821 1663 1858 me
1684 1805 1907 1875 sapien-

307 1881 384 1936 tia
411 1880 478 1954 (ε.
501 1883 840 1957 prudentia),
883 1883 1170 1957 integritas
1198 1880 1265 1954 (s.
1295 1877 1700 1953 temperantia),
1741 1879 1907 1934 iusti-

309 1952 385 2009 tia
405 1965 458 2010 et
478 1957 740 2013 fortitudo
757 1960 1128 2029 principatum
1147 1963 1417 2027 usurpant
1444 1956 1503 2010 in
1530 1973 1619 2010 me
1646 1955 1827 2010 solum
1855 1963 1908 2009 et

309 2031 564 2083 mortales
593 2040 748 2084 sunt:
807 2032 1149 2102 proindeque
1178 2031 1441 2085 moriente
1470 2047 1559 2085 me
1576 2032 1904 2086 moriuntur.

308 2104 453 2156 Haec
473 2110 654 2156 autem
672 2105 942 2173 sapientia
960 2106 1083 2175 ipsa
1112 2113 1196 2160 est
1223 2107 1343 2177 ipse
1373 2105 1663 2177 princeps,
1705 2114 1759 2160 et
1786 2107 1909 2177 ipsa

309 2175 522 2231 iustitia
551 2177 810 2246 princeps
838 2179 987 2248 ipse,
1027 2188 1083 2233 et
1109 2196 1473 2252 unaquaeque
1503 2181 1771 2235 virtutum
1797 2197 1905 2234 non

311 2258 395 2306 est
421 2250 750 2322 principalis
778 2268 925 2315 mea,
969 2253 1068 2307 sed
1094 2255 1216 2324 ipsa
1237 2263 1321 2310 est
1339 2255 1562 2310 domina
1579 2254 1904 2326 reginaque,

309 2325 636 2382 immortalis
661 2324 976 2381 monarchia
998 2345 1060 2382 ac
1078 2345 1331 2400 regnum.
1411 2329 1605 2385 Viden’
1628 2329 1759 2384 doni
1790 2346 1907 2382 ma-

308 2399 696 2476 gnitudinem?
750 2403 1072 2457 Permutans
1102 2406 1371 2460 convertit
1396 2412 1609 2476 partem
1635 2405 1692 2459 in
1712 2413 1904 2468 totum,

311 2481 556 2549 speciem
602 2479 662 2534 in
709 2494 912 2552 genus,
978 2477 1337 2548 corruptibile
1390 2480 1449 2534 in
1503 2481 1905 2550 incorruptum.

308 2554 454 2608 Haec
482 2562 662 2609 autem
691 2554 876 2609 omnia
903 2553 1061 2625 prius
1090 2553 1481 2623 dispensantur
1507 2563 1731 2625 propter
1757 2553 1909 2607 sutu-

310 2643 426 2680 ram
461 2625 533 2701 [*]
564 2630 908 2683 nativitatem
938 2629 1176 2684 laetitiae
1212 2628 1426 2682 cunctis
1462 2628 1687 2701 gaudiis
1723 2625 1909 2698 perfe-

311 2701 526 2764 ctioriS‚
575 2703 734 2757 cuius
764 2719 962 2760 nomen
991 2712 1075 2760 est
1101 2704 1271 2757 Isaac.
