2125 3084
188 208 427 277 [11,335.]
540 214 620 259 IN
662 214 1018 259 GENESIN.
1068 216 1320 262 SERMO
1359 218 1442 264 IV.
1703 214 1800 266 449

245 394 383 453 Ωυίᾶ
414 403 485 445 eat
517 391 681 459 „Non
716 393 967 459 dereliquit
1000 394 1226 443 iustitiam
1263 405 1309 443 et
1343 397 1584 448 ver-itatem
1616 416 1749 449 mam

674 479 709 511 a
744 461 931 515 domim
966 464 1146 515 meo“?
1197 462 1317 525 (ib.)

303 582 423 635 ⁴⁴5.
464 579 715 635 Naturali
744 596 875 634 sane
900 579 1063 635 modo
1084 579 1352 644 declarat,
1384 580 1536 653 quod
1563 582 1793 639 virtutes

184 658 373 727 ipsae,
415 656 659 709 maxime
690 663 743 709 et
771 653 1044 710 differenti
1072 654 1234 710 modo
1256 654 1522 720 divinae,'
1551 656 1794 713 iustitiae

184 738 319 785 sunt
339 738 395 784 et
413 732 695 785 veritates,
734 728 898 801 Apud
918 737 1100 785 autem
1119 744 1296 801 genus
1316 728 1622 785 humanum
1643 732 1795 787 nulla

182 806 421 859 istarum
440 808 659 859 sincera
679 802 745 877 (S.
768 803 927 878 pura)
947 812 1057 868 est,
1081 804 1182 859 sed
1199 805 1372 859 mixta
1389 823 1401 873 3
1434 807 1794 861 commixtum

181 880 339 933 enim
367 884 451 935 est
476 880 568 935 ve'l
596 894 725 934 oum
763 879 967 953 exigua
1006 893 1264 933 mensura
1303 879 1530 952 aliquod
1567 879 1789 945 falsum,

181 952 417 1025 aliquod
434 968 566 1009 vero
586 954 879 1009 iniustum.
958 954 1039 1009 Ita
1057 962 1121 1009 ut
1134 995 1146 1018 ,
1185 955 1235 1008 s'i
1255 956 1482 1026 proprie
1497 954 1585 1009 vis
1616 956 1788 1027 loqui,

179 1045 332 1099 quae
350 1028 499 1100 apud
520 1028 772 1084 homines
793 1036 924 1083 sunt
943 1029 1190 1083 iustitiae
1210 1029 1580 1100 veritatesque
1594 1071 1607 1093 ,
1631 1032 1793 1085 simi·—

180 1102 455 1158 litudines
472 1104 587 1159 sint
606 1111 661 1159 et
678 1102 909 1171 formae3
950 1120 1094 1175 quae
1112 1120 1246 1159 vero
1274 1103 1424 1176 apud
1451 1104 1618 1159 deum
1633 1146 1646 1169 ‚
1679 1106 1792 1160 ori-

178 1178 397 1251 ginalia
418 1186 547 1232 sunt
562 1178 841 1250 principia
871 1186 925 1233 et
960 1183 1249 1252 prototypa
1277 1178 1367 1234 vel
1404 1178 1583 1235 ideae.
1668 1181 1792 1236 lure

178 1255 378 1324 itaque
416 1253 621 1325 gratias
657 1254 771 1325 agit
808 1262 1030 1325 propter
1075 1270 1450 1325 possessorem
1497 1255 1790 1325 utriusque

176 1326 587 1399 (Abrahamum'
607 1328 866 1401 scilieet),
916 1327 1067 1399 quod
1097 1337 1386 1401 utramque
1413 1329 1672 1385 virtutem
1700 1330 1789 1385 in·—

175 1402 504 1458 desinenter
524 1418 588 1457 ao
608 1400 681 1477 [⁴¹⁶]
706 1402 953 1477 quotidie
976 1402 1227 1460 concedit
1248 1405 1300 1459 ei
1319 1404 1458 1459 deus
1474 1446 1486 1467 ,
1519 1406 1786 1461 scaturire

176 1478 392 1533 faciens
432 1479 493 1532 in
531 1478 713 1532 anima
750 1478 872 1533 eius
910 1478 1367 1535 abalienationem
1397 1497 1428 1534 a
1457 1478 1696 1536 falsitate
1732 1490 1786 1537 et

172 1553 487 1617 iniustitia,
526 1550 952 1609 familiaritatem
980 1571 1110 1609 vero
1139 1572 1270 1628 ergo
1297 1554 1585 1612 veritatem
1613 1564 1667 1611 et
1695 1557 1787 1610 iu-

172 1628 409 1683 stitiam.
1533 1644 1538 1649 ·

287 1790 425 1851 Quid
454 1802 525 1844 est
560 1828 595 1857 „
613 1792 815 1845 Guneus
842 1794 1008 1858 puella
1043 1794 1228 1844 domum
1261 1794 1494 1845 nuntiwit
1535 1793 1681 1843 matri

748 1864 943 1913 mae‘w
980 1862 1222 1927 (24,2s.)

294 1982 413 2035 Ηδ.
462 1980 707 2053 Benigna
744 1987 833 2035 est
854 1981 1039 2037 anima
1079 1976 1382 2033 virtutibus
1415 1976 1664 2049 praedita
1677 2016 1690 2041 ,
1735 1987 1790 2032 et

174 2063 385 2110 statum
414 2054 666 2127 possidet
698 2056 941 2111 maxime
978 2051 1386 2108 immutabilem
1419 2060 1789 2109 constantem-

174 2146 310 2201 que.
351 2128 539 2195 Quum
558 2130 717 2185 enim·
728 2131 929 2187 sentiat
948 2129 1212 2201 aliquem,
1233 2128 1384 2199 quod
1401 2145 1512 2185 non
1529 2137 1612 2185 est
1632 2128 1786 2185 illieo

174 2204 515 2259 saturandus
532 2204 819 2260 studiosus
832 2246 845 2269 ,
886 2204 987 2260 sod
1016 2204 1208 2259 firmus
1235 2219 1300 2259 ae
1321 2203 1508 2261 fidelis
1523 2246 1541 2269 ,⁴
1579 2204 1786 2277 gaudet

174 2288 233 2333 et
257 2278 513 2343 festinat,
545 2280 625 2335 ita
648 2287 711 2335 ut
730 2296 840 2335 non
861 2279 999 2337 terat
1016 2278 1254 2336 laetitiae
1271 2279 1623 2335 velocitatem
1637 2318 1652 2341 ‚
1685 2278 1786 2335 sed

177 2354 423 2410 nuntiet·
450 2368 553 2426 per
592 2370 814 2409 omnem
848 2363 1153 2413 maternam
1192 2353 1420 2410 domum
1457 2353 1781 2423 sapientiae,

172 2444 288 2483 una
316 2428 665 2485 eum‘sobria
694 2430 1033 2501 honestaque
1063 2428 1362 2484 festivitate
1401 2425 1787 2483 exsultationis

176 2512 233 2557 et
255 2503 494 2575 tripudii
524 2513 696 2575 atque
710 2522 715 2529 ·
728 2506 959 2559 caeteris
986 2503 1342 2559 abund-antiis
1363 2499 1781 2572 hospitalitatis:

174 2591 324 2649 quae⁴
338 2580 529 2635 omnia
548 2579 667 2635 illis
682 2618 695 2644 ,
738 2582 838 2651 qui
856 2580 1164 2653 genuinum
1191 2576 1396 2633 habent
1421 2574 1782 2637 desiderium,

176 2652 520 2710 demonstrat
534 2694 549 2717 ‚
582 2663 645 2709 ut
672 2663 727 2709 et
756 2654 1041 2710 audientes
1065 2651 1366 2725 gaudeant,
1399 2659 1452 2707 et
1473 2648 1787 2722 congaude·-

177 2736 270 2783 ant
290 2729 426 2783 sibi.
