<?xml version="1.0" encoding="UTF-8"?>
<!DOCTYPE html PUBLIC "-//W3C//DTD XHTML 1.0 Transitional//EN"
    "http://www.w3.org/TR/xhtml1/DTD/xhtml1-transitional.dtd">
<html xmlns="http://www.w3.org/1999/xhtml" xml:lang="en" lang="en">
 <head>
  <title>
</title>
<meta http-equiv="Content-Type" content="text/html;charset=utf-8" />
  <meta name='ocr-system' content='tesseract 3.04.00' />
  <meta name='ocr-capabilities' content='ocr_page ocr_carea ocr_par ocr_line ocrx_word'/>
</head>
<body>
  <div class='ocr_page' id='page_1' title='image "./philonisiudaeio00alejgoog_0259.png"; bbox 0 0 2125 3084; ppageno 0'>
   <div class='ocr_carea' id='block_1_1' title="bbox 333 205 1924 274">
    <p class='ocr_par' dir='ltr' id='par_1_1' title="bbox 333 205 1924 274">
     <span class='ocr_line' id='line_1_1' title="bbox 333 205 1924 274; baseline -0.001 -13"><span class='ocrx_word' id='word_1_1' title='bbox 333 205 433 262; x_wconf 64' lang='lat'><strong>244</strong></span> <span class='ocrx_word' id='word_1_2' title='bbox 582 208 778 255; x_wconf 78' lang='lat' dir='ltr'><strong>PHIL.</strong></span> <span class='ocrx_word' id='word_1_3' title='bbox 817 209 964 255; x_wconf 89' lang='lat' dir='ltr'>IUD.</span> <span class='ocrx_word' id='word_1_4' title='bbox 1004 208 1328 267; x_wconf 75' lang='lat' dir='ltr'><strong>QUAEST.</strong></span> <span class='ocrx_word' id='word_1_5' title='bbox 1364 210 1466 255; x_wconf 80' lang='grc' dir='ltr'><strong>ΕΤ</strong></span> <span class='ocrx_word' id='word_1_6' title='bbox 1505 210 1664 257; x_wconf 77' lang='lat' dir='ltr'>SOL.</span> <span class='ocrx_word' id='word_1_7' title='bbox 1703 206 1790 273; x_wconf 78' lang='lat' dir='ltr'><strong>[IL</strong></span> <span class='ocrx_word' id='word_1_8' title='bbox 1809 208 1924 274; x_wconf 60' lang='lat'><strong>407]</strong></span> 
     </span>
    </p>
   </div>
   <div class='ocr_carea' id='block_1_2' title="bbox 332 310 1934 610">
    <p class='ocr_par' dir='ltr' id='par_1_2' title="bbox 332 310 1934 610">
     <span class='ocr_line' id='line_1_2' title="bbox 335 310 1928 385; baseline 0 -18"><span class='ocrx_word' id='word_1_9' title='bbox 335 310 543 367; x_wconf 88' lang='lat' dir='ltr'><strong>malum</strong></span> <span class='ocrx_word' id='word_1_10' title='bbox 569 310 895 367; x_wconf 80' lang='lat' dir='ltr'><strong>inimicitiae</strong></span> <span class='ocrx_word' id='word_1_11' title='bbox 924 318 979 367; x_wconf 88' lang='lat' dir='ltr'><strong>et</strong></span> <span class='ocrx_word' id='word_1_12' title='bbox 998 310 1332 377; x_wconf 86' lang='lat' dir='ltr'><strong>iniustitiae,</strong></span> <span class='ocrx_word' id='word_1_13' title='bbox 1365 310 1499 367; x_wconf 86' lang='lat' dir='ltr'><strong>mali</strong></span> <span class='ocrx_word' id='word_1_14' title='bbox 1519 320 1674 381; x_wconf 82' lang='lat' dir='ltr'><strong>sunt3</strong></span> <span class='ocrx_word' id='word_1_15' title='bbox 1723 313 1783 367; x_wconf 86' lang='lat' dir='ltr'><strong>in</strong></span> <span class='ocrx_word' id='word_1_16' title='bbox 1802 312 1928 385; x_wconf 87' lang='lat' dir='ltr'><strong>qui-</strong></span> 
     </span>
     <span class='ocr_line' id='line_1_3' title="bbox 332 386 1928 461; baseline 0 -19"><span class='ocrx_word' id='word_1_17' title='bbox 332 388 441 443; x_wconf 88' lang='lat' dir='ltr'><strong>bus</strong></span> <span class='ocrx_word' id='word_1_18' title='bbox 462 394 643 443; x_wconf 84' lang='lat' dir='ltr'><strong>autem</strong></span> <span class='ocrx_word' id='word_1_19' title='bbox 661 388 913 459; x_wconf 83' lang='lat' dir='ltr'><strong>opposita</strong></span> <span class='ocrx_word' id='word_1_20' title='bbox 932 386 1279 458; x_wconf 79' lang='lat' dir='ltr'><strong>praevalent,</strong></span> <span class='ocrx_word' id='word_1_21' title='bbox 1320 386 1524 443; x_wconf 78' lang='lat' dir='ltr'><strong>virtute</strong></span> <span class='ocrx_word' id='word_1_22' title='bbox 1555 387 1820 461; x_wconf 83' lang='lat' dir='ltr'><strong>praediti;</strong></span> <span class='ocrx_word' id='word_1_23' title='bbox 1868 389 1928 442; x_wconf 86' lang='lat' dir='ltr'><strong>in</strong></span> 
     </span>
     <span class='ocr_line' id='line_1_4' title="bbox 334 460 1934 536; baseline 0 -19"><span class='ocrx_word' id='word_1_24' title='bbox 334 461 460 517; x_wconf 84' lang='lat' dir='ltr'><strong>aliis</strong></span> <span class='ocrx_word' id='word_1_25' title='bbox 488 479 619 517; x_wconf 76' lang='lat' dir='ltr'><strong>vero</strong></span> <span class='ocrx_word' id='word_1_26' title='bbox 646 462 753 526; x_wconf 85' lang='lat' dir='ltr'><strong>ita,</strong></span> <span class='ocrx_word' id='word_1_27' title='bbox 794 462 956 533; x_wconf 80' lang='lat' dir='ltr'><strong>quasi</strong></span> <span class='ocrx_word' id='word_1_28' title='bbox 984 460 1233 534; x_wconf 85' lang='lat' dir='ltr'><strong>aequalis</strong></span> <span class='ocrx_word' id='word_1_29' title='bbox 1261 462 1711 536; x_wconf 67' lang='lat' dir='ltr'><strong>sit,commixtio:</strong></span> <span class='ocrx_word' id='word_1_30' title='bbox 1769 462 1847 519; x_wconf 88' lang='lat' dir='ltr'><strong>ita</strong></span> <span class='ocrx_word' id='word_1_31' title='bbox 1869 471 1934 519; x_wconf 80' lang='lat' dir='ltr'><strong>ut</strong></span> 
     </span>
     <span class='ocr_line' id='line_1_5' title="bbox 335 536 1852 610; baseline -0.001 -17"><span class='ocrx_word' id='word_1_32' title='bbox 335 538 477 593; x_wconf 89' lang='lat' dir='ltr'><strong>nulli</strong></span> <span class='ocrx_word' id='word_1_33' title='bbox 496 538 637 603; x_wconf 86' lang='lat' dir='ltr'><strong>sint,</strong></span> <span class='ocrx_word' id='word_1_34' title='bbox 664 538 765 610; x_wconf 90' lang='lat' dir='ltr'><strong>qui</strong></span> <span class='ocrx_word' id='word_1_35' title='bbox 782 537 969 593; x_wconf 88' lang='lat' dir='ltr'><strong>omnia</strong></span> <span class='ocrx_word' id='word_1_36' title='bbox 988 537 1134 593; x_wconf 84' lang='lat' dir='ltr'><strong>mala</strong></span> <span class='ocrx_word' id='word_1_37' title='bbox 1151 536 1389 593; x_wconf 79' lang='lat' dir='ltr'><strong>habeant</strong></span> <span class='ocrx_word' id='word_1_38' title='bbox 1408 538 1530 592; x_wconf 87' lang='lat' dir='ltr'><strong>sine</strong></span> <span class='ocrx_word' id='word_1_39' title='bbox 1548 536 1664 594; x_wconf 89' lang='lat' dir='ltr'><strong>ullo</strong></span> <span class='ocrx_word' id='word_1_40' title='bbox 1688 537 1852 593; x_wconf 86' lang='lat' dir='ltr'><strong>bono.</strong></span> 
     </span>
    </p>
   </div>
   <div class='ocr_carea' id='block_1_3' title="bbox 424 682 1840 861">
    <p class='ocr_par' dir='ltr' id='par_1_3' title="bbox 424 682 1840 861">
     <span class='ocr_line' id='line_1_6' title="bbox 424 682 1840 799; baseline -0.004 -18"><span class='ocrx_word' id='word_1_41' title='bbox 424 728 521 781; x_wconf 66' lang='lat' dir='ltr'>‹3¹¹ae</span> <span class='ocrx_word' id='word_1_42' title='bbox 546 728 695 794; x_wconf 71' lang='lat' dir='ltr'><strong>pelles</strong></span> <span class='ocrx_word' id='word_1_43' title='bbox 729 726 984 777; x_wconf 71' lang='lat' dir='ltr'><strong>haedorum</strong></span> <span class='ocrx_word' id='word_1_44' title='bbox 1016 682 1161 793; x_wconf 53' lang='lat' dir='ltr'><strong>super</strong></span> <span class='ocrx_word' id='word_1_45' title='bbox 1196 726 1395 778; x_wconf 75' lang='lat' dir='ltr'><strong>brachia</strong></span> <span class='ocrx_word' id='word_1_46' title='bbox 1427 736 1472 777; x_wconf 81' lang='lat' dir='ltr'><strong>et</strong></span> <span class='ocrx_word' id='word_1_47' title='bbox 1501 742 1642 790; x_wconf 70' lang='lat' dir='ltr'><strong>cuper</strong></span> <span class='ocrx_word' id='word_1_48' title='bbox 1674 724 1840 799; x_wconf 58' lang='lat' dir='ltr'><strong>coum</strong></span> 
     </span>
     <span class='ocr_line' id='line_1_7' title="bbox 848 794 1412 861; baseline -0.002 -16"><span class='ocrx_word' id='word_1_49' title='bbox 848 796 1127 860; x_wconf 56' lang='lat' dir='ltr'><strong>imponiv‘?</strong></span> <span class='ocrx_word' id='word_1_50' title='bbox 1160 798 1267 861; x_wconf 78' lang='lat'><strong>(27,</strong></span> <span class='ocrx_word' id='word_1_51' title='bbox 1303 794 1412 860; x_wconf 82' lang='lat'><strong>16.)</strong></span> 
     </span>
    </p>
   </div>
   <div class='ocr_carea' id='block_1_4' title="bbox 334 928 1930 1384">
    <p class='ocr_par' dir='ltr' id='par_1_4' title="bbox 334 928 1930 1384">
     <span class='ocr_line' id='line_1_8' title="bbox 446 928 1926 1001; baseline -0.002 -10"><span class='ocrx_word' id='word_1_52' title='bbox 446 934 569 991; x_wconf 73' lang='lat'><strong>204.</strong></span> <span class='ocrx_word' id='word_1_53' title='bbox 608 932 811 987; x_wconf 79' lang='lat' dir='ltr'><strong>Littera</strong></span> <span class='ocrx_word' id='word_1_54' title='bbox 832 928 1123 987; x_wconf 81' lang='lat' dir='ltr'><strong>manifesta</strong></span> <span class='ocrx_word' id='word_1_55' title='bbox 1143 939 1302 986; x_wconf 87' lang='lat' dir='ltr'><strong>estet</strong></span> <span class='ocrx_word' id='word_1_56' title='bbox 1325 930 1600 995; x_wconf 84' lang='lat' dir='ltr'><strong>visibilis,</strong></span> <span class='ocrx_word' id='word_1_57' title='bbox 1639 938 1703 985; x_wconf 89' lang='lat' dir='ltr'><strong>ut</strong></span> <span class='ocrx_word' id='word_1_58' title='bbox 1727 946 1926 1001; x_wconf 82' lang='lat' dir='ltr'><strong>nempe</strong></span> 
     </span>
     <span class='ocr_line' id='line_1_9' title="bbox 334 1006 1928 1082; baseline -0.003 -19"><span class='ocrx_word' id='word_1_59' title='bbox 334 1011 704 1082; x_wconf 80' lang='lat' dir='ltr'><strong>ignoraretur,</strong></span> <span class='ocrx_word' id='word_1_60' title='bbox 751 1025 821 1062; x_wconf 84' lang='lat' dir='ltr'><strong>ue</strong></span> <span class='ocrx_word' id='word_1_61' title='bbox 848 1006 1339 1079; x_wconf 64' lang='lat' dir='ltr'><strong>comprehenderet</strong></span> <span class='ocrx_word' id='word_1_62' title='bbox 1375 1022 1505 1061; x_wconf 87' lang='lat' dir='ltr'><strong>eum</strong></span> <span class='ocrx_word' id='word_1_63' title='bbox 1542 1014 1723 1077; x_wconf 85' lang='lat' dir='ltr'><strong>pater,</strong></span> <span class='ocrx_word' id='word_1_64' title='bbox 1763 1014 1928 1077; x_wconf 82' lang='lat' dir='ltr'><strong>atque</strong></span> 
     </span>
     <span class='ocr_line' id='line_1_10' title="bbox 334 1080 1929 1156; baseline -0.003 -17"><span class='ocrx_word' id='word_1_65' title='bbox 334 1084 417 1139; x_wconf 83' lang='lat' dir='ltr'><strong>sic</strong></span> <span class='ocrx_word' id='word_1_66' title='bbox 436 1098 697 1156; x_wconf 87' lang='lat' dir='ltr'><strong>praesens</strong></span> <span class='ocrx_word' id='word_1_67' title='bbox 716 1090 1000 1155; x_wconf 83' lang='lat' dir='ltr'><strong>putaretur</strong></span> <span class='ocrx_word' id='word_1_68' title='bbox 1018 1098 1126 1137; x_wconf 86' lang='lat' dir='ltr'><strong>non</strong></span> <span class='ocrx_word' id='word_1_69' title='bbox 1148 1081 1244 1137; x_wconf 91' lang='lat' dir='ltr'><strong>ille</strong></span> <span class='ocrx_word' id='word_1_70' title='bbox 1259 1122 1272 1146; x_wconf 86' lang='lat'>,</span> <span class='ocrx_word' id='word_1_71' title='bbox 1295 1082 1396 1153; x_wconf 90' lang='lat' dir='ltr'><strong>qui</strong></span> <span class='ocrx_word' id='word_1_72' title='bbox 1420 1080 1624 1146; x_wconf 84' lang='lat' dir='ltr'><strong>aderat,</strong></span> <span class='ocrx_word' id='word_1_73' title='bbox 1645 1080 1745 1135; x_wconf 87' lang='lat' dir='ltr'><strong>sed</strong></span> <span class='ocrx_word' id='word_1_74' title='bbox 1767 1080 1929 1135; x_wconf 83' lang='lat' dir='ltr'><strong>frater</strong></span> 
     </span>
     <span class='ocr_line' id='line_1_11' title="bbox 334 1156 1930 1230; baseline -0.001 -18"><span class='ocrx_word' id='word_1_75' title='bbox 334 1176 471 1213; x_wconf 84' lang='lat' dir='ltr'><strong>suus</strong></span> <span class='ocrx_word' id='word_1_76' title='bbox 498 1158 718 1224; x_wconf 79' lang='lat' dir='ltr'><strong>absens.</strong></span> <span class='ocrx_word' id='word_1_77' title='bbox 794 1158 1083 1230; x_wconf 84' lang='lat' dir='ltr'><strong>Propterea</strong></span> <span class='ocrx_word' id='word_1_78' title='bbox 1105 1158 1464 1229; x_wconf 81' lang='lat' dir='ltr'><strong>imponuntur</strong></span> <span class='ocrx_word' id='word_1_79' title='bbox 1483 1156 1727 1212; x_wconf 88' lang='lat' dir='ltr'><strong>brachiis</strong></span> <span class='ocrx_word' id='word_1_80' title='bbox 1748 1163 1802 1211; x_wconf 88' lang='lat' dir='ltr'><strong>et</strong></span> <span class='ocrx_word' id='word_1_81' title='bbox 1824 1173 1930 1211; x_wconf 86' lang='lat' dir='ltr'><strong>nu-</strong></span> 
     </span>
     <span class='ocr_line' id='line_1_12' title="bbox 334 1230 1930 1305; baseline -0.001 -18"><span class='ocrx_word' id='word_1_82' title='bbox 334 1234 493 1289; x_wconf 86' lang='lat' dir='ltr'><strong>ditati</strong></span> <span class='ocrx_word' id='word_1_83' title='bbox 533 1232 662 1288; x_wconf 89' lang='lat' dir='ltr'><strong>colli</strong></span> <span class='ocrx_word' id='word_1_84' title='bbox 701 1231 1000 1287; x_wconf 87' lang='lat' dir='ltr'><strong>haedorum</strong></span> <span class='ocrx_word' id='word_1_85' title='bbox 1038 1232 1362 1305; x_wconf 80' lang='lat' dir='ltr'><strong>pelliculae,</strong></span> <span class='ocrx_word' id='word_1_86' title='bbox 1405 1230 1780 1304; x_wconf 73' lang='lat' dir='ltr'><strong>quiapilosus</strong></span> <span class='ocrx_word' id='word_1_87' title='bbox 1809 1232 1930 1303; x_wconf 89' lang='lat' dir='ltr'><strong>ipse</strong></span> 
     </span>
     <span class='ocr_line' id='line_1_13' title="bbox 335 1306 1930 1384; baseline -0.001 -21"><span class='ocrx_word' id='word_1_88' title='bbox 335 1317 468 1364; x_wconf 87' lang='lat' dir='ltr'><strong>erat.</strong></span> <span class='ocrx_word' id='word_1_89' title='bbox 556 1306 642 1363; x_wconf 84' lang='lat' dir='ltr'><strong>Ad</strong></span> <span class='ocrx_word' id='word_1_90' title='bbox 680 1314 918 1384; x_wconf 76' lang='lat' dir='ltr'><strong>mentem</strong></span> <span class='ocrx_word' id='word_1_91' title='bbox 957 1325 1116 1373; x_wconf 82' lang='lat' dir='ltr'><strong>vero,</strong></span> <span class='ocrx_word' id='word_1_92' title='bbox 1165 1309 1298 1379; x_wconf 89' lang='lat' dir='ltr'><strong>quia</strong></span> <span class='ocrx_word' id='word_1_93' title='bbox 1336 1306 1562 1363; x_wconf 86' lang='lat' dir='ltr'><strong>brachia</strong></span> <span class='ocrx_word' id='word_1_94' title='bbox 1603 1306 1930 1379; x_wconf 87' lang='lat' dir='ltr'><strong>humerique</strong></span> 
     </span>
    </p>
   </div>
   <div class='ocr_carea' id='block_1_5' title="bbox 253 1562 1936 2166">
    <p class='ocr_par' dir='ltr' id='par_1_5' title="bbox 253 1562 1936 2166">
     <span class='ocr_line' id='line_1_14' title="bbox 336 1562 1929 1639; baseline 0.001 -22"><span class='ocrx_word' id='word_1_95' title='bbox 336 1571 429 1617; x_wconf 86' lang='lat' dir='ltr'><strong>nat</strong></span> <span class='ocrx_word' id='word_1_96' title='bbox 467 1562 854 1635; x_wconf 87' lang='lat' dir='ltr'><strong>palaestricum</strong></span> <span class='ocrx_word' id='word_1_97' title='bbox 892 1580 1060 1637; x_wconf 89' lang='lat' dir='ltr'><strong>quem</strong></span> <span class='ocrx_word' id='word_1_98' title='bbox 1109 1564 1348 1621; x_wconf 83' lang='lat' dir='ltr'><strong>sollicite</strong></span> <span class='ocrx_word' id='word_1_99' title='bbox 1385 1565 1625 1638; x_wconf 89' lang='lat' dir='ltr'><strong>applicat</strong></span> <span class='ocrx_word' id='word_1_100' title='bbox 1664 1573 1728 1621; x_wconf 89' lang='lat' dir='ltr'><strong>ut</strong></span> <span class='ocrx_word' id='word_1_101' title='bbox 1763 1567 1929 1639; x_wconf 90' lang='lat' dir='ltr'><strong>patri.</strong></span> 
     </span>
     <span class='ocr_line' id='line_1_15' title="bbox 253 1639 1934 1715; baseline 0.001 -22"><span class='ocrx_word' id='word_1_102' title='bbox 253 1664 257 1668; x_wconf 90' lang='lat'>·</span> <span class='ocrx_word' id='word_1_103' title='bbox 335 1640 404 1693; x_wconf 86' lang='lat' dir='ltr'><strong>Et</strong></span> <span class='ocrx_word' id='word_1_104' title='bbox 431 1639 575 1694; x_wconf 87' lang='lat' dir='ltr'><strong>sicut</strong></span> <span class='ocrx_word' id='word_1_105' title='bbox 603 1646 687 1694; x_wconf 86' lang='lat' dir='ltr'><strong>est</strong></span> <span class='ocrx_word' id='word_1_106' title='bbox 716 1639 1146 1696; x_wconf 84' lang='lat' dir='ltr'><strong>familiarissima</strong></span> <span class='ocrx_word' id='word_1_107' title='bbox 1173 1658 1261 1695; x_wconf 86' lang='lat' dir='ltr'><strong>res</strong></span> <span class='ocrx_word' id='word_1_108' title='bbox 1282 1642 1528 1697; x_wconf 82' lang='lat' dir='ltr'><strong>musicae</strong></span> <span class='ocrx_word' id='word_1_109' title='bbox 1548 1640 1755 1696; x_wconf 86' lang='lat' dir='ltr'><strong>cithara</strong></span> <span class='ocrx_word' id='word_1_110' title='bbox 1771 1682 1784 1706; x_wconf 87' lang='lat'>,</span> <span class='ocrx_word' id='word_1_111' title='bbox 1825 1658 1934 1715; x_wconf 79' lang='lat' dir='ltr'><strong>gu-</strong></span> 
     </span>
     <span class='ocr_line' id='line_1_16' title="bbox 335 1712 1934 1791; baseline 0.001 -22"><span class='ocrx_word' id='word_1_112' title='bbox 335 1715 611 1770; x_wconf 81' lang='lat' dir='ltr'><strong>bernatori</strong></span> <span class='ocrx_word' id='word_1_113' title='bbox 630 1723 911 1771; x_wconf 88' lang='lat' dir='ltr'><strong>temonum</strong></span> <span class='ocrx_word' id='word_1_114' title='bbox 930 1712 1300 1773; x_wconf 76' lang='lat' dir='ltr'><strong>retinaculum</strong></span> <span class='ocrx_word' id='word_1_115' title='bbox 1319 1725 1373 1772; x_wconf 83' lang='lat' dir='ltr'><strong>et</strong></span> <span class='ocrx_word' id='word_1_116' title='bbox 1398 1716 1614 1772; x_wconf 89' lang='lat' dir='ltr'><strong>medico</strong></span> <span class='ocrx_word' id='word_1_117' title='bbox 1640 1716 1934 1791; x_wconf 84' lang='lat' dir='ltr'><strong>collyrium</strong></span> 
     </span>
     <span class='ocr_line' id='line_1_17' title="bbox 336 1790 1934 1866; baseline 0.001 -22"><span class='ocrx_word' id='word_1_118' title='bbox 336 1807 443 1845; x_wconf 88' lang='lat' dir='ltr'><strong>non</strong></span> <span class='ocrx_word' id='word_1_119' title='bbox 464 1792 786 1863; x_wconf 84' lang='lat' dir='ltr'><strong>tempeloxii</strong></span> <span class='ocrx_word' id='word_1_120' title='bbox 814 1792 1042 1863; x_wconf 89' lang='lat' dir='ltr'><strong>plenum</strong></span> <span class='ocrx_word' id='word_1_121' title='bbox 1052 1790 1107 1866; x_wconf 77' lang='lat'><strong>*)</strong></span> <span class='ocrx_word' id='word_1_122' title='bbox 1123 1833 1135 1856; x_wconf 91' lang='lat'>‚</span> <span class='ocrx_word' id='word_1_123' title='bbox 1178 1794 1278 1863; x_wconf 89' lang='lat' dir='ltr'><strong>qui</strong></span> <span class='ocrx_word' id='word_1_124' title='bbox 1308 1794 1542 1865; x_wconf 71' lang='lat' dir='ltr'><strong>cupiunt</strong></span> <span class='ocrx_word' id='word_1_125' title='bbox 1569 1792 1734 1847; x_wconf 89' lang='lat' dir='ltr'><strong>etiam</strong></span> <span class='ocrx_word' id='word_1_126' title='bbox 1762 1808 1934 1847; x_wconf 80' lang='lat' dir='ltr'><strong>naves</strong></span> 
     </span>
     <span class='ocr_line' id='line_1_18' title="bbox 336 1866 1936 1940; baseline 0.001 -20"><span class='ocrx_word' id='word_1_127' title='bbox 336 1883 530 1921; x_wconf 85' lang='lat' dir='ltr'><strong>aureas</strong></span> <span class='ocrx_word' id='word_1_128' title='bbox 550 1866 753 1922; x_wconf 85' lang='lat' dir='ltr'><strong>habere</strong></span> <span class='ocrx_word' id='word_1_129' title='bbox 768 1908 781 1932; x_wconf 86' lang='lat'>‚</span> <span class='ocrx_word' id='word_1_130' title='bbox 806 1874 859 1922; x_wconf 87' lang='lat' dir='ltr'><strong>et</strong></span> <span class='ocrx_word' id='word_1_131' title='bbox 878 1867 1403 1923; x_wconf 86' lang='lat' dir='ltr'><strong>medicamentorum</strong></span> <span class='ocrx_word' id='word_1_132' title='bbox 1425 1868 1615 1923; x_wconf 87' lang='lat' dir='ltr'><strong>horrea</strong></span> <span class='ocrx_word' id='word_1_133' title='bbox 1635 1868 1800 1940; x_wconf 88' lang='lat' dir='ltr'><strong>plena</strong></span> <span class='ocrx_word' id='word_1_134' title='bbox 1813 1908 1828 1933; x_wconf 87' lang='lat'>,</span> <span class='ocrx_word' id='word_1_135' title='bbox 1857 1867 1936 1922; x_wconf 86' lang='lat' dir='ltr'><strong>ita</strong></span> 
     </span>
     <span class='ocr_line' id='line_1_19' title="bbox 335 1942 1935 2017; baseline 0.001 -21"><span class='ocrx_word' id='word_1_136' title='bbox 335 1950 481 1997; x_wconf 86' lang='lat' dir='ltr'><strong>certa</strong></span> <span class='ocrx_word' id='word_1_137' title='bbox 502 1959 731 1997; x_wconf 87' lang='lat' dir='ltr'><strong>censura</strong></span> <span class='ocrx_word' id='word_1_138' title='bbox 754 1950 862 2007; x_wconf 88' lang='lat' dir='ltr'><strong>est,</strong></span> <span class='ocrx_word' id='word_1_139' title='bbox 904 1952 958 1999; x_wconf 87' lang='lat' dir='ltr'><strong>et</strong></span> <span class='ocrx_word' id='word_1_140' title='bbox 976 1943 1202 2017; x_wconf 82' lang='lat' dir='ltr'><strong>elegans</strong></span> <span class='ocrx_word' id='word_1_141' title='bbox 1221 1943 1580 2015; x_wconf 88' lang='lat' dir='ltr'><strong>pulchritudo</strong></span> <span class='ocrx_word' id='word_1_142' title='bbox 1595 1985 1607 2008; x_wconf 90' lang='lat'>‚</span> <span class='ocrx_word' id='word_1_143' title='bbox 1645 1942 1805 2015; x_wconf 87' lang='lat' dir='ltr'><strong>quasi</strong></span> <span class='ocrx_word' id='word_1_144' title='bbox 1823 1958 1935 1997; x_wconf 85' lang='lat' dir='ltr'><strong>nou</strong></span> 
     </span>
     <span class='ocr_line' id='line_1_20' title="bbox 336 2017 1936 2091; baseline 0.003 -20"><span class='ocrx_word' id='word_1_145' title='bbox 336 2017 567 2088; x_wconf 88' lang='lat' dir='ltr'><strong>quidem</strong></span> <span class='ocrx_word' id='word_1_146' title='bbox 594 2020 881 2090; x_wconf 88' lang='lat' dir='ltr'><strong>proprium</strong></span> <span class='ocrx_word' id='word_1_147' title='bbox 909 2018 1202 2090; x_wconf 87' lang='lat' dir='ltr'><strong>praedium</strong></span> <span class='ocrx_word' id='word_1_148' title='bbox 1231 2019 1486 2083; x_wconf 86' lang='lat' dir='ltr'><strong>alterius,</strong></span> <span class='ocrx_word' id='word_1_149' title='bbox 1527 2018 1628 2075; x_wconf 86' lang='lat' dir='ltr'><strong>sed</strong></span> <span class='ocrx_word' id='word_1_150' title='bbox 1646 2020 1936 2091; x_wconf 85' lang='lat' dir='ltr'><strong>proprium</strong></span> 
     </span>
     <span class='ocr_line' id='line_1_21' title="bbox 336 2092 1357 2166; baseline 0.004 -20"><span class='ocrx_word' id='word_1_151' title='bbox 336 2092 563 2147; x_wconf 85' lang='lat' dir='ltr'><strong>artificis</strong></span> <span class='ocrx_word' id='word_1_152' title='bbox 583 2092 755 2166; x_wconf 80' lang='lat' dir='ltr'><strong>digne</strong></span> <span class='ocrx_word' id='word_1_153' title='bbox 770 2102 827 2148; x_wconf 84' lang='lat' dir='ltr'><strong>et</strong></span> <span class='ocrx_word' id='word_1_154' title='bbox 842 2110 1104 2166; x_wconf 88' lang='lat' dir='ltr'><strong>prospere</strong></span> <span class='ocrx_word' id='word_1_155' title='bbox 1122 2103 1357 2150; x_wconf 84' lang='lat' dir='ltr'><strong>utentes.</strong></span> 
     </span>
    </p>
   </div>
   <div class='ocr_carea' id='block_1_6' title="bbox 396 2282 1891 2350">
    <p class='ocr_par' dir='ltr' id='par_1_6' title="bbox 396 2282 1891 2350">
     <span class='ocr_line' id='line_1_22' title="bbox 396 2282 1891 2350; baseline -0.002 -15"><span class='ocrx_word' id='word_1_156' title='bbox 396 2284 556 2343; x_wconf 79' lang='lat' dir='ltr'><strong>Quare</strong></span> <span class='ocrx_word' id='word_1_157' title='bbox 585 2285 737 2350; x_wconf 75' lang='lat' dir='ltr'><strong>pelles</strong></span> <span class='ocrx_word' id='word_1_158' title='bbox 772 2301 916 2347; x_wconf 70' lang='lat' dir='ltr'><strong>super</strong></span> <span class='ocrx_word' id='word_1_159' title='bbox 953 2285 1153 2335; x_wconf 75' lang='lat' dir='ltr'><strong>brachia</strong></span> <span class='ocrx_word' id='word_1_160' title='bbox 1188 2295 1233 2335; x_wconf 77' lang='lat' dir='ltr'><strong>et</strong></span> <span class='ocrx_word' id='word_1_161' title='bbox 1266 2284 1526 2341; x_wconf 75' lang='lat' dir='ltr'><strong>nuditatem</strong></span> <span class='ocrx_word' id='word_1_162' title='bbox 1560 2282 1672 2335; x_wconf 69' lang='lat' dir='ltr'><strong>colli</strong></span> <span class='ocrx_word' id='word_1_163' title='bbox 1694 2283 1891 2349; x_wconf 68' lang='lat' dir='ltr'><strong>posuit?</strong></span> 
     </span>
    </p>
   </div>
   <div class='ocr_carea' id='block_1_7' title="bbox 336 2418 1949 2643">
    <p class='ocr_par' dir='ltr' id='par_1_7' title="bbox 336 2418 1949 2643">
     <span class='ocr_line' id='line_1_23' title="bbox 449 2418 1946 2493; baseline -0.002 -16"><span class='ocrx_word' id='word_1_164' title='bbox 449 2423 571 2478; x_wconf 77' lang='lat'><strong>204.</strong></span> <span class='ocrx_word' id='word_1_165' title='bbox 620 2422 837 2475; x_wconf 90' lang='lat' dir='ltr'><strong>Dictum</strong></span> <span class='ocrx_word' id='word_1_166' title='bbox 873 2419 1148 2483; x_wconf 75' lang='lat' dir='ltr'><strong>insinuat,</strong></span> <span class='ocrx_word' id='word_1_167' title='bbox 1189 2436 1300 2491; x_wconf 89' lang='lat' dir='ltr'><strong>qua</strong></span> <span class='ocrx_word' id='word_1_168' title='bbox 1332 2420 1510 2493; x_wconf 84' lang='lat' dir='ltr'><strong>possit</strong></span> <span class='ocrx_word' id='word_1_169' title='bbox 1546 2418 1744 2485; x_wconf 83' lang='lat' dir='ltr'><strong>latere,</strong></span> <span class='ocrx_word' id='word_1_170' title='bbox 1796 2420 1946 2475; x_wconf 89' lang='lat' dir='ltr'><strong>assi-</strong></span> 
     </span>
     <span class='ocr_line' id='line_1_24' title="bbox 336 2492 1942 2567; baseline 0 -18"><span class='ocrx_word' id='word_1_171' title='bbox 336 2503 488 2550; x_wconf 86' lang='lat' dir='ltr'><strong>stens</strong></span> <span class='ocrx_word' id='word_1_172' title='bbox 507 2497 740 2567; x_wconf 84' lang='lat' dir='ltr'><strong>patri‘ne</strong></span> <span class='ocrx_word' id='word_1_173' title='bbox 768 2494 1049 2551; x_wconf 81' lang='lat' dir='ltr'><strong>videretur</strong></span> <span class='ocrx_word' id='word_1_174' title='bbox 1078 2495 1206 2565; x_wconf 89' lang='lat' dir='ltr'><strong>quis</strong></span> <span class='ocrx_word' id='word_1_175' title='bbox 1234 2496 1334 2561; x_wconf 85' lang='lat' dir='ltr'><strong>sit,</strong></span> <span class='ocrx_word' id='word_1_176' title='bbox 1377 2496 1478 2551; x_wconf 85' lang='lat' dir='ltr'><strong>sed</strong></span> <span class='ocrx_word' id='word_1_177' title='bbox 1505 2496 1707 2551; x_wconf 84' lang='lat' dir='ltr'><strong>absens</strong></span> <span class='ocrx_word' id='word_1_178' title='bbox 1741 2492 1942 2550; x_wconf 79' lang='lat' dir='ltr'><strong>frater:</strong></span> 
     </span>
     <span class='ocr_line' id='line_1_25' title="bbox 338 2569 1949 2643; baseline 0.002 -22"><span class='ocrx_word' id='word_1_179' title='bbox 338 2569 692 2625; x_wconf 88' lang='lat' dir='ltr'><strong>circundatur</strong></span> <span class='ocrx_word' id='word_1_180' title='bbox 717 2570 971 2633; x_wconf 86' lang='lat' dir='ltr'><strong>brachia,</strong></span> <span class='ocrx_word' id='word_1_181' title='bbox 1022 2577 1078 2625; x_wconf 91' lang='lat' dir='ltr'><strong>et</strong></span> <span class='ocrx_word' id='word_1_182' title='bbox 1104 2569 1211 2624; x_wconf 89' lang='lat' dir='ltr'><strong>alia</strong></span> <span class='ocrx_word' id='word_1_183' title='bbox 1247 2572 1500 2643; x_wconf 82' lang='lat' dir='ltr'><strong>proxima</strong></span> <span class='ocrx_word' id='word_1_184' title='bbox 1527 2570 1775 2627; x_wconf 83' lang='lat' dir='ltr'><strong>membra</strong></span> <span class='ocrx_word' id='word_1_185' title='bbox 1801 2570 1949 2627; x_wconf 83' lang='lat' dir='ltr'><strong>ovili</strong></span> 
     </span>
    </p>
   </div>
   <div class='ocr_carea' id='block_1_8' title="bbox 338 2666 760 2679">
    <p class='ocr_par' dir='ltr' id='par_1_8' title="bbox 338 2666 760 2679">
     <span class='ocr_line' id='line_1_26' title="bbox 338 2666 760 2679; baseline 0 405"><span class='ocrx_word' id='word_1_186' title='bbox 338 2666 760 2679; x_wconf 95' lang='lat' dir='ltr'><strong> </strong></span> 
     </span>
    </p>
   </div>
   <div class='ocr_carea' id='block_1_9' title="bbox 340 2708 1954 2810">
    <p class='ocr_par' dir='ltr' id='par_1_9' title="bbox 340 2708 1954 2810">
     <span class='ocr_line' id='line_1_27' title="bbox 440 2708 1954 2764; baseline 0.006 -20"><span class='ocrx_word' id='word_1_187' title='bbox 440 2708 487 2753; x_wconf 69' lang='grc' dir='ltr'><strong>ΙΙ)</strong></span> <span class='ocrx_word' id='word_1_188' title='bbox 511 2708 566 2745; x_wconf 79' lang='lat' dir='ltr'><strong>In</strong></span> <span class='ocrx_word' id='word_1_189' title='bbox 596 2717 757 2757; x_wconf 53' lang='lat' dir='ltr'><strong>marm:</strong></span> <span class='ocrx_word' id='word_1_190' title='bbox 808 2710 860 2749; x_wconf 83' lang='lat' dir='ltr'><strong>In</strong></span> <span class='ocrx_word' id='word_1_191' title='bbox 884 2714 1068 2759; x_wconf 78' lang='lat' dir='ltr'><strong>utroque</strong></span> <span class='ocrx_word' id='word_1_192' title='bbox 1099 2710 1332 2760; x_wconf 67' lang='lat' dir='ltr'><strong>exemplari</strong></span> <span class='ocrx_word' id='word_1_193' title='bbox 1355 2712 1420 2753; x_wconf 66' lang='lat' dir='ltr'><strong>tta</strong></span> <span class='ocrx_word' id='word_1_194' title='bbox 1439 2712 1683 2764; x_wconf 61' lang='lat' dir='ltr'><strong>legebatur-5</strong></span> <span class='ocrx_word' id='word_1_195' title='bbox 1717 2714 1830 2755; x_wconf 66' lang='lat' dir='ltr'><strong>sorte</strong></span> <span class='ocrx_word' id='word_1_196' title='bbox 1854 2724 1954 2755; x_wconf 77' lang='lat' dir='ltr'><strong>non</strong></span> 
     </span>
     <span class='ocr_line' id='line_1_28' title="bbox 340 2757 1208 2810; baseline 0.006 -15"><span class='ocrx_word' id='word_1_197' title='bbox 340 2757 565 2803; x_wconf 80' lang='lat' dir='ltr'><strong>tantopere</strong></span> <span class='ocrx_word' id='word_1_198' title='bbox 581 2758 838 2807; x_wconf 75' lang='lat' dir='ltr'><strong>locupletum</strong></span> <span class='ocrx_word' id='word_1_199' title='bbox 856 2764 949 2801; x_wconf 78' lang='lat' dir='ltr'><strong>erat</strong></span> <span class='ocrx_word' id='word_1_200' title='bbox 964 2761 1208 2810; x_wconf 69' lang='lat' dir='ltr'><strong>legendum.</strong></span> 
     </span>
    </p>
   </div>
   <div class='ocr_carea' id='block_1_10' title="bbox 2079 2050 2085 2731">
    <p class='ocr_par' dir='ltr' id='par_1_10' title="bbox 2079 2050 2085 2731">
     <span class='ocr_line' id='line_1_29' title="bbox 2079 2050 2085 2731; baseline 0 0"><span class='ocrx_word' id='word_1_201' title='bbox 2079 2050 2085 2731; x_wconf 95' lang='lat' dir='ltr'><strong> </strong></span> 
     </span>
    </p>
   </div>
  </div>
 </body>
</html>
