2125 3084
371 179 469 232 234
617 182 815 228 PHIL.
856 182 1002 227 IUD.
1044 181 1367 239 QUAEST.
1404 182 1503 225 ET
1550 183 1706 227 soL.
1747 177 1831 243 [11‚
1843 179 1960 245 401]

369 283 572 338 iisdem
624 282 759 337 locis
807 281 1296 337 circumducuntur
1341 282 1503 338 timor
1541 291 1595 338 et
1633 284 1956 357 arrogantia,

370 358 563 414 fratres
600 375 665 413 ae
703 358 941 431 cognati.
1026 356 1204 424 Quam
1241 356 1314 413 ob
1351 359 1620 415 rationem
1657 360 1758 414 vix
1795 359 1961 414 armis

369 436 542 489 utitur
570 434 627 488 in
656 450 775 497 eos,
818 432 917 503 qui
942 433 1000 487 in
1030 450 1328 506 congressu
1358 450 1419 488 se
1446 435 1686 489 invicem
1716 442 1960 505 petentes

366 509 517 563 ulnis
539 509 853 563 commixtis
880 516 1113 572 certant,
1155 508 1254 563 ubi
1273 524 1598 581 progressus
1617 509 1828 564 roboris
1850 508 1961 563 for-

366 584 734 656 titudinisque
765 591 1053 655 apparent,
1102 582 1201 637 sed
1230 600 1261 637 a
1290 583 1451 656 longe
1477 584 1810 655 proiectione
1830 600 1960 655 spa-

363 662 524 715 tiosa.
602 658 821 714 Etenim
850 676 937 712 ars
962 659 1244 731 sagittaria
1271 659 1490 731 ignavis
1520 658 1801 729 proprium
1837 675 1959 713 cer-

364 744 545 790 tamen
578 742 685 798 est,
725 734 823 805 qui
849 742 1092 806 perstare
1121 734 1180 788 in
1211 734 1330 789 loco
1353 734 1581 789 minime
1607 731 1787 788 ferunt
1801 772 1814 796 ‚
1855 734 1956 788 sed

366 808 631 883 fugiendo
651 826 682 863 a
705 809 867 881 longe
884 816 1156 881 pugnant.

371 966 500 1025 Quid
538 976 607 1017 est
654 1003 685 1029 ‚‚
702 966 886 1015 Venere
934 965 1050 1015 milti
1089 965 1382 1015 venationem
1435 975 1480 1014 et
1514 966 1610 1030 sae
1651 964 1766 1015 mihi
1806 965 1955 1015 cibum

498 1036 619 1085 sicut
652 1051 783 1096 amo,
824 1043 869 1082 et
908 1034 1034 1097 affer
1077 1032 1193 1082 mihi
1237 1042 1288 1082 ut
1332 1032 1596 1096 comedam,
1669 1042 1722 1082 ut
1773 1032 1955 1081 benedi·

496 1113 575 1153 cat
616 1113 660 1153 te
696 1100 855 1151 anima
888 1118 1017 1163 mea,
1049 1101 1332 1165 priusquam
1365 1100 1622 1151 moriar-“2
1657 1102 1762 1166 (27,
1803 1107 1832 1150 3
1853 1102 1920 1161 S.)

480 1226 593 1277 498.
636 1221 864 1283 Littera,
896 1228 957 1274 ut
978 1219 1117 1273 mihi
1138 1219 1386 1284 videtur,
1417 1219 1738 1275 huiusmodi
1756 1236 1958 1293 propo-

363 1302 445 1354 nit
470 1314 719 1352 sensum:
777 1295 985 1366 quippe
1005 1293 1218 1367 quod*)
1245 1292 1316 1369 [*]
1341 1295 1450 1351 duo
1469 1304 1598 1350 sunt
1617 1295 1746 1349 filii:
1811 1311 1957 1349 unus

362 1372 568 1435 bonus»,
612 1371 747 1425 alter
775 1368 880 1423 sub
907 1386 1071 1424 causa
1102 1368 1168 1442 (s.
1199 1370 1458 1434 crimine,
1503 1370 1705 1443 culpa).
1783 1372 1956 1424 Istum

362 1450 575 1518 itaque,
608 1446 706 1516 qui
728 1444 833 1499 sub
851 1462 1015 1499 causa
1036 1453 1147 1508 est,
1188 1443 1516 1501 benedicere
1535 1446 1610 1500 ait
1624 1486 1637 1510 ,
1679 1461 1786 1500 non
1805 1445 1956 1517 quod

362 1641 435 1679 269
462 1587 505 1635 ⁴⁸)
542 1586 663 1627 conf.
698 1588 981 1637 fragmentum
1024 1588 1070 1627 in
1115 1586 1278 1627 eatena
1309 1587 1472 1627 inedita
1505 1596 1636 1635 supra
1667 1586 1762 1627 Vol.
1799 1587 1873 1633 VI,
1911 1598 1952 1636 p.

455 1650 490 1679 s.

560 1828 569 1853 Ι

360 1871 413 1916 et
441 1862 569 1934 plus
599 1860 885 1927 timidum;
940 1874 1049 1913 uno
1081 1861 1227 1915 enim
1259 1858 1377 1915 loeo
1403 1867 1652 1914 versatur
1671 1867 1956 1913 contuma-

359 1938 435 1991 tia
456 1947 509 1991 et
527 1936 794 1991 timiditas
813 1943 875 1989 ut
893 1950 1133 2000 sorores,
1176 1935 1336 1989 cuius
1357 1952 1522 1989 causa
1541 1952 1649 1990 non
1669 1936 1844 1990 utitur
1867 1952 1956 1989 ar-

359 2013 466 2066 mis
486 2012 627 2082 aptis
646 2010 979 2067 constantiae
1000 2010 1221 2075 virtuti,
1265 2009 1362 2066 sed
1391 2011 1607 2083 sagittis
1636 2027 1736 2082 pro
1756 2010 1952 2065 inertia

357 2086 690 2141 timiditatis.
757 2084 874 2139 Uno
901 2086 1051 2139 enim
1073 2085 1367 2142 certamine
1390 2085 1695 2147 devitantes
1718 2086 1954 2159 longiter

358 2163 625 2217 ulciscere
644 2158 1045 2215 machinantur.

365 2317 494 2376 Quid
528 2328 597 2367 est
630 2354 664 2380 ‚‚
685 2314 817 2381 Cape
850 2315 966 2365 mihi
997 2319 1289 2368 venationem
1330 2328 1376 2369 et
1397 2322 1492 2384 fac
1529 2320 1645 2369 milti
1676 2320 1841 2384 epulas
1864 2322 1952 2370 sic-

491 2398 543 2436 ut
590 2402 720 2446 amo,
778 2392 823 2432 et
860 2384 985 2447 affer
1019 2384 1136 2434 mihi
1170 2397 1220 2436 ut
1255 2386 1551 2450 manducem,
1611 2397 1842 2451 quatenus
1879 2390 1952 2437 be-

491 2453 681 2503 nedicat
719 2460 763 2501 te
799 2452 960 2500 anima
995 2466 1101 2500 mea
1136 2464 1390 2519 antequam
1423 2455 1601 2505 moriar
1613 2458 1649 2485 “
1656 2458 1681 2504 9

476 2566 589 2616 ⁴98.
630 2562 875 2617 Oratoria
900 2580 1056 2648 pars,
1099 2572 1160 2618 ut
1177 2565 1318 2619 mihi
1337 2538 1584 2631 videtur,
1628 2566 1952 2623 huiusmodi

357 2636 696 2691 intellectum
742 2638 1009 2709 suggerit
1112 2638 1336 2693 Duobus
1383 2642 1748 2696 existentibus
1793 2643 1949 2707 filiis,

358 2725 468 2761 uno
489 2707 771 2773 benivole,
806 2712 975 2766 altero
994 2713 1186 2776 noxio,
1210 2714 1437 2768 noxium
1461 2714 1788 2773 benedicere
1805 2720 1949 2783 vult,

2081 1756 2092 2107 ι

2055 2670 2082 3007 1
