2125 3084
76 200 123 251 [,
150 189 277 256 am]
386 195 497 240 DE
535 194 1082 257 PRQVIDENTIA
1128 196 1383 260 SERMQ
1419 200 1458 244 1.
1499 199 1506 210 ·
1669 193 1736 247 47

194 298 305 352 82.
358 293 535 360 Quod
556 295 605 348 si
626 311 654 349 a
676 295 941 350 natalitiis
962 297 1146 350 omnia
1175 296 1568 368 disponuntur,
1614 317 1735 355 ces·-

76 371 311 425 aabunt
334 369 726 440 tacebuntque
748 371 856 435 lex,
882 371 971 424 ius
982 370 1054 443 *)‚
1079 372 1308 436 iustitia,
1331 373 1583 428 iudicum
1604 391 1732 430 sen-

75 446 345 512 .entiae;
422 444 574 500 haud
604 445 753 500 enim
782 445 955 500 libera
981 453 1066 500 est
1083 445 1336 502 voluntas
1355 446 1640 503 hominum
1662 450 1732 503 ad

76 519 407 592 agendum
423 560 437 584 ‚
471 519 622 591 quod
644 528 727 574 est
745 519 856 575 sibi
883 521 1246 592 propositum.
1305 523 1496 593 Itaque
1517 523 1733 578 sublato

76 595 288 651 libero
313 595 561 650 arbitrio
580 612 655 650 ac·
671 595 937 650 natalitiis
964 603 1161 650 cuncta
1189 596 1545 667 operantibus
1573 596 1733 653 dein-

76 687 233 741 ceps
268 687 387 724 nec
420 670 599 743 gloria
630 669 863 725 debetur
887 670 1082 734 virtuti
1110 687 1291 742 neque
1318 671 1562 727 malitiae
1581 673 1733 727 vitu—

76 745 355 818 perati03
428 761 539 800 non
577 746 914 818 generositas
954 762 1059 800 nec
1095 745 1382 818 integritas
1421 747 1592 802 animi
1627 747 1732 803 ali-

78 819 249 892 quid
272 836 410 875 esse
438 821 655 874 dicetur
668 861 680 885 ,
724 837 897 891 quum
916 819 1136 875 animus
1153 822 1336 877 omnia
1355 830 1480 894 agat
1497 822 1727 878 invitus.

77 894 327 950 Deinde
350 902 450 950 aut
470 895 663 950 inanes
682 894 1022 950 videbuntur
1040 913 1284 951 carceres
1305 896 1584 966 iudicum;
1638 906 1742 952 auo

84 968 431 1026 dicendum
458 971 588 1034 erit,
634 970 785 1041 quod
812 969 1112 1025 tribunalia
1148 971 1354 1027 iniusta
1391 980 1540 1028 sunt.
1619 972 1729 1028 Cur

90 1045 267 1100 enim
282 1083 297 1109 ‚
342 1059 553 1115 quaeso
566 1085 578 1109 ‚
624 1046 895 1104 sententia
914 1046 1105 1100 mortis
1125 1045 1342 1101 dicatur
1360 1047 1418 1101 in
1439 1064 1566 1102 eum
1579 1088 1594 1111 ‚
1625 1047 1727 1118 qui

94 1137 226 1175 non
268 1135 345 1174 ex
384 1135 447 1172 se
487 1118 797 1192 delinquit?
866 1120 937 1174 Et
981 1120 1257 1191 quomodo
1292 1139 1400 1176 non
1427 1139 1726 1194 ‘perperam

99 1195 255 1250 mali
296 1193 543 1248 vinculis
583 1211 645 1248 ac
684 1194 999 1250 carceribus
1043 1205 1422 1260 coerceantur,
1485 1214 1658 1268 quum
1696 1215 1725 1251 a

105 1269 231 1325 fato
247 1308 261 1332 ‚
295 1268 542 1397 pesslimo
560 1270 814 1343 principe
828 1311 841 1335 ,
874 1270 1114 1326 subiecti
1135 1269 1339 1327 fuerint
1359 1271 1600 1328 vinculis
1627 1289 1727 1326 ne-

108 1343 401 1400 cessitatis

240 1439 327 1491 83.
386 1434 545 1503 Quod
582 1437 633 1492 si
670 1436 1084 1510 malefactorum
1123 1438 1392 1494 malitiam
1441 1439 1725 1496 destruere

118 1511 343 1568 iudices
360 1529 458 1584 per
476 1513 727 1568 timorem
746 1521 1004 1583 possunt,
1049 1529 1158 1570 non
1189 1529 1324 1589 ergo
1338 1515 1587 1573 natalitia
1607 1515 1726 1571 sin-

122 1588 279 1661 gulis
294 1588 585 1658 imperant.
664 1589 802 1642 Nam
828 1588 1047 1644 scelesti
1078 1590 1240 1645 veriti
1267 1599 1562 1655 tormenta,
1607 1607 1726 1646 mo-

126 1665 341 1718 destam
360 1679 421 1716 ac
438 1670 684 1734 pacatam
706 1662 920 1735 eligunt
940 1663 1052 1718 sibi
1073 1665 1244 1718 vitam
1259 1706 1271 1729 ‚
1295 1665 1634 1737 trepidantes
1656 1681 1726 1720 ex

127 1745 285 1806 metu
303 1737 487 1791 mortis
509 1738 679 1791 autin
702 1736 915 1793 deserta
934 1738 1051 1793 loca
1075 1735 1149 1812 [*]
1172 1739 1542 1812 demigrantes
1562 1738 1725 1793 ober-

132 1819 284 1875 rant,
324 1809 595 1882 siquidEm
628 1811 832 1867 malum
861 1812 1039 1868 facere
1065 1814 1222 1868 iuxta
1249 1815 1516 1884 impetum
1543 1821 1724 1867 motus

136 1886 343 1962 proprii
374 1885 549 1940 adhuc
570 1886 787 1942 volunt:
849 1906 912 1943 ac
941 1895 1066 1943 utut
1093 1887 1193 1950 sit,
1237 1890 1582 1943 vexationem
1611 1896 1724 1941 tor·-

138 1969 437 2017 mentorum
474 1961 727 2016 timentes
769 1963 914 2018 mala
950 1962 1263 2018 abhorrent.
1367 1962 1532 2016 Datur
1572 1962 1718 2016 enim

141 2041 206 2092 in
244 2037 320 2090 eis
348 2035 576 2106 liberum
606 2037 893 2093 arbitrium
922 2055 987 2093 eo
1017 2035 1363 2100 declinandi,
1405 2052 1516 2107 quo
1537 2052 1722 2100 ,unus-

146 2112 374 2184 quisque
392 2111 540 2166 velit.
618 2111 888 2180 Quoniam
920 2112 1190 2168 libertatis
1211 2119 1404 2166 natura
1427 2110 1495 2167 ad
1513 2112 1716 2176 omnia,

151 2203 288 2259 quae
306 2185 404 2241 sibi
422 2187 637 2258 placent
658 2188 868 2261 agenda
884 2231 897 2255 ,
931 2187 1186 2259 expedita
1207 2194 1308 2241 est.

262 2279 336 2332 84.
379 2279 561 2335 Nonne
589 2289 643 2336 et
669 2281 858 2335 Iudaei
886 2281 1067 2353 legem
1087 2277 1721 2334 circumcisionislibero

161 2353 363 2409 arbitrio
379 2354 681 2428 elegerunt,
706 2371 872 2427 quam
894 2371 1169 2426 nusquam
1187 2355 1448 2410 dimisere
1463 2395 1476 2419 ,
1501 2352 1599 2408 sed
1617 2370 1722 2425 -po-

160 2429 263 2484 tius
281 2444 367 2499 per
380 2431 776 2485 successionem
793 2431 1026 2500 posteris
1046 2431 1166 2484 suis
1185 2430 1487 2502 praebuere
1502 2470 1514 2494 ‚
1558 2429 1634 2492 ita
1659 2436 1721 2484 ut
1803 2501 1805 2504 Α

167 2521 259 2558 nec
282 2504 497 2560 natalitia
518 2521 699 2576 neque
719 2506 1158 2562 constellationes
1176 2505 1454 2576 potuerint
1474 2522 1594 2560 eam
1614 2503 1721 2560 tol-
1765 2531 1770 2536 ·

261 2642 299 2691 a)
324 2644 427 2684 Arm.
451 2648 515 2685 est
540 2647 739 2695 attonitas,
778 2647 851 2686 Gr.
880 2641 1063 2698 ἇξίωμα,
1099 2647 1214 2694 quod
1239 2648 1368 2687 varus
1393 2647 1552 2696 gaudet
1585 2648 1718 2696 sign!-

174 2695 448 2788 ἓὲἕξοῃῗιιιιὲἰι.
472 2697 543 2736 ¹²¹⁰
586 2707 687 2736 πω
732 2701 797 2737 ⁶⁸¹²
839 2701 913 2737 “¹²¹²
954 2698 1178 2738 “mmmm
1223 2702 1298 2739 ⁸¹¹⁸
1340 2699 1568 2739 mundatio
1612 2699 1717 2739 curs·-
