<?xml version="1.0" encoding="UTF-8"?>
<!DOCTYPE html PUBLIC "-//W3C//DTD XHTML 1.0 Transitional//EN"
    "http://www.w3.org/TR/xhtml1/DTD/xhtml1-transitional.dtd">
<html xmlns="http://www.w3.org/1999/xhtml" xml:lang="en" lang="en">
 <head>
  <title>
</title>
<meta http-equiv="Content-Type" content="text/html;charset=utf-8" />
  <meta name='ocr-system' content='tesseract 3.04.00' />
  <meta name='ocr-capabilities' content='ocr_page ocr_carea ocr_par ocr_line ocrx_word'/>
</head>
<body>
  <div class='ocr_page' id='page_1' title='image "./philonisiudaeio00alejgoog_0145.png"; bbox 0 0 2125 3084; ppageno 0'>
   <div class='ocr_carea' id='block_1_1' title="bbox 383 4 2097 244">
    <p class='ocr_par' dir='ltr' id='par_1_1' title="bbox 383 4 2097 244">
     <span class='ocr_line' id='line_1_1' title="bbox 383 4 2097 244; baseline -0.006 -9"><span class='ocrx_word' id='word_1_1' title='bbox 383 184 476 237; x_wconf 76' lang='lat'><strong>⁴28</strong></span> <span class='ocrx_word' id='word_1_2' title='bbox 624 186 828 231; x_wconf 88' lang='lat' dir='ltr'>PHIL.</span> <span class='ocrx_word' id='word_1_3' title='bbox 869 185 1017 230; x_wconf 89' lang='lat' dir='ltr'>IUD.</span> <span class='ocrx_word' id='word_1_4' title='bbox 1061 183 1386 240; x_wconf 71' lang='lat' dir='ltr'><strong>QUAEST.</strong></span> <span class='ocrx_word' id='word_1_5' title='bbox 1424 182 1523 225; x_wconf 89' lang='lat' dir='ltr'><strong>ET</strong></span> <span class='ocrx_word' id='word_1_6' title='bbox 1564 182 1717 225; x_wconf 85' lang='lat' dir='ltr'>SOL.</span> <span class='ocrx_word' id='word_1_7' title='bbox 1760 176 1987 244; x_wconf 80' lang='lat' dir='ltr'><strong>[11,312.j</strong></span> <span class='ocrx_word' id='word_1_8' title='bbox 2094 4 2097 211; x_wconf 58' lang='lat' dir='ltr'><strong>l</strong></span> 
     </span>
    </p>
   </div>
   <div class='ocr_carea' id='block_1_2' title="bbox 382 362 1991 630">
    <p class='ocr_par' dir='ltr' id='par_1_2' title="bbox 382 362 1991 630">
     <span class='ocr_line' id='line_1_2' title="bbox 382 362 1990 429; baseline -0.004 -10"><span class='ocrx_word' id='word_1_9' title='bbox 382 368 478 419; x_wconf 80' lang='lat' dir='ltr'><strong>Cur</strong></span> <span class='ocrx_word' id='word_1_10' title='bbox 517 383 617 416; x_wconf 82' lang='lat' dir='ltr'><strong>eum</strong></span> <span class='ocrx_word' id='word_1_11' title='bbox 654 366 847 415; x_wconf 76' lang='lat' dir='ltr'><strong>adiurat</strong></span> <span class='ocrx_word' id='word_1_12' title='bbox 883 402 916 429; x_wconf 89' lang='lat'>„</span> <span class='ocrx_word' id='word_1_13' title='bbox 927 381 1016 429; x_wconf 83' lang='lat' dir='ltr'><strong>per</strong></span> <span class='ocrx_word' id='word_1_14' title='bbox 1050 364 1230 415; x_wconf 80' lang='lat' dir='ltr'><strong>caelum</strong></span> <span class='ocrx_word' id='word_1_15' title='bbox 1244 365 1293 427; x_wconf 81' lang='lat'><strong>“,</strong></span> <span class='ocrx_word' id='word_1_16' title='bbox 1334 362 1514 426; x_wconf 79' lang='lat' dir='ltr'><em>duplici</em></span> <span class='ocrx_word' id='word_1_17' title='bbox 1546 362 1793 411; x_wconf 79' lang='lat' dir='ltr'><strong>vocatione</strong></span> <span class='ocrx_word' id='word_1_18' title='bbox 1820 380 1990 426; x_wconf 81' lang='lat' dir='ltr'><strong>super-</strong></span> 
     </span>
     <span class='ocr_line' id='line_1_3' title="bbox 513 430 1991 497; baseline -0.001 -16"><span class='ocrx_word' id='word_1_19' title='bbox 513 433 704 496; x_wconf 79' lang='lat' dir='ltr'><strong>addita,</strong></span> <span class='ocrx_word' id='word_1_20' title='bbox 774 442 868 496; x_wconf 84' lang='lat' dir='ltr'><strong>„et</strong></span> <span class='ocrx_word' id='word_1_21' title='bbox 911 449 1004 497; x_wconf 86' lang='lat' dir='ltr'><strong>per</strong></span> <span class='ocrx_word' id='word_1_22' title='bbox 1059 434 1307 493; x_wconf 80' lang='lat' dir='ltr'><strong>terram“,</strong></span> <span class='ocrx_word' id='word_1_23' title='bbox 1373 430 1529 479; x_wconf 79' lang='lat' dir='ltr'><strong>altera</strong></span> <span class='ocrx_word' id='word_1_24' title='bbox 1583 430 1783 493; x_wconf 69' lang='lat' dir='ltr'><strong>(soh)?</strong></span> <span class='ocrx_word' id='word_1_25' title='bbox 1866 430 1991 479; x_wconf 81' lang='lat' dir='ltr'><strong>dicit</strong></span> 
     </span>
     <span class='ocr_line' id='line_1_4' title="bbox 515 496 1991 563; baseline -0.002 -13"><span class='ocrx_word' id='word_1_26' title='bbox 515 502 662 550; x_wconf 81' lang='lat' dir='ltr'><strong>enim.-</strong></span> <span class='ocrx_word' id='word_1_27' title='bbox 746 498 981 563; x_wconf 80' lang='lat' dir='ltr'><strong>„Adiuro</strong></span> <span class='ocrx_word' id='word_1_28' title='bbox 1043 508 1089 548; x_wconf 83' lang='lat' dir='ltr'><strong>te</strong></span> <span class='ocrx_word' id='word_1_29' title='bbox 1134 514 1229 563; x_wconf 85' lang='lat' dir='ltr'><strong>per</strong></span> <span class='ocrx_word' id='word_1_30' title='bbox 1283 497 1515 547; x_wconf 79' lang='lat' dir='ltr'><strong>dominum</strong></span> <span class='ocrx_word' id='word_1_31' title='bbox 1572 496 1707 546; x_wconf 83' lang='lat' dir='ltr'><strong>deum</strong></span> <span class='ocrx_word' id='word_1_32' title='bbox 1761 496 1887 545; x_wconf 82' lang='lat' dir='ltr'><strong>caeli</strong></span> <span class='ocrx_word' id='word_1_33' title='bbox 1943 508 1991 547; x_wconf 83' lang='lat' dir='ltr'><strong>et</strong></span> 
     </span>
     <span class='ocr_line' id='line_1_5' title="bbox 517 564 1165 630; baseline -0.008 -12"><span class='ocrx_word' id='word_1_34' title='bbox 517 568 652 617; x_wconf 75' lang='lat' dir='ltr'><strong>deum</strong></span> <span class='ocrx_word' id='word_1_35' title='bbox 689 569 914 617; x_wconf 78' lang='lat' dir='ltr'><strong>terrae.“</strong></span> <span class='ocrx_word' id='word_1_36' title='bbox 951 572 1058 630; x_wconf 78' lang='lat'>(24,</span> <span class='ocrx_word' id='word_1_37' title='bbox 1090 564 1165 629; x_wconf 79' lang='lat'><strong>3.)</strong></span> 
     </span>
    </p>
   </div>
   <div class='ocr_carea' id='block_1_3' title="bbox 2088 248 2097 564">
    <p class='ocr_par' dir='ltr' id='par_1_3' title="bbox 2088 248 2097 564">
     <span class='ocr_line' id='line_1_6' title="bbox 2088 248 2097 564; baseline 0 2520"><span class='ocrx_word' id='word_1_38' title='bbox 2088 248 2097 564; x_wconf 95' lang='lat' dir='ltr'><strong> </strong></span> 
     </span>
    </p>
   </div>
   <div class='ocr_carea' id='block_1_4' title="bbox 379 682 1990 2771">
    <p class='ocr_par' dir='ltr' id='par_1_4' title="bbox 379 682 1990 2771">
     <span class='ocr_line' id='line_1_7' title="bbox 490 682 1987 755; baseline -0.004 -14"><span class='ocrx_word' id='word_1_39' title='bbox 490 686 576 741; x_wconf 77' lang='lat'><strong>87.</strong></span> <span class='ocrx_word' id='word_1_40' title='bbox 617 684 812 741; x_wconf 81' lang='lat' dir='ltr'>Mundi</span> <span class='ocrx_word' id='word_1_41' title='bbox 833 683 1075 755; x_wconf 88' lang='lat' dir='ltr'><strong>partium</strong></span> <span class='ocrx_word' id='word_1_42' title='bbox 1104 683 1312 753; x_wconf 85' lang='lat' dir='ltr'><strong>optima</strong></span> <span class='ocrx_word' id='word_1_43' title='bbox 1341 691 1425 737; x_wconf 83' lang='lat' dir='ltr'><strong>est</strong></span> <span class='ocrx_word' id='word_1_44' title='bbox 1453 682 1668 737; x_wconf 85' lang='lat' dir='ltr'><strong>caelum</strong></span> <span class='ocrx_word' id='word_1_45' title='bbox 1684 721 1697 746; x_wconf 91' lang='lat'>,</span> <span class='ocrx_word' id='word_1_46' title='bbox 1740 697 1987 753; x_wconf 78' lang='lat' dir='ltr'><strong>quapro-</strong></span> 
     </span>
     <span class='ocr_line' id='line_1_8' title="bbox 379 757 1984 834; baseline -0.004 -17"><span class='ocrx_word' id='word_1_47' title='bbox 379 771 501 834; x_wconf 88' lang='lat' dir='ltr'><strong>pter</strong></span> <span class='ocrx_word' id='word_1_48' title='bbox 530 762 870 832; x_wconf 83' lang='lat' dir='ltr'><strong>superiorem</strong></span> <span class='ocrx_word' id='word_1_49' title='bbox 899 765 1113 829; x_wconf 82' lang='lat' dir='ltr'><strong>partem</strong></span> <span class='ocrx_word' id='word_1_50' title='bbox 1140 758 1394 812; x_wconf 86' lang='lat' dir='ltr'><strong>sortitum</strong></span> <span class='ocrx_word' id='word_1_51' title='bbox 1422 765 1533 820; x_wconf 88' lang='lat' dir='ltr'><strong>est,</strong></span> <span class='ocrx_word' id='word_1_52' title='bbox 1582 773 1658 811; x_wconf 75' lang='lat' dir='ltr'><strong>ex</strong></span> <span class='ocrx_word' id='word_1_53' title='bbox 1679 757 1984 826; x_wconf 82' lang='lat' dir='ltr'><strong>purissima</strong></span> 
     </span>
     <span class='ocr_line' id='line_1_9' title="bbox 381 832 1985 903; baseline -0.004 -12"><span class='ocrx_word' id='word_1_54' title='bbox 381 845 634 891; x_wconf 77' lang='lat' dir='ltr'><strong>constans</strong></span> <span class='ocrx_word' id='word_1_55' title='bbox 657 834 894 889; x_wconf 78' lang='lat' dir='ltr'><strong>essentia</strong></span> <span class='ocrx_word' id='word_1_56' title='bbox 909 874 922 898; x_wconf 87' lang='lat'>,</span> <span class='ocrx_word' id='word_1_57' title='bbox 947 832 1124 887; x_wconf 79' lang='lat' dir='ltr'><strong>stellis</strong></span> <span class='ocrx_word' id='word_1_58' title='bbox 1143 832 1309 903; x_wconf 82' lang='lat' dir='ltr'><strong>plena</strong></span> <span class='ocrx_word' id='word_1_59' title='bbox 1323 873 1336 896; x_wconf 88' lang='lat'>‚</span> <span class='ocrx_word' id='word_1_60' title='bbox 1358 847 1594 902; x_wconf 87' lang='lat' dir='ltr'><strong>quarum</strong></span> <span class='ocrx_word' id='word_1_61' title='bbox 1614 847 1985 902; x_wconf 79' lang='lat' dir='ltr'><strong>unaquaeque</strong></span> 
     </span>
     <span class='ocr_line' id='line_1_10' title="bbox 381 905 1979 981; baseline -0.003 -17"><span class='ocrx_word' id='word_1_62' title='bbox 381 918 464 965; x_wconf 90' lang='lat' dir='ltr'><strong>est</strong></span> <span class='ocrx_word' id='word_1_63' title='bbox 501 911 686 981; x_wconf 80' lang='lat' dir='ltr'><strong>imago</strong></span> <span class='ocrx_word' id='word_1_64' title='bbox 721 925 854 980; x_wconf 88' lang='lat' dir='ltr'><strong>prae</strong></span> <span class='ocrx_word' id='word_1_65' title='bbox 883 924 944 963; x_wconf 88' lang='lat' dir='ltr'><strong>se</strong></span> <span class='ocrx_word' id='word_1_66' title='bbox 976 906 1157 961; x_wconf 80' lang='lat' dir='ltr'><strong>ferens</strong></span> <span class='ocrx_word' id='word_1_67' title='bbox 1188 906 1439 962; x_wconf 85' lang='lat' dir='ltr'><strong>divinam</strong></span> <span class='ocrx_word' id='word_1_68' title='bbox 1465 905 1721 969; x_wconf 77' lang='lat' dir='ltr'><strong>formam3</strong></span> <span class='ocrx_word' id='word_1_69' title='bbox 1784 906 1979 960; x_wconf 74' lang='lat' dir='ltr'><strong>ultima</strong></span> 
     </span>
     <span class='ocr_line' id='line_1_11' title="bbox 379 979 1981 1055; baseline -0.004 -15"><span class='ocrx_word' id='word_1_70' title='bbox 379 1000 512 1040; x_wconf 86' lang='lat' dir='ltr'><strong>vero</strong></span> <span class='ocrx_word' id='word_1_71' title='bbox 539 992 708 1048; x_wconf 84' lang='lat' dir='ltr'><strong>terra,</strong></span> <span class='ocrx_word' id='word_1_72' title='bbox 750 1000 892 1055; x_wconf 80' lang='lat' dir='ltr'><strong>quae</strong></span> <span class='ocrx_word' id='word_1_73' title='bbox 919 980 1229 1037; x_wconf 85' lang='lat' dir='ltr'><strong>secundum</strong></span> <span class='ocrx_word' id='word_1_74' title='bbox 1258 998 1483 1037; x_wconf 83' lang='lat' dir='ltr'><strong>causam</strong></span> <span class='ocrx_word' id='word_1_75' title='bbox 1512 979 1578 1052; x_wconf 83' lang='lat' dir='ltr'><strong>(s.</strong></span> <span class='ocrx_word' id='word_1_76' title='bbox 1609 980 1899 1052; x_wconf 80' lang='lat' dir='ltr'><strong>rationem)</strong></span> <span class='ocrx_word' id='word_1_77' title='bbox 1928 988 1981 1034; x_wconf 88' lang='lat' dir='ltr'><strong>et</strong></span> 
     </span>
     <span class='ocr_line' id='line_1_12' title="bbox 379 1055 1985 1127; baseline -0.003 -13"><span class='ocrx_word' id='word_1_78' title='bbox 379 1059 635 1115; x_wconf 84' lang='lat' dir='ltr'><strong>infimum</strong></span> <span class='ocrx_word' id='word_1_79' title='bbox 663 1060 852 1113; x_wconf 81' lang='lat' dir='ltr'><strong>sortita</strong></span> <span class='ocrx_word' id='word_1_80' title='bbox 881 1064 964 1113; x_wconf 79' lang='lat' dir='ltr'><strong>est</strong></span> <span class='ocrx_word' id='word_1_81' title='bbox 991 1057 1173 1111; x_wconf 82' lang='lat' dir='ltr'><strong>locum</strong></span> <span class='ocrx_word' id='word_1_82' title='bbox 1188 1097 1203 1120; x_wconf 89' lang='lat'>,</span> <span class='ocrx_word' id='word_1_83' title='bbox 1247 1073 1313 1111; x_wconf 89' lang='lat' dir='ltr'><strong>eo</strong></span> <span class='ocrx_word' id='word_1_84' title='bbox 1338 1056 1489 1127; x_wconf 87' lang='lat' dir='ltr'><strong>quod</strong></span> <span class='ocrx_word' id='word_1_85' title='bbox 1516 1055 1767 1111; x_wconf 85' lang='lat' dir='ltr'><strong>mortalia</strong></span> <span class='ocrx_word' id='word_1_86' title='bbox 1787 1063 1841 1109; x_wconf 89' lang='lat' dir='ltr'><strong>et</strong></span> <span class='ocrx_word' id='word_1_87' title='bbox 1862 1072 1985 1109; x_wconf 87' lang='lat' dir='ltr'><strong>cor-</strong></span> 
     </span>
     <span class='ocr_line' id='line_1_13' title="bbox 380 1131 1983 1206; baseline -0.004 -17"><span class='ocrx_word' id='word_1_88' title='bbox 380 1134 670 1206; x_wconf 84' lang='lat' dir='ltr'><strong>ruptibilia</strong></span> <span class='ocrx_word' id='word_1_89' title='bbox 707 1134 830 1193; x_wconf 67' lang='lat' dir='ltr'><strong>sint,</strong></span> <span class='ocrx_word' id='word_1_90' title='bbox 847 1131 1109 1187; x_wconf 79' lang='lat' dir='ltr'><strong>animalia</strong></span> <span class='ocrx_word' id='word_1_91' title='bbox 1136 1148 1247 1185; x_wconf 81' lang='lat' dir='ltr'><strong>una</strong></span> <span class='ocrx_word' id='word_1_92' title='bbox 1276 1148 1403 1185; x_wconf 82' lang='lat' dir='ltr'><strong>cum</strong></span> <span class='ocrx_word' id='word_1_93' title='bbox 1433 1131 1638 1202; x_wconf 83' lang='lat' dir='ltr'><strong>plantis</strong></span> <span class='ocrx_word' id='word_1_94' title='bbox 1670 1132 1727 1186; x_wconf 90' lang='lat' dir='ltr'><strong>in</strong></span> <span class='ocrx_word' id='word_1_95' title='bbox 1758 1146 1819 1185; x_wconf 86' lang='lat' dir='ltr'><strong>se</strong></span> <span class='ocrx_word' id='word_1_96' title='bbox 1849 1147 1983 1185; x_wconf 79' lang='lat' dir='ltr'><strong>con-</strong></span> 
     </span>
     <span class='ocr_line' id='line_1_14' title="bbox 381 1205 1985 1277; baseline -0.003 -13"><span class='ocrx_word' id='word_1_97' title='bbox 381 1210 556 1264; x_wconf 88' lang='lat' dir='ltr'><strong>clusa.</strong></span> <span class='ocrx_word' id='word_1_98' title='bbox 632 1210 758 1265; x_wconf 82' lang='lat' dir='ltr'><strong>Iure</strong></span> <span class='ocrx_word' id='word_1_99' title='bbox 777 1210 964 1277; x_wconf 85' lang='lat' dir='ltr'><strong>itaque</strong></span> <span class='ocrx_word' id='word_1_100' title='bbox 985 1206 1201 1263; x_wconf 84' lang='lat' dir='ltr'><strong>meliori</strong></span> <span class='ocrx_word' id='word_1_101' title='bbox 1223 1205 1378 1261; x_wconf 83' lang='lat' dir='ltr'><strong>dedit</strong></span> <span class='ocrx_word' id='word_1_102' title='bbox 1396 1205 1763 1277; x_wconf 78' lang='lat' dir='ltr'><strong>principalem</strong></span> <span class='ocrx_word' id='word_1_103' title='bbox 1792 1205 1985 1277; x_wconf 81' lang='lat' dir='ltr'><strong>digni-</strong></span> 
     </span>
     <span class='ocr_line' id='line_1_15' title="bbox 381 1280 1983 1353; baseline -0.003 -14"><span class='ocrx_word' id='word_1_104' title='bbox 381 1292 547 1339; x_wconf 92' lang='lat' dir='ltr'><strong>tatem</strong></span> <span class='ocrx_word' id='word_1_105' title='bbox 569 1300 631 1337; x_wconf 91' lang='lat' dir='ltr'><strong>ac</strong></span> <span class='ocrx_word' id='word_1_106' title='bbox 651 1283 1089 1353; x_wconf 84' lang='lat' dir='ltr'><strong>praerogativam</strong></span> <span class='ocrx_word' id='word_1_107' title='bbox 1103 1322 1115 1345; x_wconf 91' lang='lat'>,</span> <span class='ocrx_word' id='word_1_108' title='bbox 1156 1280 1375 1336; x_wconf 90' lang='lat' dir='ltr'><strong>duabus</strong></span> <span class='ocrx_word' id='word_1_109' title='bbox 1398 1280 1865 1351; x_wconf 75' lang='lat' dir='ltr'><strong>appellationibus</strong></span> <span class='ocrx_word' id='word_1_110' title='bbox 1886 1297 1983 1335; x_wconf 91' lang='lat' dir='ltr'><strong>su—</strong></span> 
     </span>
     <span class='ocr_line' id='line_1_16' title="bbox 383 1354 1985 1430; baseline -0.001 -19"><span class='ocrx_word' id='word_1_111' title='bbox 383 1375 481 1427; x_wconf 90' lang='lat' dir='ltr'><strong>pra</strong></span> <span class='ocrx_word' id='word_1_112' title='bbox 511 1358 719 1413; x_wconf 81' lang='lat' dir='ltr'><strong>vocatis</strong></span> <span class='ocrx_word' id='word_1_113' title='bbox 744 1354 818 1430; x_wconf 83' lang='lat'><strong>[*]</strong></span> <span class='ocrx_word' id='word_1_114' title='bbox 846 1357 1114 1411; x_wconf 86' lang='lat' dir='ltr'><strong>virtutum</strong></span> <span class='ocrx_word' id='word_1_115' title='bbox 1141 1357 1341 1427; x_wconf 84' lang='lat' dir='ltr'><strong>patris,</strong></span> <span class='ocrx_word' id='word_1_116' title='bbox 1384 1356 1655 1411; x_wconf 89' lang='lat' dir='ltr'><strong>creativae</strong></span> <span class='ocrx_word' id='word_1_117' title='bbox 1684 1356 1903 1411; x_wconf 82' lang='lat' dir='ltr'><strong>scilicet</strong></span> <span class='ocrx_word' id='word_1_118' title='bbox 1919 1364 1985 1410; x_wconf 71' lang='lat' dir='ltr'><strong>et</strong></span> 
     </span>
     <span class='ocr_line' id='line_1_17' title="bbox 383 1428 1985 1501; baseline 0 -16"><span class='ocrx_word' id='word_1_119' title='bbox 383 1432 587 1501; x_wconf 83' lang='lat' dir='ltr'><strong>regiae.</strong></span> <span class='ocrx_word' id='word_1_120' title='bbox 666 1428 752 1483; x_wconf 83' lang='lat' dir='ltr'><strong>Ab</strong></span> <span class='ocrx_word' id='word_1_121' title='bbox 791 1430 993 1501; x_wconf 84' lang='lat' dir='ltr'><strong>exiguo</strong></span> <span class='ocrx_word' id='word_1_122' title='bbox 1021 1447 1153 1485; x_wconf 87' lang='lat' dir='ltr'><strong>vero</strong></span> <span class='ocrx_word' id='word_1_123' title='bbox 1180 1428 1409 1485; x_wconf 88' lang='lat' dir='ltr'><strong>abstulit</strong></span> <span class='ocrx_word' id='word_1_124' title='bbox 1436 1447 1604 1485; x_wconf 89' lang='lat' dir='ltr'><strong>unam</strong></span> <span class='ocrx_word' id='word_1_125' title='bbox 1632 1428 1785 1493; x_wconf 86' lang='lat' dir='ltr'><strong>ideo,</strong></span> <span class='ocrx_word' id='word_1_126' title='bbox 1828 1430 1985 1501; x_wconf 88' lang='lat' dir='ltr'><strong>quod</strong></span> 
     </span>
     <span class='ocr_line' id='line_1_18' title="bbox 383 1503 1987 1577; baseline 0 -18"><span class='ocrx_word' id='word_1_127' title='bbox 383 1503 599 1559; x_wconf 90' lang='lat' dir='ltr'><strong>caelum</strong></span> <span class='ocrx_word' id='word_1_128' title='bbox 619 1513 672 1558; x_wconf 88' lang='lat' dir='ltr'><strong>et</strong></span> <span class='ocrx_word' id='word_1_129' title='bbox 690 1504 902 1558; x_wconf 84' lang='lat' dir='ltr'><strong>similes</strong></span> <span class='ocrx_word' id='word_1_130' title='bbox 925 1505 976 1558; x_wconf 91' lang='lat' dir='ltr'><strong>ei</strong></span> <span class='ocrx_word' id='word_1_131' title='bbox 997 1512 1223 1559; x_wconf 88' lang='lat' dir='ltr'><strong>naturae</strong></span> <span class='ocrx_word' id='word_1_132' title='bbox 1244 1505 1688 1559; x_wconf 81' lang='lat' dir='ltr'><strong>immutabilitate</strong></span> <span class='ocrx_word' id='word_1_133' title='bbox 1712 1513 1987 1577; x_wconf 89' lang='lat' dir='ltr'><strong>perpetua</strong></span> 
     </span>
     <span class='ocr_line' id='line_1_19' title="bbox 381 1578 1987 1651; baseline 0.001 -18"><span class='ocrx_word' id='word_1_134' title='bbox 381 1578 686 1651; x_wconf 84' lang='lat' dir='ltr'><strong>gaudentes</strong></span> <span class='ocrx_word' id='word_1_135' title='bbox 721 1595 1004 1650; x_wconf 90' lang='lat' dir='ltr'><strong>nunquam</strong></span> <span class='ocrx_word' id='word_1_136' title='bbox 1033 1580 1302 1635; x_wconf 87' lang='lat' dir='ltr'><strong>satiantur</strong></span> <span class='ocrx_word' id='word_1_137' title='bbox 1330 1580 1419 1635; x_wconf 86' lang='lat' dir='ltr'><strong>vel</strong></span> <span class='ocrx_word' id='word_1_138' title='bbox 1450 1580 1713 1634; x_wconf 83' lang='lat' dir='ltr'><strong>deficiunt</strong></span> <span class='ocrx_word' id='word_1_139' title='bbox 1743 1597 1772 1633; x_wconf 89' lang='lat' dir='ltr'><strong>a</strong></span> <span class='ocrx_word' id='word_1_140' title='bbox 1802 1581 1987 1635; x_wconf 88' lang='lat' dir='ltr'><strong>servi-</strong></span> 
     </span>
     <span class='ocr_line' id='line_1_20' title="bbox 381 1654 1990 1727; baseline 0.001 -19"><span class='ocrx_word' id='word_1_141' title='bbox 381 1662 496 1709; x_wconf 85' lang='lat' dir='ltr'><strong>tute</strong></span> <span class='ocrx_word' id='word_1_142' title='bbox 517 1654 716 1727; x_wconf 86' lang='lat' dir='ltr'><strong>patris‚</strong></span> <span class='ocrx_word' id='word_1_143' title='bbox 750 1662 1028 1725; x_wconf 83' lang='lat' dir='ltr'><strong>tamquam</strong></span> <span class='ocrx_word' id='word_1_144' title='bbox 1050 1662 1349 1709; x_wconf 83' lang='lat' dir='ltr'><strong>creatorem</strong></span> <span class='ocrx_word' id='word_1_145' title='bbox 1375 1656 1613 1710; x_wconf 87' lang='lat' dir='ltr'><strong>colentes</strong></span> <span class='ocrx_word' id='word_1_146' title='bbox 1643 1654 1837 1719; x_wconf 84' lang='lat' dir='ltr'><strong>deum,</strong></span> <span class='ocrx_word' id='word_1_147' title='bbox 1883 1655 1990 1725; x_wconf 90' lang='lat' dir='ltr'><strong>qui</strong></span> 
     </span>
     <span class='ocr_line' id='line_1_21' title="bbox 381 1727 1985 1803; baseline 0 -19"><span class='ocrx_word' id='word_1_148' title='bbox 381 1727 514 1785; x_wconf 81' lang='lat' dir='ltr'><strong>fecit</strong></span> <span class='ocrx_word' id='word_1_149' title='bbox 534 1728 898 1803; x_wconf 82' lang='lat' dir='ltr'><strong>fundavitque</strong></span> <span class='ocrx_word' id='word_1_150' title='bbox 918 1730 1129 1794; x_wconf 89' lang='lat' dir='ltr'><strong>omnia,</strong></span> <span class='ocrx_word' id='word_1_151' title='bbox 1163 1738 1326 1802; x_wconf 85' lang='lat' dir='ltr'><strong>atque</strong></span> <span class='ocrx_word' id='word_1_152' title='bbox 1346 1730 1491 1785; x_wconf 85' lang='lat' dir='ltr'><strong>sicut</strong></span> <span class='ocrx_word' id='word_1_153' title='bbox 1510 1729 1628 1802; x_wconf 83' lang='lat' dir='ltr'><strong>regi</strong></span> <span class='ocrx_word' id='word_1_154' title='bbox 1648 1728 1985 1801; x_wconf 89' lang='lat' dir='ltr'><strong>obsequium</strong></span> 
     </span>
     <span class='ocr_line' id='line_1_22' title="bbox 379 1804 1985 1878; baseline -0.001 -19"><span class='ocrx_word' id='word_1_155' title='bbox 379 1812 738 1878; x_wconf 79' lang='lat' dir='ltr'><strong>praestantes,</strong></span> <span class='ocrx_word' id='word_1_156' title='bbox 817 1807 927 1861; x_wconf 87' lang='lat' dir='ltr'><strong>Nos</strong></span> <span class='ocrx_word' id='word_1_157' title='bbox 954 1812 1164 1869; x_wconf 87' lang='lat' dir='ltr'><strong>autem,</strong></span> <span class='ocrx_word' id='word_1_158' title='bbox 1205 1804 1513 1877; x_wconf 84' lang='lat' dir='ltr'><strong>terrigenae</strong></span> <span class='ocrx_word' id='word_1_159' title='bbox 1551 1813 1606 1860; x_wconf 92' lang='lat' dir='ltr'><strong>et</strong></span> <span class='ocrx_word' id='word_1_160' title='bbox 1644 1805 1985 1876; x_wconf 82' lang='lat' dir='ltr'><strong>corruptioni</strong></span> 
     </span>
     <span class='ocr_line' id='line_1_23' title="bbox 381 1880 1984 1952; baseline -0.001 -17"><span class='ocrx_word' id='word_1_161' title='bbox 381 1880 620 1936; x_wconf 85' lang='lat' dir='ltr'><strong>obnoxia</strong></span> <span class='ocrx_word' id='word_1_162' title='bbox 660 1880 945 1947; x_wconf 84' lang='lat' dir='ltr'><strong>animalia,</strong></span> <span class='ocrx_word' id='word_1_163' title='bbox 1014 1894 1352 1952; x_wconf 87' lang='lat' dir='ltr'><strong>quamquam</strong></span> <span class='ocrx_word' id='word_1_164' title='bbox 1392 1896 1730 1951; x_wconf 88' lang='lat' dir='ltr'><strong>nequeamus</strong></span> <span class='ocrx_word' id='word_1_165' title='bbox 1779 1896 1984 1951; x_wconf 84' lang='lat' dir='ltr'><strong>negare</strong></span> 
     </span>
     <span class='ocr_line' id='line_1_24' title="bbox 381 1954 1979 2028; baseline -0.001 -19"><span class='ocrx_word' id='word_1_166' title='bbox 381 1955 549 2010; x_wconf 91' lang='lat' dir='ltr'><strong>deum</strong></span> <span class='ocrx_word' id='word_1_167' title='bbox 568 1986 643 1997; x_wconf 92' lang='lat'>-</span> <span class='ocrx_word' id='word_1_168' title='bbox 662 1958 761 2028; x_wconf 89' lang='lat' dir='ltr'><strong>qui</strong></span> <span class='ocrx_word' id='word_1_169' title='bbox 791 1957 940 2010; x_wconf 89' lang='lat' dir='ltr'><strong>enim</strong></span> <span class='ocrx_word' id='word_1_170' title='bbox 967 1956 1125 2011; x_wconf 83' lang='lat' dir='ltr'><strong>venit</strong></span> <span class='ocrx_word' id='word_1_171' title='bbox 1152 1954 1209 2008; x_wconf 89' lang='lat' dir='ltr'><strong>in</strong></span> <span class='ocrx_word' id='word_1_172' title='bbox 1236 1956 1643 2027; x_wconf 81' lang='lat' dir='ltr'><strong>generationem</strong></span> <span class='ocrx_word' id='word_1_173' title='bbox 1665 1954 1979 2017; x_wconf 79' lang='lat' dir='ltr'><strong>creationiS,</strong></span> 
     </span>
     <span class='ocr_line' id='line_1_25' title="bbox 382 2028 1985 2101; baseline 0.001 -20"><span class='ocrx_word' id='word_1_174' title='bbox 382 2030 692 2082; x_wconf 85' lang='lat' dir='ltr'><strong>necessario</strong></span> <span class='ocrx_word' id='word_1_175' title='bbox 712 2030 1046 2101; x_wconf 85' lang='lat' dir='ltr'><strong>imaginatur</strong></span> <span class='ocrx_word' id='word_1_176' title='bbox 1067 2044 1291 2083; x_wconf 88' lang='lat' dir='ltr'><strong>causam</strong></span> <span class='ocrx_word' id='word_1_177' title='bbox 1312 2028 1636 2085; x_wconf 84' lang='lat' dir='ltr'><strong>effectricem</strong></span> <span class='ocrx_word' id='word_1_178' title='bbox 1648 2060 1740 2093; x_wconf 90' lang='lat'><strong>—,</strong></span> <span class='ocrx_word' id='word_1_179' title='bbox 1755 2046 1985 2084; x_wconf 87' lang='lat' dir='ltr'><strong>verum-</strong></span> 
     </span>
     <span class='ocr_line' id='line_1_26' title="bbox 381 2102 1984 2175; baseline 0.001 -21"><span class='ocrx_word' id='word_1_180' title='bbox 381 2110 564 2155; x_wconf 89' lang='lat' dir='ltr'><strong>tamen</strong></span> <span class='ocrx_word' id='word_1_181' title='bbox 594 2118 826 2171; x_wconf 81' lang='lat' dir='ltr'><strong>regnum</strong></span> <span class='ocrx_word' id='word_1_182' title='bbox 856 2118 1020 2158; x_wconf 90' lang='lat' dir='ltr'><strong>suum</strong></span> <span class='ocrx_word' id='word_1_183' title='bbox 1051 2120 1117 2157; x_wconf 90' lang='lat' dir='ltr'><strong>ac</strong></span> <span class='ocrx_word' id='word_1_184' title='bbox 1138 2104 1569 2175; x_wconf 88' lang='lat' dir='ltr'><strong>praesidentiam</strong></span> <span class='ocrx_word' id='word_1_185' title='bbox 1609 2104 1728 2158; x_wconf 87' lang='lat' dir='ltr'><strong>veri</strong></span> <span class='ocrx_word' id='word_1_186' title='bbox 1769 2102 1984 2158; x_wconf 89' lang='lat' dir='ltr'><strong>domini</strong></span> 
     </span>
     <span class='ocr_line' id='line_1_27' title="bbox 385 2172 1984 2252; baseline 0.003 -25"><span class='ocrx_word' id='word_1_187' title='bbox 385 2190 492 2228; x_wconf 90' lang='lat' dir='ltr'><strong>non</strong></span> <span class='ocrx_word' id='word_1_188' title='bbox 531 2172 878 2243; x_wconf 81' lang='lat' dir='ltr'><strong>profitemur,</strong></span> <span class='ocrx_word' id='word_1_189' title='bbox 923 2177 1154 2247; x_wconf 88' lang='lat' dir='ltr'><strong>quidam</strong></span> <span class='ocrx_word' id='word_1_190' title='bbox 1192 2177 1262 2233; x_wconf 90' lang='lat' dir='ltr'><strong>ob</strong></span> <span class='ocrx_word' id='word_1_191' title='bbox 1294 2180 1659 2252; x_wconf 86' lang='lat' dir='ltr'><strong>impietatem,</strong></span> <span class='ocrx_word' id='word_1_192' title='bbox 1706 2176 1882 2249; x_wconf 89' lang='lat' dir='ltr'><strong>aliqui</strong></span> <span class='ocrx_word' id='word_1_193' title='bbox 1913 2178 1984 2232; x_wconf 90' lang='lat' dir='ltr'><strong>ob</strong></span> 
     </span>
     <span class='ocr_line' id='line_1_28' title="bbox 381 2248 1985 2325; baseline 0.003 -24"><span class='ocrx_word' id='word_1_194' title='bbox 381 2248 690 2320; x_wconf 82' lang='lat' dir='ltr'><strong>malignum</strong></span> <span class='ocrx_word' id='word_1_195' title='bbox 729 2248 1012 2319; x_wconf 87' lang='lat' dir='ltr'><strong>sophisma</strong></span> <span class='ocrx_word' id='word_1_196' title='bbox 1054 2254 1451 2325; x_wconf 80' lang='lat' dir='ltr'><strong>excogitatum:</strong></span> <span class='ocrx_word' id='word_1_197' title='bbox 1514 2251 1985 2324; x_wconf 88' lang='lat' dir='ltr'><strong>quemadmodum</strong></span> 
     </span>
     <span class='ocr_line' id='line_1_29' title="bbox 381 2322 1984 2399; baseline 0.002 -22"><span class='ocrx_word' id='word_1_198' title='bbox 381 2340 552 2394; x_wconf 84' lang='lat' dir='ltr'><strong>prava</strong></span> <span class='ocrx_word' id='word_1_199' title='bbox 582 2322 680 2378; x_wconf 89' lang='lat' dir='ltr'><strong>illa</strong></span> <span class='ocrx_word' id='word_1_200' title='bbox 708 2325 976 2379; x_wconf 85' lang='lat' dir='ltr'><strong>sententia</strong></span> <span class='ocrx_word' id='word_1_201' title='bbox 1007 2333 1281 2381; x_wconf 88' lang='lat' dir='ltr'><strong>sectarum</strong></span> <span class='ocrx_word' id='word_1_202' title='bbox 1308 2326 1765 2399; x_wconf 88' lang='lat' dir='ltr'><strong>philosophorum</strong></span> <span class='ocrx_word' id='word_1_203' title='bbox 1791 2328 1984 2397; x_wconf 83' lang='lat' dir='ltr'><strong>provi-</strong></span> 
     </span>
     <span class='ocr_line' id='line_1_30' title="bbox 384 2398 1985 2473; baseline 0.001 -20"><span class='ocrx_word' id='word_1_204' title='bbox 384 2398 626 2453; x_wconf 87' lang='lat' dir='ltr'><strong>dentiam</strong></span> <span class='ocrx_word' id='word_1_205' title='bbox 649 2414 947 2470; x_wconf 89' lang='lat' dir='ltr'><strong>curamque</strong></span> <span class='ocrx_word' id='word_1_206' title='bbox 968 2400 1141 2471; x_wconf 88' lang='lat' dir='ltr'><strong>patris</strong></span> <span class='ocrx_word' id='word_1_207' title='bbox 1164 2416 1293 2473; x_wconf 82' lang='lat' dir='ltr'><strong>erga</strong></span> <span class='ocrx_word' id='word_1_208' title='bbox 1314 2412 1468 2457; x_wconf 84' lang='lat' dir='ltr'><strong>natos</strong></span> <span class='ocrx_word' id='word_1_209' title='bbox 1480 2419 1609 2457; x_wconf 88' lang='lat' dir='ltr'><strong>suos</strong></span> <span class='ocrx_word' id='word_1_210' title='bbox 1623 2400 1985 2473; x_wconf 85' lang='lat' dir='ltr'><strong>(percreatio-</strong></span> 
     </span>
     <span class='ocr_line' id='line_1_31' title="bbox 383 2471 1983 2547; baseline 0.002 -21"><span class='ocrx_word' id='word_1_211' title='bbox 383 2474 530 2547; x_wconf 89' lang='lat' dir='ltr'><strong>nem)</strong></span> <span class='ocrx_word' id='word_1_212' title='bbox 558 2473 843 2531; x_wconf 88' lang='lat' dir='ltr'><strong>abscidere</strong></span> <span class='ocrx_word' id='word_1_213' title='bbox 867 2473 1017 2530; x_wconf 84' lang='lat' dir='ltr'><strong>haud</strong></span> <span class='ocrx_word' id='word_1_214' title='bbox 1039 2471 1392 2532; x_wconf 83' lang='lat' dir='ltr'><strong>erubescunt.</strong></span> <span class='ocrx_word' id='word_1_215' title='bbox 1470 2476 1647 2531; x_wconf 90' lang='lat' dir='ltr'><strong>Huius</strong></span> <span class='ocrx_word' id='word_1_216' title='bbox 1678 2477 1983 2530; x_wconf 84' lang='lat' dir='ltr'><strong>sententiae</strong></span> 
     </span>
     <span class='ocr_line' id='line_1_32' title="bbox 385 2548 1984 2624; baseline 0.003 -24"><span class='ocrx_word' id='word_1_217' title='bbox 385 2565 446 2601; x_wconf 92' lang='lat' dir='ltr'><strong>ac</strong></span> <span class='ocrx_word' id='word_1_218' title='bbox 463 2566 667 2619; x_wconf 86' lang='lat' dir='ltr'><strong>pravae</strong></span> <span class='ocrx_word' id='word_1_219' title='bbox 693 2551 894 2621; x_wconf 84' lang='lat' dir='ltr'><strong>mentis</strong></span> <span class='ocrx_word' id='word_1_220' title='bbox 922 2564 1022 2605; x_wconf 83' lang='lat' dir='ltr'><strong>rex</strong></span> <span class='ocrx_word' id='word_1_221' title='bbox 1051 2550 1217 2605; x_wconf 87' lang='lat' dir='ltr'><strong>etiam</strong></span> <span class='ocrx_word' id='word_1_222' title='bbox 1238 2548 1477 2624; x_wconf 80' lang='lat' dir='ltr'><strong>Aegypti</strong></span> <span class='ocrx_word' id='word_1_223' title='bbox 1508 2548 1639 2613; x_wconf 83' lang='lat' dir='ltr'><strong>fuit,</strong></span> <span class='ocrx_word' id='word_1_224' title='bbox 1692 2552 1791 2622; x_wconf 90' lang='lat' dir='ltr'><strong>qui</strong></span> <span class='ocrx_word' id='word_1_225' title='bbox 1820 2566 1984 2620; x_wconf 83' lang='lat' dir='ltr'><strong>prae-</strong></span> 
     </span>
     <span class='ocr_line' id='line_1_33' title="bbox 384 2622 1984 2694; baseline 0.004 -22"><span class='ocrx_word' id='word_1_226' title='bbox 384 2624 622 2692; x_wconf 90' lang='lat' dir='ltr'><strong>sumpsit</strong></span> <span class='ocrx_word' id='word_1_227' title='bbox 643 2623 852 2678; x_wconf 91' lang='lat' dir='ltr'><strong>dicere:</strong></span> <span class='ocrx_word' id='word_1_228' title='bbox 895 2626 1083 2680; x_wconf 78' lang='lat' dir='ltr'><strong>Nesoio</strong></span> <span class='ocrx_word' id='word_1_229' title='bbox 1104 2628 1364 2678; x_wconf 77' lang='lat' dir='ltr'><strong>dominum</strong></span> <span class='ocrx_word' id='word_1_230' title='bbox 1384 2632 1575 2694; x_wconf 80' lang='lat' dir='ltr'><strong>(Exod.</strong></span> <span class='ocrx_word' id='word_1_231' title='bbox 1608 2634 1655 2691; x_wconf 88' lang='lat'><strong>5,</strong></span> <span class='ocrx_word' id='word_1_232' title='bbox 1686 2629 1740 2688; x_wconf 88' lang='lat'><strong>2)</strong></span> <span class='ocrx_word' id='word_1_233' title='bbox 1757 2665 1769 2687; x_wconf 89' lang='lat'>,</span> <span class='ocrx_word' id='word_1_234' title='bbox 1796 2622 1984 2679; x_wconf 89' lang='lat' dir='ltr'><strong>decla-</strong></span> 
     </span>
     <span class='ocr_line' id='line_1_34' title="bbox 383 2694 1985 2771; baseline 0.005 -26"><span class='ocrx_word' id='word_1_235' title='bbox 383 2708 510 2747; x_wconf 88' lang='lat' dir='ltr'><strong>rans</strong></span> <span class='ocrx_word' id='word_1_236' title='bbox 532 2694 653 2759; x_wconf 91' lang='lat' dir='ltr'><strong>hoc,</strong></span> <span class='ocrx_word' id='word_1_237' title='bbox 678 2696 826 2771; x_wconf 83' lang='lat' dir='ltr'><strong>quod</strong></span> <span class='ocrx_word' id='word_1_238' title='bbox 848 2698 1063 2762; x_wconf 88' lang='lat' dir='ltr'><strong>„Deum</strong></span> <span class='ocrx_word' id='word_1_239' title='bbox 1074 2697 1507 2767; x_wconf 82' lang='lat' dir='ltr'><strong>noviquidem,“</strong></span> <span class='ocrx_word' id='word_1_240' title='bbox 1526 2706 1749 2769; x_wconf 87' lang='lat' dir='ltr'><strong>propter</strong></span> <span class='ocrx_word' id='word_1_241' title='bbox 1760 2706 1985 2755; x_wconf 87' lang='lat' dir='ltr'><strong>natura-</strong></span> 
     </span>
    </p>
   </div>
   <div class='ocr_carea' id='block_1_5' title="bbox 2094 558 2097 2205">
    <p class='ocr_par' dir='ltr' id='par_1_5' title="bbox 2094 558 2097 2205">
     <span class='ocr_line' id='line_1_35' title="bbox 2094 558 2097 2205; baseline 0 0"><span class='ocrx_word' id='word_1_242' title='bbox 2094 558 2097 2205; x_wconf 95' lang='lat' dir='ltr'><strong> </strong></span> 
     </span>
    </p>
   </div>
  </div>
 </body>
</html>
