2125 3084
198 131 462 202 [1,7o.71.]
500 141 600 206 DE
649 137 1200 188 PROVIDENTIA
1236 142 1490 186 sunno
1527 141 1590 187 11.
1747 134 1808 186 72

328 244 412 295 3⁴.
463 240 697 304 Deinde,
740 257 773 294 o
801 256 1063 312 generose
1093 240 1208 304 vir,
1251 241 1366 296 noli
1393 239 1592 296 inutile
1619 249 1812 312 putare

194 315 516 379 identidem
536 315 883 388 tyrannidem
904 333 1051 384 esse;
1093 333 1196 370 nec
1221 313 1294 390 [³¹⁶]
1318 316 1466 370 enim
1486 316 1703 387 punitio
1723 317 1814 370 in-

194 392 368 446 utilis
389 398 497 464 est,
520 390 619 445 sed
642 391 781 461 ipsis
803 391 1106 446 honoribus
1117 389 1171 464 ³¹²)
1193 399 1286 444 aut
1306 391 1494 446 utilior
1513 389 1702 461 probis
1723 392 1814 445 vi-

196 467 286 520 ris
320 475 402 520 est
428 474 522 520 aut
552 483 663 520 non
694 467 769 520 ita
798 467 1004 521 minor:
1067 475 1400 537 quapropter
1428 481 1604 536 poena
1631 467 1812 520 omni-

198 541 345 605 bue,
386 557 528 612 quae
554 550 731 597 rectae
762 542 1104 612 conscriptae
1132 539 1356 596 fuerunt
1379 540 1560 613 leges,
1601 539 1812 596 adiecta

200 625 312 670 est.
382 614 497 682 ‘Qui
522 633 655 670 vero
682 617 1067 687 scripserunt„
1093 616 1162 671 ab
1182 616 1460 671 universis
1481 614 1645 671 laude
1667 615 1812 670 cele-

200 691 466 759 brantur3
529 693 675 746 sicut
702 692 851 746 enim
878 693 937 746 in
954 691 1161 763 populo
1179 700 1472 764 tyrannuS,
1504 691 1588 746 sic
1607 691 1666 745 in
1689 691 1810 763 lege

198 767 445 838 punitio·
489 807 501 814 .
523 767 726 822 Verum
756 767 1063 822 enimvero
1092 766 1314 838 quando
1339 767 1560 821 virtutis
1595 774 1810 838 egestas

201 859 271 896 ac
301 841 535 912 penuria
559 857 775 896 summa
802 843 1126 913 supervenit
1153 841 1471 897 civitatibus
1508 858 1572 895 ac
1608 858 1806 913 magna

199 917 369 987 copia
394 915 745 988 insipientiae
772 916 1029 989 pervadit
1056 915 1216 990 (eas),
1257 925 1390 972 tunc
1417 916 1642 972 demum
1669 915 1808 972 deus

200 992 365 1046 velut
384 993 975 1064 gurgitemquemdam
996 993 1252 1062 torrentis
1267 1033 1280 1056 ‚
1325 990 1809 1049 deflecterecollu-

204 1068 359 1121 viem
386 1066 627 1122 malitiae
655 1067 793 1122 alias
820 1069 1081 1140 cupiens,
1125 1075 1186 1122 ut
1211 1066 1467 1138 purificet
1494 1085 1670 1140 genus
1709 1084 1810 1121 no-

204 1152 413 1205 strum,
454 1142 575 1213 ipse
602 1143 769 1197 robur
798 1152 851 1198 et
875 1150 1198 1214 potestatem
1217 1151 1458 1214 praestat
1475 1143 1599 1198 istis
1619 1159 1688 1198 ex
1709 1159 1809 1198 na-

202 1227 331 1273 tura
360 1217 931 1292 praevalentibus**):
988 1217 1270 1290 siquidem
1301 1219 1421 1274 sino
1458 1218 1646 1274 crudis
1685 1219 1808 1272 ani-

202 1293 316 1348 mis
346 1309 453 1346 non
482 1302 819 1366 expurgatur
842 1293 1074 1348 malitia.
1152 1293 1222 1348 Et
1239 1293 1705 1365 quemadmodum
1725 1295 1808 1348 ci-

205 1370 407 1424 veitates
428 1368 498 1422 ob
524 1368 833 1440 homicidas
848 1411 861 1430 ,
904 1369 1210 1440 proditores
1233 1378 1286 1423 et
1303 1370 1598 1442 sacrilegos
1609 1369 1666 1442 -Η
1688 1387 1808 1424 car-

203 1437 400 1500 nifices
419 1444 599 1508 alunt,
634 1461 743 1499 non
764 1461 949 1500 mores·
964 1444 1161 1499 horum
1183 1444 1471 1501 hominum
1497 1443 1808 1518 approban-

204 1528 287 1574 tes
304 1561 316 1584 ,
376 1519 477 1576 sed
522 1519 693 1574 officii
741 1519 1053 1580 utilitatem,
1085 1530 1560 1594 recognoscentes:
1632 1519 1808 1574 simili

204 1595 367 1651 modo
408 1611 641 1668 magnae
678 1595 848 1649 huius
888 1593 1200 1650 mundanae
1229 1597 1470 1652 civitatis
1500 1595 1807 1651 moderator

204 1681 488 1741 tamquam
508 1669 703 1740 populi
724 1669 1007 1726 carnifices
1027 1671 1276 1742 praeficit
1293 1679 1552 1746 tyrannos
1571 1672 1642 1725 iis
1664 1671 1808 1724 civi-

205 1745 442 1808 tatibuS‚'
460 1745 520 1798 in
540 1741 749 1815 quibus
770 1747 967 1800 sentiat
977 1746 1317 1810 violentiam,-
1345 1743 1418 1820 [*]
1442 1747 1800 1816 impietatem,

206 1821 443 1876 iniurias
482 1817 731 1891 aliasque
770 1817 1006 1876 malitias
1047 1821 1461 1892 multiplicataS.
1541 1818 1648 1873 Ubi
1675 1836 1806 1874 vero

206 1913 337 1952 mox
356 1893 621 1950 assando
641 1895 883 1950 saniores
902 1896 1150 1952 redditae
1171 1893 1325 1959 suns,
1351 1904 1485 1949 ·tum
1505 1893 1727 1948 demum
1753 1903 1806 1948 et

206 1972 335 2027 illos
350 2012 362 2035 ,
386 1970 487 2041 qui
506 1971 567 2024 in
588 1984 751 2024 causa
773 1969 1022 2037 fuerunt,
1057 1971 1318 2042 quoniam
1339 1987 1448 2024 non
1469 1985 1600 2023 sano
1621 1969 1805 2025 consi-

208 2048 312 2110 110,
354 2045 453 2100 sed
481 2045 769 2101 immundo
795 2065 857 2102 ac
887 2047 1102 2102 crudeli
1135 2046 1316 2100 animo
1353 2043 1593 2120 ministri
1632 2044 1804 2098 exsti—

206 2131 350 2184 tere,
405 2131 621 2192 praeter
660 2122 797 2177 alios
836 2123 991 2178 velut
1028 2120 1366 2193 principales
1401 2117 1672 2191 quosdam
1711 2135 1804 2174 ae-

204 2213 382 2268 quum
410 2196 565 2252 ducit
594 2198 819 2254 visitare
850 2195 1185 2270 (suppliciis)
1197 2195 1316 2268 ††).

307 2337 350 2385 ¹⁸)
377 2339 459 2378 Ubi
485 2339 593 2388 legit
618 2339 827 2396 interpres
854 2341 992 2388 ’τιμαῖς
1016 2349 1094 2386 pro
1121 2333 1329 2387 τιμωρίας.
1379 2335 1542 2374 Auch-

307 2388 376 2436 Μἒ)
418 2389 537 2428 Arm.
560 2394 712 2429 sonat:
766 2395 963 2430 naturam
996 2389 1269 2438 commentis,-
1319 2387 1490 2434 legebat
1522 2395 1622 2433 ergo
1657 2385 1700 2423 in
1728 2381 1800 2424 Gr.

180 2479 185 2482 .
207 2443 291 2485 τοῖς
316 2437 386 2486 τὰς
412 2438 555 2492 φύσεις
581 2445 807 2489 σαρκικοῖς,
844 2441 921 2479 ubl
944 2445 1088 2480 tamen
1115 2449 1226 2478 nunc
1252 2437 1434 2477 habetur
1456 2441 1540 2482 τοῖς
1563 2434 1634 2481 τὰς
1661 2433 1802 2488 φύσεις

207 2487 415 2543 dogmat-3..
436 2491 551 2539 quod
576 2493 713 2540 maglo
740 2493 795 2530 ad
820 2501 911 2530 rem
938 2491 1078 2530 facere
1103 2499 1228 2528 nemo
1255 2488 1528 2528 inficiabitur.
1577 2486 1762 2526 much.-

306 2541 345 2588 t)
390 2540 600 2580 Accurate
634 2551 680 2580 se
713 2541 899 2582 invicem
940 2543 1186 2590 exprimunt
1229 2539 1300 2578 Gr.
1341 2536 1554 2586 θεοσ-ὖλοις
1596 2542 1639 2578 et
1678 2537 1798 2578 Arm.

206 2595 375 2632 deorum
402 2602 439 2631 a.
467 2592 702 2630 divinorum
727 2593 1037 2640 spoliatoribus.
1092 2591 1254 2630 Auen.
1679 2593 1691 2607 ¹

307 2641 367 2689 ἢ)
395 2651 430 2680 s.
449 2649 575 2689 nuper
590 2643 691 2682 istos
710 2644 917 2682 constituit
934 2645 1039 2682 alios
1060 2645 1120 2680 ad
1133 2643 1357 2680 vindictam
1375 2642 1632 2691 capiendam.
1673 2641 1799 2692 Quod

209 2695 249 2735 si
273 2695 458 2742 constet,
486 2693 631 2744 aliqua
656 2695 805 2736 deense
825 2695 874 2733 vin
898 2693 975 2734 Gr.
1002 2694 1208 2734 hodierno
1235 2692 1408 2734 dinem.
1459 2693 1622 2734 Auch-
