2125 3084
222 171 434 240 [1,1o4.]
491 178 589 222 DE
630 177 1171 224 PROVIDENTIA
1209 179 1459 224 SERMO
1497 181 1559 223 11.
1725 174 1811 224 404

220 277 433 342 sidant,
456 286 513 333 et
530 278 589 332 in
610 277 749 348 ipsis
768 277 963 332 loculis
981 277 1306 348 templorum
1329 277 1515 332 latent.
1557 278 1616 332 Id
1635 279 1820 349 ipsum

221 354 473 414 comitur
492 361 547 408 et
562 353 623 408 in
644 352 983 416 volucribus,
1012 353 1272 424 quoniam
1295 350 1463 416 turdi,
1485 351 1698 416 salami,
1719 371 1820 423 pa-

223 426 476 492 lumbes,
510 427 762 498 perdices
776 467 791 491 ,
824 441 1520 498 ansernmquegruumque
1541 443 1740 498 genera
1761 431 1822 482 iu

224 502 447 557 deserta
477 501 725 574 fugiunt,
767 500 1098 556 hirundines
1117 508 1300 556 autem
1319 509 1374 556 et
1393 501 1571 564 corvi,
1612 501 1710 571 qui
1733 503 1820 555 ni—

223 577 315 633 hil
335 585 563 649 prosunt
574 617 589 642 ,
623 577 683 630 in
702 575 1138 630 habitationibus
1157 575 1444 630 hominum
1463 573 1750 630 nidificant
1769 585 1823 630 et

222 655 293 708 in
312 651 651 706 civitatibus.
728 649 887 717 Quod
906 657 1088 706 autem
1109 651 1286 723 magis
1306 648 1685 722 prodigiosum
1707 651 1815 704 est:

223 727 571 798 quicumque
590 725 908 780 hominibus
929 733 1158 781 mortem
1180 725 1418 784 minatur
1431 767 1444 789 ‚
1482 725 1625 779 inter
1650 725 1822 796 repti-

224 802 307 858 lia
335 803 519 873 potius
534 842 549 866 ,
590 801 711 856 sine
738 799 1073 856 laboratione
1102 799 1278 868 habet,
1304 798 1492 854 cibum
1530 816 1824 871 praepara-

222 886 350 932 tum
370 875 579 946 abipsa
606 882 825 942 natura;
888 875 987 946 qui
1008 891 1140 930 vero
1155 875 1388 930 refertur
1407 872 1476 928 ad
1495 874 1655 928 utilia
1675 875 1822 929 vitae

224 957 685 1021 cooperaturque,
728 966 791 1005 ac
818 949 868 1004 si
898 948 1176 1021 supplicio
1207 947 1430 1004 affectus
1455 965 1556 1020 pro
1585 948 1823 1003 utilitate

224 1041 333 1081 sua
348 1065 361 1088 ‚
404 1031 688 1097 angustam
717 1024 1134 1080 haesitationem
1155 1021 1230 1100 [*]
1252 1024 1460 1097 patitur
1478 1021 1547 1078 de
1569 1040 1823 1078 necessa-

224 1100 363 1163 riis,
404 1099 515 1153 nisi
542 1115 837 1171 properans
866 1099 1029 1155 homo
1054 1099 1218 1172 quasi
1239 1097 1508 1155 mercedis
1528 1099 1703 1171 gratia
1723 1097 1824 1152 ad-

225 1173 423 1230 hibeat
441 1172 667 1228 herbam
686 1174 1034 1230 familiarem.

344 1285 429 1337 93.
478 1281 541 1336 Id
568 1299 697 1336 sane
729 1291 782 1338 et
810 1283 869 1337 in
897 1283 1104 1354 plantis
1131 1281 1444 1338 ordinatum
1474 1281 1816 1344 observatur,

229 1357 303 1413 ad
325 1355 633 1412 evidentem
655 1365 968 1428 certamque
987 1357 1238 1412 notitiam
1251 1398 1265 1422 ‚
1289 1364 1352 1411 ut
1369 1364 1522 1429 puto,
1548 1352 1712 1412 etiam
1731 1356 1822 1410 ni-

225 1433 407 1488 mium
426 1430 658 1504 stupidi.
734 1433 870 1490 Mori
892 1433 1039 1488 enim
1060 1439 1114 1487 et
1133 1432 1430 1505 sycomori,
1459 1432 1708 1496 oleastri,
1731 1439 1824 1486 tu-

224 1507 453 1563 bercula
483 1523 721 1578 ervaque
732 1505 785 1579 *)
813 1505 975 1562 valde
1004 1505 1314 1563 redundant
1342 1515 1396 1562 et
1424 1507 1634 1579 absque
1674 1507 1822 1579 agri-

224 1583 477 1638 culturae
506 1590 619 1636 arte
646 1581 941 1653 pullulant.
1018 1582 1196 1638 Malus
1231 1590 1411 1636 tamen
1449 1583 1680 1654 punica,
1720 1598 1823 1653 po—

224 1674 413 1721 mum,
454 1657 664 1728 palma,
704 1656 885 1711 olivae
913 1657 1166 1728 vitesque
1191 1673 1312 1712 raro
1340 1674 1520 1730 neque
1549 1674 1618 1711 ex
1643 1673 1702 1710 se
1722 1673 1822 1712 na-

228 1738 487 1795 scuntur,
517 1730 830 1802 indigentes
851 1748 1066 1803 semper
1087 1748 1176 1797 eo,
1208 1732 1307 1805 qui
1328 1746 1635 1786 accrescere
1655 1745 1718 1784 ea
1739 1729 1823 1782 fa·-

228 1807 369 1869 ciat,
410 1812 473 1860 ut
502 1820 661 1877 aegre
689 1805 969 1859 annuatim
998 1805 1237 1862 fructum
1263 1804 1462 1860 ferant:
1524 1805 1601 1858 ita
1620 1811 1683 1856 ut
1699 1802 1822 1873 ple—

226 1895 467 1950 rumque
484 1880 583 1953 qui
605 1879 935 1950 plantarunt,
963 1897 1074 1936 non
1093 1899 1156 1936 eo
1175 1880 1516 1952 perveniant,
1539 1886 1600 1932 ut
1618 1876 1689 1930 iis
1709 1875 1820 1930 frui

226 1955 473 2028 possint,
517 1953 615 2008 sed
644 1954 879 2026 posteris
908 1957 1025 2010 suis
1054 1954 1464 2024 heredibusque
1486 1951 1720 2008 condant
1739 1951 1820 2005 la-

227 2029 403 2112 hores⁸
415 2046 541 2084 suos
562 2028 631 2084 ad
650 2029 898 2102 iniquam
916 2031 1339 2104 possessionem.

344 2156 431 2208 94:
476 2155 609 2210 Item
638 2154 869 2210 lethales
895 2165 1041 2214 terra
1067 2154 1266 2215 herbas
1299 2154 1614 2215 innumeras
1655 2167 1723 2205 ex
1761 2168 1822 2204 se

229 2229 529 2304 germinat,
574 2229 842 2285 hordeum
869 2247 1001 2285 vero
1031 2245 1096 2284 ac
1121 2230 1365 2284 triticum
1394 2244 1492 2299 per
1512 2225 1822 2298 angustiam

234 2321 399 2360 curae
448 2303 902 2376 indefessumque
946 2303 1188 2359 laborem
1233 2303 1622 2376 agricultorum
1661 2314 1823 2371 aegre

226 2380 423 2446 nutrit.
500 2379 613 2435 Nec
642 2379 869 2434 forsitan
897 2378 1101 2435 durum
1129 2387 1300 2443 esset,
1343 2378 1395 2433 si
1422 2376 1632 2445 ubique
1671 2372 1822 2429 idem

228 2454 353 2510 fieri
372 2455 735 2527 contingeret:
796 2453 1001 2508 namin
1023 2453 1245 2509 miseria
1265 2450 1412 2524 quod
1433 2465 1720 2508 commune
1741 2457 1824 2504 est

226 2529 441 2584 malum
456 2569 471 2592 ‚
500 2528 681 2584 levius
702 2529 1063 2601 comperitur,
1105 2526 1472 2584 similitudine
1491 2526 1550 2580 in
1570 2523 1824 2580 multitu-

333 2666 379 2714 ·)
402 2667 597 2708 Incertae
621 2669 693 2708 mc
718 2671 821 2708 sunt
844 2666 1176 2716 dannatione·
1192 2667 1312 2708 Arm.
1328 2677 1485 2708 vocum
1507 2677 1584 2717 per
1608 2667 1820 2707 contectu-

223 2729 323 2762 πω
349 2719 533 2768 aliquam
557 2729 585 2758 s
607 2718 733 2760 nobis
758 2727 1056 2769 expressarum
1079 2719 1128 2760 iu
1142 2719 1240 2760 Lat.
1259 2719 1482 2767 uba-aaa,
1503 2729 1616 2760 ma.
1659 2717 1820 2758 Auen.
