2125 3084
325 221 415 271 498
573 222 769 268 PHIL.
807 222 955 268 IUD.
997 221 1315 280 QUAEST.
1355 223 1454 267 ET
1494 224 1651 270 SOL.
1703 220 1924 290 [1:1,378.]

319 335 437 387 tus,
464 341 494 377 a
514 340 623 395 qua
644 323 1009 378 abalienatam
1030 331 1252 378 acturus
1270 340 1330 389 es
1351 323 1524 378 vitam
1539 366 1552 390 ,
1573 342 1718 396 quae
1735 336 1924 385 tamen

321 398 639 460 familiaris,
694 395 767 472 [*]
808 399 1144 453 conveniens
1182 405 1236 452 et
1273 407 1506 470 cognata
1545 408 1628 457 est
1673 404 1924 459 moribus

321 473 621 529 constantis
648 482 704 528 et
731 473 935 528 virtute
965 472 1204 544 praediti
1235 470 1498 529 hominis.

326 631 421 681 Cur
452 628 697 695 respondit
730 628 867 692 (ille)
903 628 991 678 Ιιοο
1025 628 1191 677 modo.-
1261 664 1298 691 ‚‚
1309 628 1439 677 Ecce
1483 645 1570 693 eqo
1614 630 1739 679 vado
1781 633 1917 696 mori,

472 708 518 747 et
552 698 622 747 ad
654 696 772 761 quid
800 696 917 745 mihi
946 696 1066 745 haec
1092 696 1489 760 primoyenita“7
1525 700 1630 757 (25,
1651 698 1762 760 32.)

437 817 550 871 ⁴73.
599 816 868 887 Aenigma
898 821 979 869 est
1009 814 1222 869 litterae
1248 814 1484 881 dictum3
1527 830 1652 868 nam
1672 812 1920 885 profecto

319 893 479 964 pravi
498 890 687 945 vitain
706 899 935 944 mortem
952 896 1210 963 properat
1235 888 1484 959 quotidie
1499 888 1534 953 ‚'
1555 890 1799 961 cogitans
1828 890 1921 944 ni-

318 975 552 1037 tensque
575 965 643 1020 ad
665 963 1031 1019 moriendum.
1101 964 1254 1018 Alias
1274 980 1382 1017 non
1403 962 1728 1037 dixisset*):
1771 963 1922 1031 Quid

320 1039 462 1095 mihi
482 1040 707 1111 prodest
725 1038 784 1093 id
799 1080 812 1103 ‚
846 1037 995 1109 quod
1017 1038 1077 1092 in
1096 1038 1358 1093 virtutem
1379 1038 1534 1093 ducit
1555 1047 1718 1111 atque
1739 1038 1923 1096 felici-

322 1114 523 1170 tatem?
560 1115 820 1187 quoniam
841 1130 942 1186 ego
957 1154 971 1178 ,
1006 1114 1108 1175 ait,
1135 1112 1310 1167 habeo
1333 1113 1485 1167 aliud
1504 1114 1795 1186 quidpiam
1817 1115 1922 1169 eli-

321 1208 451 1263 gere
472 1197 525 1245 et
555 1190 693 1244 mihi
723 1206 941 1259 parare:
1004 1187 1344 1259 voluptatem
1370 1196 1654 1260 appetere,
1698 1188 1925 1245 deside-

322 1282 441 1319 rare
488 1264 969 1326 incontinentiam,
1032 1262 1321 1327 lascivire,
1383 1264 1671 1319 avaritiam
1719 1265 1918 1329 colere,

323 1355 575 1409 quaeque
603 1338 803 1393 horum
830 1336 1023 1392 fratres
1051 1345 1201 1392 sunt.

426 1510 469 1557 ὓ)
502 1510 584 1549 Vel
608 1511 692 1549 sio:
748 1510 867 1557 Quod
896 1511 937 1549 si
968 1511 1152 1559 quotidie
1177 1512 1484 1560 perpendisset,
1529 1521 1652 1561 seque
1677 1514 1926 1553 exercuisset

324 1564 375 1600 de
400 1564 550 1605 morte,
586 1571 669 1599 non
695 1561 888 1606 dixisset,
926 1560 999 1600 ubl
1026 1562 1120 1600 cod.
1150 1560 1188 1599 D
1217 1562 1443 1600 detruncat
1466 1564 1733 1610 negativum,
1770 1564 1833 1603 sie
1859 1565 1925 1604 le-

325 1622 453 1660 gens:
489 1612 637 1659 Itaque
661 1613 771 1651 dicit.
825 1612 904 1651 Mn.
932 1614 1077 1650 autem
1103 1610 1138 1651 Ο
1163 1622 1250 1651 non
1274 1612 1406 1651 habet
1429 1614 1700 1661 negationem
1717 1615 1764 1652 in
1781 1618 1922 1662 textu,

324 1662 401 1701 sed
435 1663 478 1701 ln
512 1672 646 1711 marg.
705 1661 765 1701 At
789 1662 886 1701 Lat.
913 1660 1166 1710 Anonymus
1199 1672 1286 1701 non
1320 1666 1544 1703 contentus
1569 1673 1654 1701 una
1679 1667 1923 1712 negatione,
1997 1680 2008 1691 ’

325 1714 462 1763 repeti
488 1714 581 1753 vult
597 1714 679 1753 hoe
697 1713 847 1753 modo:
882 1713 965 1751 Neo
982 1714 1090 1751 enim
1106 1714 1344 1752 meditando
1363 1715 1468 1753 adeo
1485 1724 1568 1753 non
1585 1714 1706 1754 ἀίτὶι.
1758 1714 1800 1753 A
1811 1718 1924 1755 noh.

324 1966 486 2029 tiam,
539 1967 699 2020 cuius
738 1974 1029 2021 extraneus
1067 1964 1180 2019 iam
1219 1962 1395 2019 faetus
1433 1980 1513 2019 es.
1591 1965 1735 2021 Haeo
1772 1966 1926 2021 enim

324 2039 576 2110 proxima
604 2047 658 2093 et
684 2042 907 2110 propria
936 2049 1019 2095 est
1048 2038 1417 2112 prudentibus
1446 2038 1605 2095 viris.

334 2195 495 2255 Quare
528 2195 598 2244 ita
633 2196 900 2259 respondit.-
970 2198 1148 2260 „Ecce
1192 2214 1280 2263 eqo
1321 2215 1525 2263 peryam
1565 2198 1708 2261 mori,
1768 2208 1814 2247 et
1861 2198 1931 2247 ad

737 2262 855 2326 quid
895 2265 1010 2314 mihi
1038 2266 1283 2329 primitiae
1317 2266 1514 2316 ahtaew

446 2367 559 2421 ⁴¹73.
599 2365 897 2436 Eloquium
916 2364 1051 2420 dieti
1073 2368 1523 2437 probatissimum
1543 2374 1645 2423 est.
1714 2367 1926 2423 Revera

326 2443 476 2497 enim
496 2442 611 2496 vita
628 2440 788 2513 pravi
809 2438 879 2493 ad
898 2448 1128 2494 mortem
1149 2441 1370 2497 festinat
1389 2440 1758 2515 persingulos
1781 2442 1924 2497 dies.

325 2518 440 2571 Neo
468 2516 617 2571 enim
646 2514 963 2570 meditando
992 2515 1130 2570 adeo
1159 2535 1266 2570 non
1294 2517 1463 2573 dixit:
1525 2518 1606 2573 Aa
1640 2521 1767 2585 quid
1800 2520 1930 2570 mihi

322 2594 589 2657 primitia,
631 2606 774 2661 quae
812 2589 1063 2661 dirigunt
1101 2590 1360 2645 virtutem
1401 2602 1454 2647 et
1490 2588 1931 2647 beatitudinem?

327 2662 537 2730 thuid
564 2663 705 2718 mihi
735 2664 911 2719 habeo
940 2665 1090 2718 enim
1118 2668 1556 2737 praerogativam
1587 2666 1844 2720 libidinis
1877 2674 1932 2721 et

331 2736 583 2788 luxuriae
598 2776 611 2799 ‚
646 2744 700 2790 et
718 2754 1005 2810 quaequae
1025 2740 1222 2793 horum
1241 2740 1448 2795 similia
1469 2740 1746 2795 videntur.
