2125 3084
141 204 223 273 [11,
236 206 329 256 543.
338 201 461 269 544]
506 208 591 253 IN
626 208 969 256 Exontm.
1007 208 1266 255 SERMO
1303 210 1368 255 11.
1636 204 1736 258 387

148 348 212 417 [¹⁸]
256 346 415 405 Quare
456 365 599 413 super
635 357 805 414 pectus
838 348 1086 413 pontificis
1129 348 1388 409 rationale,
1432 366 1574 413 super
1608 350 1739 414 quod

201 417 390 467 nomina
425 424 587 481 erant,
628 414 821 481 quando
855 416 1120 483 ingreditur
1154 414 1376 465 Sducta?
1419 421 1527 480 (28,
1556 423 1638 467 29.
1644 419 1665 479 )

251 521 365 573 445.
414 519 613 573 Pectus
640 518 795 573 loeus
824 527 907 574 est
934 518 1146 585 cordis,
1189 528 1245 574 et
1269 518 1353 573 ibi
1384 517 1640 574 habitat
1625 537 1736 575 lra-

142 592 362 661 eundia3
427 593 715 649 iracundia
736 603 921 649 autem
940 611 1084 667 opus
1105 560 1272 651 h’ahet
1287 594 1518 649 rationis
1538 610 1738 666 regen-

142 672 207 726 tis
238 686 299 725 ao
325 670 704 741 temperantis.
782 668 1055 735 Quoniam
1073 669 1295 741 quando
1321 671 1443 724 sine
1465 670 1738 741 regimine

140 754 188 801 et
208 746 599 816 temperatione
617 745 965 816 relinquatur
978 786 991 809 ,
1016 744 1130 799 huo
1149 745 1288 801 illue
1306 744 1596 809 vacillans,
1617 753 1738 799 tur-

136 820 259 877 bata
278 828 330 875 et
354 818 625 875 fluctuans
652 827 934 891 tamquam
964 838 1034 875 ex
1063 820 1232 875 undis
1260 820 1609 891 procellosiS,
1655 829 1740 875 to-

136 906 245 952 tam
271 897 510 949 animam
540 893 695 949 velut
714 912 913 951 navem
933 895 1057 951 basi
1076 903 1352 951 carentem
1372 903 1606 958 evertat,
1638 895 1738 950 de-

134 970 321 1026 molito
346 986 571 1041 corpore
596 987 839 1043 quoque.
920 972 1123 1027 Verum
1141 979 1394 1027 accurate
1411 970 1733 1035 observam,

133 1063 243 1101 non
280 1061 497 1117 semper
534 1047 799 1116 rationale
834 1063 1004 1118 super
1038 1054 1234 1117 peetus
1269 1063 1391 1101 esse
1430 1045 1594 1109 dicit,
1637 1045 1738 1101 sed

132 1123 339 1191 quando
358 1120 557 1175 Sancta
572 1125 885 1189 ingreditur.
965 1121 1352 1177 Sanctuarium
1375 1130 1558 1177 autem
1583 1121 1737 1177 locus

132 1207 217 1252 est
235 1195 484 1267 pientia,
516 1196 823 1251 sanctitatis
850 1198 1144 1270 omnisque
1169 1197 1418 1256 virtutis;
1471 1195 1621 1268 quod
1654 1204 1737 1251 at·

129 1277 354 1343 tingens
374 1269 714 1335 intellectus
746 1272 994 1343 possedit
1012 1272 1238 1328 omnino
1260 1274 1527 1329 rationem
1552 1272 1737 1344 perfe-
1803 1284 1810 1291 “

128 1355 305 1409 ctam,
348 1360 491 1416 quae
520 1346 663 1419 regit
691 1364 754 1401 ao
782 1346 1096 1405 moderatur
1117 1357 1280 1420 atque
1299 1347 1514 1404 habena
1537 1364 1736 1420 appre-

132 1424 307 1479 hensa
325 1422 535 1477 coercet
556 1421 917 1492 cupiditates,
959 1424 1201 1481 maxime
1222 1424 1390 1491 iram,
1433 1440 1575 1497 quae
1596 1424 1737 1481 solet

130 1504 431 1555 detrectare
452 1497 649 1571 iugum
670 1497 813 1553 eius.

212 1638 309 1691 Cur
360 1656 504 1707 super
556 1638 793 1691 rationale
842 1638 1093 1691 Revezatio
1145 1651 1191 1693 et
1242 1638 1431 1693 Veritas
1475 1660 1659 1708 ponun-

737 1712 842 1759 tur?
886 1708 991 1773 (28,
1020 1709 1132 1774 30.)

247 1794 365 1847 446.
406 1790 677 1857 Quoniam
696 1794 833 1849 ratio
853 1793 939 1849 illi
960 1792 1173 1864 duplex
1203 1800 1312 1849 est:
1375 1810 1484 1849 una
1515 1795 1574 1847 in
1603 1811 1737 1849 eon-

122 1867 279 1925 siliis
320 1865 557 1939 degens,
609 1866 775 1943 altera
802 1885 903 1940 per
928 1868 1293 1940 prolationem
1331 1869 1589 1922 revelata.
1670 1868 1738 1923 Et

122 1946 251 2000 iure
272 1941 504 2029 quidem
526 1942 757 1998 virtutes
786 1944 925 1999 duas
957 1943 1178 2011 utrique
1207 1940 1512 2011 dispertiit:
1575 1942 1739 1997 habi-

120 2019 268 2075 tanti
290 2019 352 2075 in
370 2016 621 2073 consiliis
649 2024 943 2082 veritate-m,
984 2018 1227 2089 prolatae
1258 2032 1388 2071 vero
1419 2016 1562 2073 foras
1591 2035 1740 2072 reve-

120 2098 398 2150 lationem.
475 2091 747 2159 Quoniam
782 2096 987 2149 virtute
1015 2092 1255 2165 praediti
1285 2108 1441 2147 mens
1473 2092 1614 2151 nihil
1656 2092 1738 2147 fa-

118 2169 409 2225 miliarius
449 2168 560 2223 sibi
602 2168 769 2225 dehet
803 2177 1059 2241 reputare
1097 2167 1185 2223 vel
1227 2167 1405 2239 magis
1443 2174 1739 2240 cognatum

118 2262 299 2317 quam
328 2244 644 2309 veritatem,
692 2244 843 2299 unde
870 2259 1095 2299 necesse
1122 2250 1206 2299 est
1233 2242 1479 2299 studium
1506 2244 1656 2298 omni
1679 2244 1740 2299 vi

120 2320 285 2375 illam
325 2319 671 2374 inveniendi.
736 2319 995 2391 *Verbum
1034 2327 1219 2373 autem
1259 2318 1402 2373 nihil
1434 2319 1612 2391 magis
1640 2334 1740 2372 ne-

120 2394 435 2450 cessarium
461 2394 657 2459 habet,
697 2392 868 2465 ‘quam
894 2393 1178 2451 evidenter
1200 2391 1479 2449 declarare
1499 2394 1740 2451 revelata

121 2468 427 2526 artificioso
446 2477 736 2542 apparatu.

120 2592 191 2663 [Ἷ
240 2592 349 2645 θω-
381 2590 559 2658 duplex
591 2594 691 2659 (al.
729 2594 887 2657 torta)
922 2592 1233 2658 hyacinthum
1265 2592 1427 2645 mea
1457 2594 1742 2645 subucula

694 2660 895 2710 dicitur?
931 2662 1035 2725 (28,
1074 2662 1183 2722 31.)

234 2750 259 2801 4
276 2746 363 2801 47.
411 2745 641 2811 Dicunt,
673 2744 852 2819 quod,
884 2744 1014 2817 quia
1034 2746 1350 2873 symbsslssf?
1371 2742 1455 2805 e'st
1472 2749 1612 2806 a'e'ris
1635 2748 1742 2804 ‹lu-
