2125 3084
342 178 433 231 ΠΒ
668 182 914 227 INDEX
950 180 1502 228 AUCRERIANUS
1537 182 1576 227 1.

336 301 471 351 Nihil
508 300 615 349 eine
646 301 839 349 ratione
868 312 979 348 eece
1004 299 1295 349 conceditur
1322 312 1355 348 a
1379 298 1550 348 nobie:
1605 306 1661 349 at
1686 314 1799 350 non
1829 251 1940 301 Μ’

400 368 609 433 proinde
626 368 797 417 licebit
813 380 1051 429 quaerere
1067 367 1316 416 rationem
1330 401 1345 427 ‚
1383 380 1512 429 quae
1541 381 1648 415 non
1669 382 1798 417 con-

403 436 575 485 cordet
600 448 715 483 cum
736 434 955 483 veritate.
964 468 1797 486 ..................................................
1871 442 1934 487 88

338 502 651 567 Superfluam
668 502 856 549 nullam
874 501 1098 549 invenias
1117 507 1324 549 naturae
1345 506 1539 564 partem
1543 537 1797 552 ...............
1873 530 1938 541 --

334 570 525 621 Natura
538 568 731 617 nullum
748 568 933 617 animal
952 567 1118 617 effecit
1134 568 1268 615 haud
1285 568 1508 630 indigum
1525 569 1659 629 aliis,
1679 571 1798 619 nul-

402 638 505 687 lam
542 636 796 699 regionem
832 635 927 683 eibi
964 635 1312 683 sufficientem.
1379 634 1541 683 Nemo
1585 637 1795 700 accipit,

403 705 524 768 quin
546 704 647 753 det.
720 700 879 751 Simul
906 708 1038 750 stant
1062 709 1115 750 et
1137 702 1375 765 prodesse
1395 709 1446 751 et
1462 702 1710 765 proficere
1713 742 1796 752 .....
1872 711 1936 755 90
1999 716 2006 719 ·
2096 666 2099 687 ἵ

336 771 507 823 Causa
542 770 808 833 impietatis
844 769 1071 833 voluptas
1107 776 1209 830 eet3
1267 783 1329 818 ea
1367 770 1500 818 enim
1529 783 1662 832 quac
1689 785 1794 819 non

402 838 626 889 nutriunt
650 850 815 899 neque
834 836 1055 885 serviunt
1073 836 1260 884 ventris
1278 836 1594 899 cupidinibus
1606 872 1620 897 ,
1654 839 1798 888 velut

402 907 607 955 minime
622 904 909 954 necessaria
924 903 1214 951 incusarunt
1231 904 1397 966 impii,
1426 904 1513 965 qui
1535 904 1798 954 levitatem

407 988 548 1023 suam
563 977 887 1036 praesumunt
900 971 954 1019 in
972 971 1280 1019 divinitatem
1297 971 1459 1034 ipsam
1481 977 1790 1033 retorquere.
1865 1000 1928 1009 —-—

340 1040 503 1091 Omne
540 1052 960 1103 supervacaneum
973 1072 986 1097 ,
1024 1038 1328 1086 inconstans
1365 1051 1423 1085 ac
1457 1052 1724 1088 erroneum
1761 1055 1796 1088 a

404 1108 545 1157 caelo
570 1108 719 1170 longe
748 1106 1011 1171 expulsum
1038 1110 1116 1153 est
1141 1106 1260 1155 etin
1278 1104 1531 1154 sublunari
1547 1120 1794 1169 pervaga-

402 1174 657 1236 turepatio
660 1207 1790 1222 ....................................................................
1863 1178 1918 1223 91

336 1242 417 1291 Ex
442 1240 663 1289 humana
684 1240 1025 1290 imbecillitate
1050 1254 1226 1289 ausam
1261 1252 1438 1303 capere
1474 1241 1790 1291 accusandae

403 1307 671 1357 divinitatis
688 1308 907 1357 maxime
926 1308 1154 1370 iniquum
1175 1313 1266 1356 est.
1275 1342 1785 1357 ...............................
1859 1312 1920 1355 93

334 1376 503 1424 Deum
528 1374 657 1423 sicut
682 1382 958 1423 creatorem
982 1380 1274 1438 patremque
1301 1375 1445 1423 decet
1471 1376 1600 1423 scire
1620 1376 1788 1438 singu-

400 1442 563 1491 lorum
586 1442 832 1489 rationem
856 1456 1052 1502 veram,
1090 1442 1374 1490 mortalium
1399 1454 1518 1491 vero
1533 1442 1786 1492 neminem

402 1507 601 1570 mequi
618 1506 987 1571 physiologiam
990 1543 1782 1558 ................................................
1855 1536 1926 1547 --

334 1576 418 1625 An
434 1581 491 1625 tu
508 1581 654 1639 putu
672 1584 765 1623 nos
782 1582 987 1639 propter
1002 1576 1258 1636 mundum,
1279 1584 1330 1625 et
1344 1590 1447 1625 non
1461 1577 1632 1640 potius
1643 1591 1784 1625 mun-

402 1644 521 1693 dum
537 1648 741 1706 propter
755 1656 848 1691 noe
870 1642 1061 1693 factum
1085 1643 1239 1693 fuisse
1249 1644 1288 1692 ἲ.
1295 1679 1777 1693 ..............................
1855 1650 1919 1693 98

337 1712 437 1763 Dei
464 1711 643 1761 electio
668 1710 855 1761 iudicio
882 1710 1130 1761 humanae
1155 1712 1335 1761 mentis
1365 1711 1570 1761 omnino
1608 1711 1788 1761 certior

405 1786 496 1829 est.
515 1814 1786 1829 .............................................................................
1823 1783 1848 1826 1
1861 1782 1919 1825 12

340 1846 395 1897 Si
420 1847 633 1897 barbara
657 1860 781 1911 gene
808 1846 1027 1895 abundat
1042 1846 1302 1895 feracitate
1319 1846 1517 1909 frugum
1531 1852 1686 1909 atque
1706 1860 1788 1895 su·

403 1923 546 1979 perat
562 1915 887 1964 delectatione
905 1916 1035 1963 vitae
1052 1913 1230 1973 felicis,
1251 1920 1389 1962 caret
1403 1921 1571 1963 tamen
1589 1914 1792 1977 sapien-

402 1983 533 2032 tibus
552 1983 688 2043 viris,
708 1996 920 2045 quorum
936 1994 1056 2031 sane
1075 1981 1237 2043 gratia
1252 1980 1388 2030 facta
1405 1988 1520 2030 sunt
1527 1981 1783 2031 alirnenta.
1825 1985 1848 2028 1
1859 1983 1914 2028 17

324 2050 395 2109 ,In
431 2058 563 2098 terra
590 2051 727 2098 sicca
752 2050 947 2099 animun
974 2055 1053 2099 est
1078 2048 1276 2111 sapiens
1306 2062 1366 2097 ac
1391 2048 1583 2098 virtutis
1609 2062 1788 2098 amane

404 2116 553 2180 (dixit
574 2116 879 2180 Heraclitus)
884 2151 1785 2165 .......................................................
1835 2142 1900 2151 -—-

334 2184 526 2248 Vigiles
544 2190 597 2233 et
612 2182 765 2233 sobrii
784 2184 1110 2247 sapientioree
1135 2189 1252 2232 sunt
1253 2217 1785 2232 ................................
1825 2186 1910 2230 118

334 2252 698 2368 Regxcffiffitm
714 2251 845 2300 inter
862 2266 916 2301 se
932 2252 1208 2316 permixtae
1225 2251 1326 2299 vim
1345 2264 1488 2300 suam
1509 2251 1788 2300 evidentius
1803 2264 1810 2273 ·
1823 2320 1906 2363 119

334 2386 501 2445 Patet,
527 2385 661 2448 quod
680 2386 803 2435 deus
820 2386 1149 2436 humanarum
1165 2400 1331 2435 rerum
1347 2399 1497 2434 curae
1515 2385 1782 2433 attendit...
1833 2406 1896 2418 -

332 2450 459 2500 Mihi
480 2466 675 2516 semper
689 2462 883 2517 tempus
901 2460 977 2503 eet
993 2453 1404 2518 philosophandi,
1445 2453 1527 2501 cui
1557 2452 1786 2502 dedicavi

398 2520 549 2567 vitam
565 2534 729 2569 meam
750 2521 911 2569 studio
936 2522 1186 2569 addictam
1188 2554 1782 2569 ....................................
1821 2520 1911 2565 120

324 2582 581 2645 ·Interpree
606 2600 741 2645 eum,
780 2601 882 2635 non
910 2589 1109 2635 doctor:
1162 2588 1207 2636 is
1231 2588 1485 2651 propriam
1521 2586 1786 2635 scientiam

398 2648 572 2696 edocet
598 2652 723 2698 alios
736 2686 749 2709 ,
788 2654 873 2701 ille
902 2654 964 2701 ab
996 2654 1108 2702 eliis
1137 2655 1308 2703 auditu
1333 2660 1568 2718 percepta
1603 2660 1782 2701 exacte

395 2714 661 2763 memoriae
684 2717 869 2767 refert..
878 2755 1775 2772 .......................................................
1825 2725 1922 2769 125

374 2878 393 2907 0
