2125 3084
346 176 405 229 ta
795 178 1170 225 rnnoms
1202 176 1478 224 mnam
1789 171 1858 237 [1.
1886 174 1966 240 5.]

338 288 575 347 mantur.
605 277 733 335 illos
752 279 908 335 iuvat
926 296 1031 334 non
1052 276 1444 333 demonstratio
1463 292 1534 332 ex
1551 276 1970 335 voluminibus

339 356 629 427 desumpta
642 394 655 418 ,
704 353 805 409 sed
838 353 1256 426 comprehensio
1269 392 1282 416 ‚
1329 369 1474 423 quae
1507 369 1608 423 per
1641 352 1966 413 sensibilia

340 438 704 503 comparatur.
780 428 1025 495 Quorum
1052 445 1154 485 nos
1178 420 1448 483 debemus
1473 427 1818 499 praeiudicia
1843 444 1967 483 cu-

340 524 459 563 rare
478 521 588 561 non
608 503 797 559 verbis
814 512 1027 560 tantum
1044 503 1422 579 contentiosiS‚
1447 520 1644 558 verum
1663 504 1836 561 etiam
1847 521 1966 575 per

340 580 835 637 manifestationem
852 580 1009 635 visus
1022 620 1036 643 ‚
1067 578 1434 651 ignorantiam
1453 577 1528 635 ad
1545 588 1771 649 captum
1791 580 1962 635 veri—

339 658 467 712 tatis
488 655 595 710 fide
613 654 817 727 dignae
836 653 1164 709 conducere.

452 784 506 839 6.
546 781 686 837 Nam
711 796 878 853 saepe
908 778 995 844 fit,
1034 788 1100 835 ut
1115 779 1217 853 qui
1233 776 1609 851 perfunctorie
1628 784 1859 849 vagatur
1880 778 1946 831 in

340 856 721 913 observatione
734 896 749 921 ‚
780 862 937 927 putet
952 854 1025 909 ab
1044 854 1284 911 aeternis
1301 854 1464 909 annis
1483 871 1548 909 ac
1567 853 1722 909 initio
1743 868 1948 907 caten-

338 932 491 987 tibus
511 924 633 987 esse
653 947 715 985 ac
735 930 1045 985 constitisse
1067 928 1214 983 hunc
1233 928 1525 993 mundum,
1549 928 1622 983 ita
1643 935 1703 983 ut
1718 926 1944 983 nullum

340 1006 631 1062 creationis
657 1006 997 1079 principium
1023 1004 1110 1061 illi
1138 1003 1332 1066 fuerit,
1369 1002 1470 1059 sed
1497 999 1820 1075 perpetuam
1843 1018 1946 1056 ex-

341 1082 648 1137 sistentiam
694 1080 950 1137 habuerit
995 1087 1049 1135 et
1102 1079 1417 1134 nullatenus
1462 1077 1698 1133 dissolvi
1743 1078 1941 1149 possit.

338 1156 521 1223 Quum
540 1164 721 1211 tamen
740 1154 1108 1211 evidentiores
1125 1154 1538 1211 observationes
1552 1194 1566 1217 ‚
1595 1169 1739 1225 quas
1759 1152 1946 1207 subii-

340 1232 551 1287 ciemus
566 1270 579 1294 ‚
602 1229 871 1287 adductae
892 1230 1096 1287 fuerint
1109 1271 1124 1293 ,
1153 1230 1264 1285 iam
1284 1245 1386 1285 nec
1404 1228 1635 1285 alterum
1654 1227 1801 1283 illud
1823 1227 1946 1283 lon-

340 1320 409 1379 ga
449 1303 679 1377 ambage
717 1305 1156 1361 circumductum
1193 1303 1507 1359 universale
1553 1312 1946 1375 argumentum

339 1378 705 1450 sophisticum
740 1380 921 1437 efferri
952 1380 1182 1451 poterit,
1231 1396 1344 1451 quo
1369 1379 1619 1435 nituntur
1651 1377 1946 1435 ostendere

342 1470 450 1509 non
496 1454 773 1524 incepisse
820 1454 988 1511 deum
1042 1454 1340 1525 aliquando
1391 1454 1722 1509 creationem
1772 1452 1944 1510 huius

342 1527 567 1593 mundi,
603 1529 705 1584 sed
730 1546 947 1601 semper
980 1530 1383 1601 pulcherrimae
1421 1529 1554 1585 huic
1588 1529 1942 1585 universitati

342 1601 609 1663 creandae
641 1620 886 1661 vacasse.
964 1604 1200 1661 Dedecet
1227 1607 1403 1667 enim,
1427 1604 1647 1668 dicu'nt,
1673 1602 1944 1659 divinita-

342 1687 452 1735 tem
480 1696 744 1751 umquam
772 1681 893 1735 sine
920 1680 1236 1753 operatione
1259 1680 1409 1745 esse,
1456 1679 1719 1750 quoniam
1739 1680 1842 1735 otii
1861 1688 1942 1735 at·

343 1771 454 1827 que
474 1755 702 1811 inertiae
723 1765 806 1811 est
826 1756 1001 1811 istud:
1034 1755 1134 1810 sed
1155 1755 1366 1827 absque
1387 1755 1544 1809 initio
1558 1796 1570 1818 ‚
1603 1756 1760 1808 aiunt
1774 1795 1787 1817 ‚
1810 1771 1942 1809 con-

343 1829 491 1886 didit
512 1830 653 1887 dens
682 1833 968 1895 universa,
1008 1830 1162 1886 haud
1190 1830 1562 1903 intelligentes
1597 1829 1726 1884 talis
1743 1824 1940 1902 'hypo-

344 1892 999 1974 theseos‘ahsurditatem;
1038 1906 1249 1978 quippe
1269 1907 1368 1979 qui
1385 1905 1632 1961 volentes
1649 1904 1938 1959 minimam

345 1983 746 2038 accusationem
782 2000 815 2037 a
854 1982 959 2037 deo
994 1997 1246 2037 amovere
1261 2022 1276 2045 ‚
1328 1980 1626 2037 maximam
1657 1980 1718 2035 in
1754 1980 1936 2059 ipsum

343 2057 745 2113 accusationem
764 2058 1053 2125 intentant.
1309 2074 1318 2086 ·

454 2182 509 2237 ’1.
550 2180 815 2255 Superest
833 2183 1018 2254 itaque
1037 2190 1101 2237 ut
1121 2180 1336 2246 dicant,
1357 2180 1640 2237 materiam
1659 2188 1854 2235 ornatu
1873 2195 1934 2235 ac

346 2255 601 2314 forma-et
628 2256 803 2331 figura
832 2264 1133 2323 carentem,
1173 2257 1438 2330 qualitate
1474 2273 1540 2311 ac
1577 2254 1749 2311 forma
1779 2254 1848 2308 ab
1875 2270 1935 2307 eo

346 2330 599 2388 donatam
638 2331 837 2397 fuisse,
882 2342 936 2389 et
970 2349 1116 2405 quae
1151 2349 1260 2389 non
1301 2340 1454 2387 erant
1491 2332 1552 2387 in
1588 2347 1681 2394 ea,
1735 2328 1936 2403 figuras

345 2405 546 2463 deinde
566 2408 897 2480 sumpsisse:
942 2424 1049 2462 non
1072 2408 1220 2462 enim
1242 2424 1502 2478 umquam
1525 2405 1664 2461 deus
1687 2400 1762 2481 [³¹]
1787 2404 1936 2458 illam

344 2499 529 2538 creare
555 2484 709 2539 iuxta
736 2500 829 2539 eos
855 2470 1053 2556 coepit.
1131 2481 1290 2549 Quod
1310 2483 1359 2536 si
1377 2482 1600 2554 sapiens
1621 2479 1721 2535 illa
1741 2478 1936 2535 creatio

342 2573 442 2627 per
468 2557 633 2613 deum
663 2558 832 2625 facta,
872 2558 1181 2631 speciosam
1211 2557 1406 2614 mundi
1433 2556 1664 2613 formam
1693 2551 1938 2611 condidit

346 2646 415 2682 ex
443 2631 562 2698 ipsa
592 2636 818 2688 materia
854 2643 1015 2705 atque
1043 2632 1174 2687 inde
1203 2634 1430 2688 materia
1457 2630 1750 2705 pulchram
1777 2627 1939 2685 valde

344 2703 587 2771 speciem
612 2709 800 2763 sortita
832 2716 940 2770 est,
980 2712 1112 2762 rium
1143 2707 1246 2762 hoc
1275 2722 1448 2763 unum
1479 2707 1634 2763 aiunt
1661 2704 1828 2761 deum
1855 2702 1940 2759 fe-
