2125 3084
312 191 411 244 308
565 194 759 240 rim„
799 193 945 240 mn.
986 193 1312 252 QUAEs'r.
1348 193 1448 240 Εἰ·
1497 195 1652 239 son.
1691 191 1940 259 [11,456.]

310 297 573 351 tationem
590 293 745 350 velut
764 294 1031 366 templum
1052 304 1107 350 et
1127 311 1275 350 aram
1295 293 1448 350 domi
1468 310 1735 366 apparere
1757 295 1930 352 fecit:

310 378 374 425 ut
401 372 460 425 in
487 370 668 441 primo
694 370 967 425 sacrificio
994 370 1233 425 nationis
1252 386 1415 425 nemo
1433 369 1552 425 ullo
1571 370 1736 426 modo
1757 389 1938 428 exce-

311 446 405 501 dat
426 445 681 500 alterum.
758 444 963 511 Quarto
982 446 1194 500 iustum
1213 453 1268 500 et
1287 461 1530 516 aequum
1547 446 1769 502 censuit
1782 487 1796 512 ,
1823 465 1936 502 an·-

310 530 533 592 tequam
573 520 834 593 elegisset
872 520 1234 592 particulares
1273 519 1585 576 sacerdotes
1600 561 1612 584 ‚
1670 521 1934 594 integrae

310 596 521 651 nationi
558 595 861 650 concedere
888 595 1286 650 sacerdotium:
1348 603 1410 649 ut
1437 611 1548 650 non
1575 612 1676 667 per
1703 605 1930 668 partem

310 680 502 735 totum,
528 670 627 725 sed
647 687 775 742 pars
796 687 897 742 per
916 678 1090 725 totum
1113 669 1565 741 honorificaretur
1583 687 1716 742 prae
1735 674 1930 726 omni·-

308 746 414 803 bus
444 745 831 816 popularibus.
909 745 978 800 Et
1002 746 1246 817 primum
1267 746 1390 816 ipso
1411 745 1690 817 principio
1709 745 1928 802 factum

308 821 647 877 sacrificium
676 820 811 874 dicti
838 820 1132 876 Paschatos
1157 820 1440 890 permisit,
1482 827 1543 874 ut
1571 820 1722 875 natio
1749 837 1928 876 manu

307 897 531 969 propria
548 895 834 966 perficeret
859 895 1278 966 immolaretque
1303 892 1377 968 [³¹⁵]
1402 895 1548 950 sicut
1573 896 1922 966 principium

307 971 577 1026 bonorum
592 1011 604 1035 ,
630 978 833 1025 certam
852 987 974 1025 eam
994 969 1234 1025 reddens
1247 1009 1260 1034 ‚
1291 968 1442 1040 quod
1459 968 1601 1023 nihil
1623 970 1920 1040 pulchrius

307 1047 406 1109 sit,
446 1062 616 1116 quam
644 1041 857 1100 cultu‘m
884 1045 1142 1099 divinum
1172 1044 1509 1098 unanimiter
1535 1045 1606 1099 ab
1633 1045 1918 1100 universis

307 1121 527 1194 peragi:
592 1128 654 1175 ut
681 1123 847 1175 etiam
868 1128 923 1176 et
941 1120 1134 1192 templi
1157 1118 1518 1174 verritoribus
1540 1126 1594 1172 et
1613 1119 1918 1175 sacerdoti-

306 1195 415 1249 bus
437 1197 630 1266 eisque
648 1195 748 1266 qui
766 1195 1089 1268 pontificatu
1111 1193 1444 1267 funguntur,
1489 1192 1766 1258 indicium
1786 1212 1919 1266 pro-

306 1278 557 1342 totypum
576 1269 651 1324 sit
672 1271 817 1324 natio
836 1287 936 1341 pro
956 1269 1123 1324 rebus
1144 1277 1328 1324 sancte
1340 1267 1692 1340 peragendis,
1735 1268 1916 1336 Quin-

304 1353 380 1407 t0,
395 1345 529 1413 quia
550 1352 661 1398 tam
682 1344 907 1398 domum
926 1345 1049 1399 vult
1068 1360 1534 1415 unamquamque,
1548 1352 1660 1399 tam
1671 1353 1915 1414 patrem-

305 1416 548 1472 familias
588 1418 661 1471 ita
697 1417 970 1489 condigne
999 1418 1243 1489 operari,
1288 1427 1350 1475 ut
1378 1418 1519 1473 nihil
1548 1420 1775 1474 omnino
1805 1420 1910 1474 im—

306 1488 613 1550 munditiae
634 1508 765 1563 prae
784 1491 1070 1557 scierant,
1113 1502 1393 1565 tamquam
1424 1492 1678 1548 sacerdos
1703 1510 1912 1566 purga-

304 1575 396 1619 tus
419 1566 488 1619 ab
507 1567 657 1620 omni
678 1576 901 1638 peccato
916 1607 928 1631 ‚
962 1567 1020 1622 in
1044 1568 1258 1624 cunctis
1279 1568 1446 1622 dictis
1461 1609 1473 1633 ‚
1506 1567 1664 1622 factis
1684 1576 1740 1624 et
1760 1569 1912 1642 cogi-

305 1641 455 1695 tatiS.
532 1639 841 1696 Ecclesiam
868 1659 999 1698 vero
1028 1639 1096 1715 (s.
1119 1641 1617 1716 congregationem)
1647 1661 1797 1698 nunc
1825 1643 1911 1699 di—

306 1733 437 1770 cens
466 1715 878 1772 multitudinem
895 1759 908 1782 ‚
952 1719 1202 1790 apposite
1223 1719 1514 1790 usurpavit
1531 1718 1910 1774 nomenclatu-

306 1809 451 1855 ram,
495 1791 565 1845 ad
592 1793 881 1848 certiorem
913 1793 1288 1866 apparentiam
1318 1790 1642 1866 vigilantiae
1663 1794 1722 1848 in
1744 1793 1906 1848 rebus

305 1867 640 1938 suppositis,
682 1869 829 1924 sicut
858 1877 911 1924 et
938 1885 1088 1924 nunc
1117 1876 1170 1923 et
1198 1867 1256 1921 in
1277 1883 1558 1940 praesenS.
1638 1867 1906 1934 Quoniam

306 1943 668 1998 conveniente
704 1943 1012 1998 secundum
1052 1941 1374 1998 unanimam
1402 1941 1752 1997 concordiam
1781 1943 1906 1997 uni-

304 2032 467 2070 versa
495 2017 852 2074 multitudine
882 2019 941 2073 in
971 2019 1274 2091 gratiarum
1305 2018 1576 2072 actionem
1604 2034 1703 2088 pro
1731 2025 1904 2072 trans-

304 2090 661 2162 migratione,
704 2110 812 2148 non
841 2091 1082 2163 amplius
1113 2091 1528 2147 multitudinem
1558 2099 1651 2146 aut
1690 2100 1902 2164 gentem

306 2173 400 2219 aut
420 2167 690 2238 populum
710 2166 1029 2238 appellavit,
1054 2165 1155 2220 sed
1179 2169 1465 2220 ecclesiam.
1515 2165 1761 2238 Contigit
1781 2184 1901 2240 ergo

306 2240 387 2293 eis
409 2258 518 2294 non
537 2249 748 2296 tantum
772 2241 1093 2312 congregari
1117 2258 1179 2295 ac
1200 2241 1495 2310 convenire
1517 2257 1744 2311 corpore
1759 2281 1771 2305 ‚
1809 2259 1900 2295 ve-

305 2331 429 2368 rum
452 2317 616 2369 etiam
638 2323 837 2378 mente,
859 2323 1140 2386 tamquam
1163 2333 1272 2370 una
1290 2314 1477 2370 indole
1495 2332 1716 2386 unoque
1728 2317 1899 2371 animo

305 2389 687 2444 sacrificaturi.

344 2531 440 2584 ΟΨ·
475 2535 545 2584 ad
574 2551 815 2599 vesperam
846 2531 1097 2584 Transitus
1127 2543 1187 2601 (s.
1215 2535 1428 2597 Phasec)
1458 2541 1728 2586 mactatur?
1755 2537 1866 2602 (ib.)

423 2635 503 2684 Η.
555 2636 803 2690 Fortasse
830 2636 963 2706 quia
991 2644 1150 2690 nocte
1171 2637 1440 2692 beneficia
1461 2647 1615 2694 erant
1633 2638 1894 2702 facienda,

306 2719 407 2756 nec
435 2705 493 2756 in
522 2708 765 2762 tenebris
794 2710 933 2764 solet
958 2710 1295 2764 sacrificium
1319 2711 1532 2776 offerri,
1573 2729 1756 2784 neque
1783 2724 1898 2770 ante
