2125 3084
300 171 400 226 276
556 175 753 222 pun..
791 173 939 220 um.
980 171 1302 231 Quane-r.
1338 171 1440 218 ET
1477 171 1634 218 θοι..
1685 167 1922 235 [miae]

298 280 465 334 vinae
480 276 691 350 gratiae
711 273 1178 332 abundantissimi
1197 281 1330 330 sunt
1351 249 1532 330 fontes
1545 315 1560 339 ,
1599 281 1656 330 et
1673 289 1833 331 mens
1853 284 1922 334 et

299 353 561 426 cogitatio
606 351 849 408 hominis
896 350 1166 422 sapientis
1215 348 1384 404 fontis
1429 350 1604 406 instar
1650 360 1922 406 emanant

298 427 464 484 bona.
542 427 722 499 Atque
758 443 881 482 eam
918 425 991 482 ob
1026 441 1250 480 causam
1276 425 1458 496 magis
1485 423 1914 490 condemnatur,

298 503 513 575 quippe
528 503 649 573 qui,
670 510 963 574 postquam
984 499 1130 555 vidit
1150 497 1434 554 laudabile
1449 540 1462 561 ,
1487 499 1718 572 gaudet,
1743 499 1920 574 eligit

298 587 353 634 et
380 576 639 634 conciliat
666 575 781 632 sibi
808 573 1202 648 vituperabile.
1279 571 1552 640 Quoniam
1573 591 1735 630 caeco
1752 577 1920 646 peri·-

299 653 514 708 clitanti
532 651 1023 724 compingentique
1040 667 1174 704 casu
1194 649 1255 703 in
1277 648 1493 720 aliquid
1519 650 1685 704 venia
1715 648 1910 720 adest3

298 736 521 784 acutum
542 735 723 782 tamen
744 726 875 782 visu
894 724 1301 782 conviciabitur
1328 724 1458 794 quis
1485 724 1607 778 iure
1621 765 1636 788 .
1674 726 1774 780 vix
1804 725 1920 782 de·-

298 804 597 858 clinantem
618 801 711 856 vel
730 808 1016 856 caventem
1036 800 1160 854 vias
1181 797 1456 864 lubricas,
1497 799 1668 854 immo
1695 807 1758 855 ut
1786 817 1920 856 ma·-
2007 849 2018 854 -

296 881 385 951 gis
403 878 626 951 proprie
646 875 829 932 dicam
842 916 856 939 ‚
880 875 1114 932 minime
1132 873 1310 928 tritas.
1369 874 1535 928 Porro
1551 873 1690 930 alias
1710 875 1920 930 dicen·-

296 955 433 1007 dum
454 952 559 1008 erit
578 960 691 1008 tam
710 967 879 1006 unam
899 966 1023 1006 esse
1041 947 1488 1004 benedictionem
1501 990 1516 1014 ,
1557 965 1728 1020 quam
1757 951 1913 1006 mul·

294 1027 575 1101 tiplicem:
637 1043 806 1080 unam
826 1027 885 1080 in
905 1041 1128 1098 genere,
1151 1022 1522 1095 multiplicem
1543 1040 1673 1078 vero
1693 1025 1753 1079 in
1773 1042 1912 1097 spe-

296 1102 381 1158 cie
394 1143 411 1167 ,
434 1101 745 1158 secundum
762 1101 988 1158 illorum
1008 1097 1389 1155 diversitatem
1403 1139 1416 1162 ,
1445 1099 1546 1168 qui
1565 1115 1688 1154 eam
1709 1116 1911 1155 eonse-

297 1186 563 1249 quuntur.

298 1317 375 1380 [Ἴ
418 1315 549 1373 Qtn'd
587 1325 657 1366 ent
697 1349 731 1377 ‚,
752 1313 1038 1378 compuncto
1075 1323 1231 1364 autem
1263 1311 1418 1364 Isaac
1448 1313 1732 1364 exclan-avit
1763 1315 1910 1366 Esou

693 1397 806 1430 voce
840 1397 1018 1446 maqna
1052 1391 1100 1430 et
1117 1381 1340 1444 fleuit“?
1384 1381 1505 1446 (ib.)

405 1493 526 1545 232.
568 1491 687 1544 Non
703 1531 716 1554 ,
740 1498 803 1545 ut
819 1498 1015 1561 putant
1034 1491 1266 1562 quidam
1281 1531 1296 1556 ,
1317 1491 1392 1548 ob
1409 1497 1750 1548 senectutem
1767 1507 1911 1563 poe-

292 1732 560 1805 quoniam
608 1731 701 1788 dei
748 1733 1050 1805 gratiamm
1097 1732 1308 1804 copiosi
1351 1740 1482 1787 sunt
1523 1732 1730 1791 fontes.
1789 1733 1908 1790 imo

294 1808 444 1880 quod
475 1823 632 1862 mens
660 1807 952 1880 prudentis
981 1807 1378 1862 abundantiam
1405 1806 1574 1863 habet
1609 1808 1902 1864 bonorum.

293 1883 445 1949 Quae
466 1899 633 1938 causa
652 1883 895 1955 amplius
915 1881 1156 1938 efficitur
1176 1882 1566 1940 conditionalis
1580 1924 1594 1947 ,
1637 1884 1904 1954 quoniam

294 1957 541 2014 videndo
566 1957 899 2022 laudabilia,
944 1958 1234 2021 amabilia,
1277 1957 1702 2030 vituperabilia,
1740 1975 1904 2014 caeco

295 2033 445 2086 enim
474 2031 773 2088 offendenti
802 2032 967 2088 datur
991 2035 1184 2098 venia,
1237 2033 1376 2087 tanti
1415 2041 1600 2088 autem
1629 2035 1904 2088 acuminis

294 2108 480 2162 virum
504 2106 869 2179 reprehendat
886 2109 1080 2178 quivis
1099 2108 1296 2163 merito
1310 2123 1414 2179 pro
1433 2107 1626 2180 lapsis.
1675 2107 1904 2181 Proprie

294 2193 479 2237 tamen
506 2184 897 2253 interpretatur
926 2182 1111 2253 (mat-9.
1141 2181 1478 2256 interfatur),
1531 2183 1682 2254 quod
1711 2191 1768 2238 et
1793 2201 1902 2240 una

295 2266 379 2313 est
396 2257 713 2312 benedictio
725 2297 738 2320 ,
763 2263 817 2310 et
834 2256 1051 2328 plures:
1077 2273 1189 2313 una
1209 2257 1517 2312 secundum
1537 2274 1718 2330 genus
1731 2299 1745 2322 ,
1773 2258 1903 2331 plu·-

294 2349 385 2386 res
412 2331 723 2388 secundum
751 2332 969 2402 species
999 2347 1102 2403 pro
1129 2331 1436 2388 differentia
1473 2332 1902 2406 interponendo-

295 2422 439 2459 rum.

390 2525 521 2582 aad
551 2537 622 2577 eet
654 2562 689 2590 „
707 2527 992 2594 Compunceo
1028 2497 1180 2578 Isaeo
1215 2529 1496 2582 exclamavit
1529 2547 1646 2582 voce
1676 2531 1819 2584 Esau

916 2604 961 2644 et
987 2595 1202 2660 ploravit
1216 2597 1282 2643 “2

406 2691 527 2746 232.
540 2691 683 2756 Non,
696 2703 761 2749 ut
769 2694 997 2765 quidam
1008 2695 1324 2768 opinantur,
1338 2706 1622 2754 senectute
1631 2715 1908 2772 compun-
