2125 3084
352 160 414 212 42
796 166 1166 213 RHILONIS
1211 165 1486 213 IUDAEI
1779 165 1848 231 ,[Ι,
1870 170 1936 237 3.]

346 264 678 413 ξὲἑῗιὲἳᾱοτο
698 282 978 323 conemur.
1056 265 1394 341 Argumenta
1414 268 1598 339 itaque
1617 267 1939 331 huiusmodi

454 452 507 513 2.
556 456 905 511 Providentia
935 457 1339 513 irrationalisne
1373 466 1483 522 est,
1525 475 1592 513 an
1622 461 1943 520 rationalis?

344 532 643 587 Rationalis
662 532 874 601 utique.

452 606 563 673 Qui
588 622 719 660 vero
744 606 1089 660 accusatione
1108 604 1513 678 providentiam
1535 606 1731 675 afficit,
1771 615 1935 669 ratio-

346 682 613 736 naliterne
633 680 693 735 id
713 681 854 753 agit,
880 688 974 735 aut
998 680 1421 735 irrationaliter?
1454 682 1819 751 Rationaliter,
1841 688 1934 742 di-

345 774 543 812 xerim.

453 832 619 887 Estne
665 830 787 901 ipse
830 845 1051 901 quoque
1098 829 1482 901 providentiae
1529 818 1720 903 expers
1759 826 1819 899 (i.
1871 846 1925 884 e.

344 904 741 979 improvidus),
782 905 881 977 qui
902 922 1021 959 eam
1042 903 1325 976 inculpat?
1361 906 1439 959 Ita
1461 923 1613 961 sane.
1664 946 1670 953 .

310 1042 315 1047 ,
452 980 735 1049 Quomodo
753 996 881 1052 ergo
902 980 976 1044 is,
1021 981 1122 1051 qui
1149 978 1494 1052 providentia
1517 980 1806 1037 destitutus
1825 988 1925 1045 est,

340 1056 745 1128 providentiam
765 1071 1020 1110 accusare
1038 1055 1255 1126 poterit,
1279 1071 1454 1125 quum
1474 1056 1596 1127 ipse
1615 1062 1790 1113 careat
1805 1072 1931 1126 pro-

341 1130 624 1187 videntia?
662 1130 809 1185 Fieri
828 1128 977 1184 ‘enim
1000 1131 1220 1201 nequit,
1251 1139 1312 1185 ut
1335 1130 1610 1203 legitimas
1633 1131 1932 1189 accusatio-

341 1222 438 1260 nes
460 1205 714 1277 proferat‚
738 1222 911 1277 quum
931 1206 1089 1276 prius
1111 1205 1361 1285 eruditus
1381 1214 1544 1277 atque
1565 1206 1932 1280 intelligentia

342 1280 473 1335 boni
495 1283 795 1335 instructus
817 1282 936 1351 ipse
958 1296 1066 1335 non
1086 1280 1180 1335 sit.
1257 1280 1461 1337 Verum
1481 1290 1586 1336 est.

440 1353 609 1429 ‘Quod
638 1354 688 1409 si
716 1356 844 1426 quis
872 1356 1005 1409 satis
1024 1354 1243 1417 ,bonum
1273 1364 1642 1413 accusatorem
1674 1374 1736 1411 se
1753 1355 1938 1428 prodit

336 1429 468 1484 boni
485 1471 497 1494 ‚
540 1436 728 1501 utpote
756 1430 854 1501 qui
884 1431 1106 1502 sapiens
1133 1431 1233 1495 sit,
1274 1430 1424 1487 hunc
1444 1430 1760 1487 nullatenus
1781 1432 1940 1487 dice-

336 1520 461 1558 mus
490 1513 769 1579 expertem
809 1518 929 1560 esse
964 1505 1374 1577 providentiae,
1428 1523 1602 1578 quum
1638 1509 1739 1580 qui
1779 1507 1938 1563 illam

338 1580 540 1652 carpit,
562 1580 837 1652 sapienter
856 1590 1084 1653 quaerat
1099 1581 1526 1653 providentiam.
1604 1584 1681 1637 Ita
1703 1591 1808 1638 est.

448 1709 501 1769 3,.
544 1704 780 1762 Sciendo
808 1724 938 1762 vero
967 1706 1372 1779 providentiam
1399 1709 1644 1763 noscitne
1665 1708 1944 1779 improvi-

335 1780 613 1838 dentiam?
654 1782 874 1853 Utique.
1583 1786 1589 1791 '
1663 1794 1670 1801 ·

401 1932 431 1985 ⁸?
444 1857 794 1915 Providentia
814 1866 967 1912 estne
975 1856 1737 1930 oppositaimprovidentiae‘?
1755 1856 1945 1924 Quid-

336 1950 393 1986 m
971 1974 979 1983 .
1419 1958 1426 1967 ·
1623 1964 1630 1971 ·
1899 1958 1910 1969 ·

448 2004 521 2082 [⁴⁸⁵]
566 2008 626 2063 Si
653 2024 783 2081 ergo
802 2008 877 2063 ita
897 2024 985 2062 res
1000 2024 1061 2061 se
1085 2007 1279 2072 habet,
1321 2006 1668 2079 providentia
1690 2008 1816 2078 ipsa
1839 2007 1946 2063 de-

332 2090 525 2137 trectet
542 2081 1023 2155 improvidentiam
1033 2080 1143 2155 ⁴⁵³³).
1221 2083 1458 2137 Necesse
1484 2091 1585 2137 est.

445 2157 514 2212 At
542 2174 651 2213 non
680 2157 1087 2230 providentiam
1107 2157 1554 2229 improvidentia.
1633 2158 1754 2212 Non
1778 2150 1942 2212 sabe.

443 2231 550 2299 Qui
570 2249 699 2306 ergo
719 2231 968 2303 inculpat
986 2232 1472 2304 improvidentiam
1487 2274 1500 2297 ‚
1531 2231 1603 2287 ob
1625 2248 1817 2287 rerum
1837 2246 1950 2287 cu·—

332 2323 447 2361 ram
476 2306 545 2379 (s.
575 2325 645 2362 ex
663 2324 793 2363 cura
820 2315 914 2362 aut
941 2306 1252 2381 diligentia)
1281 2308 1516 2363 incusat.
1591 2306 1798 2363 Verum
1833 2314 1948 2362 est.

398 2452 403 2457 “
432 2447 477 2496 ·)
510 2448 629 2487 Haec
651 2448 859 2498 patebunt
881 2457 936 2487 cx
958 2449 1051 2487 toto
1077 2457 1206 2487 cursu
1229 2448 1438 2488 sermoni·
1463 2448 1610 2496 primi,
1639 2448 1714 2497 qui
1739 2449 1851 2488 rolin
1871 2458 1954 2487 ra.-

332 2498 521 2538 tionibus
556 2494 744 2547 constit.
786 2498 970 2547 ideoque
1003 2499 1182 2538 multam
1215 2500 1261 2538 in
1295 2510 1343 2539 ue
1377 2499 1567 2539 continet
1600 2498 1926 2539 obscuritatem
1940 2512 1956 2545 ς,

332 2558 429 2586 eum
455 2559 637 2597 sequens
664 2560 803 2590 nermo
824 2548 1029 2598 exempli·
1053 2550 1334 2591 familiaribus
1360 2551 1644 2599 interspersa·
1669 2549 1805 2598 longe
1841 2560 1958 2599 pro-

329 2598 425 2635 nior
451 2599 507 2636 nit
531 2602 659 2647 atque
684 2600 935 2649 expeditior.
986 2598 1148 2639 Auch-

329 2660 501 2750 Aahx)
551 2665 582 2702 t.
624 2675 664 2705 ο.
714 2666 986 2707 Providentia
1018 2666 1094 2705 ubi
1127 2668 1214 2712 eut.
1267 2666 1328 2705 ibi
1361 2666 1688 2715 improvidentia
1719 2677 1816 2707 non
1845 2668 1965 2708 orit.
