2125 3084
202 172 409 243 [1‚165.]
606 178 738 225 1:11³.
778 180 881 225 DE
909 181 1399 229 ANIMALIBUS.
1699 180 1795 235 {53

202 278 429 341 omnino
446 286 631 333 carent
649 278 849 335 anima.
914 278 1121 335 Revera
1143 288 1324 337 tamen
1343 298 1452 337 non
1471 282 1574 337 ista
1596 283 1794 340 dantur

204 362 261 411 et
284 354 345 409 in
370 351 667 425 praedictis
694 350 1045 409 animalibus.
1123 353 1328 411 Cuncta
1353 357 1500 411 enim
1527 370 1793 431 peragunt

203 445 315 485 non
335 426 568 500 provida
586 428 964 499 procuratione
986 444 1050 483 ac
1069 428 1301 484 consilio
1315 469 1329 494 ,
1371 429 1470 485 sed
1487 432 1790 487 secundum

202 501 625 559 irrevocabilem
651 502 1019 573 operationem
1052 500 1283 559 eliciunt
1309 520 1379 559 ex
1413 506 1633 575 propria
1663 522 1794 563 con-

202 578 503 633 structione
521 578 879 651 proprietates
898 576 1194 633 naturales.
1265 579 1514 649 Namque
1531 580 1794 635 eonsimi-

204 654 331 709 liter
357 650 649 725 palumbes
674 649 899 723 fugiunt
930 651 1208 717 vultures,
1251 669 1312 708 ae
1331 653 1474 725 pulli
1492 654 1686 709 timent
1705 671 1794 711 re·

202 727 393 799 ptilia;
437 734 492 786 et
520 726 985 787 marinimurices
1014 726 1150 781 dum
1174 735 1470 800 tanguntur
1493 725 1546 815 [⁴¹⁶
1590 726 1660 783 ab
1689 728 1794 783 ali-

202 818 340 873 quo,
391 801 652 859 tenaciter
690 800 1072 873 constringunt
1109 800 1378 873 lapidem,
1425 818 1518 859 cui
1585 811 1788 869 serent,

201 876 357 931 velut
377 874 643 931 ambabus
662 874 919 932 manibus
932 882 1178 931 tenentes
1198 884 1250 931 et
1271 893 1430 950 aegre
1445 876 1654 933 divulsi
1675 878 1790 933 vim

203 951 413 1005 faciunt
437 966 535 1022 pro
562 950 785 1004 unione.
862 948 1261 1005 Deliberatione
1280 950 1496 1006 forsan?
1541 952 1787 1018 Minime,

201 1022 302 1080 sed
320 1032 544 1079 naturae
563 1023 831 1097 peculiari
848 1022 1088 1095 quadam
1108 1024 1484 1099 dispositione,
1509 1042 1652 1097 quae
1672 1027 1792 1081 sin-

200 1098 334 1173 gula
366 1096 435 1153 ad
462 1113 600 1170 opus
624 1106 929 1173 coaptatum
959 1098 1178 1155 invitat.
1255 1099 1617 1169 Quamobrem
1637 1118 1786 1167 aves,

202 1173 391 1233 statim
408 1180 471 1227 ut
500 1171 615 1227 alae
644 1174 725 1229 eis
754 1181 910 1229 natae
944 1174 1086 1239 sint,
1128 1174 1280 1230 illico
1310 1174 1519 1243 volant;
1565 1183 1619 1230 et
1646 1178 1789 1231 tauri

201 1246 463 1304 cornibus
492 1250 633 1303 natis
661 1248 811 1305 illico
841 1264 1041 1303 cornua
1071 1259 1290 1305 movent
1323 1258 1376 1305 et
1405 1251 1789 1323 impugnantes

200 1331 543 1395 oppugnant.
618 1322 925 1389 Praeterea,
968 1322 1120 1381 haud
1149 1325 1394 1381 consulto
1418 1324 1614 1398 (neque
1641 1326 1788 1380 enim

201 1397 265 1453 id
292 1397 472 1472 putes)
502 1398 716 1471 scorpio
746 1396 995 1455 attollens
1024 1399 1276 1455 aculeum
1315 1399 1583 1464 dimovet,
1638 1416 1701 1455 ac
1736 1401 1784 1455 si

198 1490 301 1547 per
321 1473 643 1531 electionem
664 1473 912 1529 statuerit
930 1472 1130 1531 debere
1147 1476 1343 1532 ulcisci
1363 1492 1487 1531 eum
1503 1516 1516 1541 ,
1557 1474 1656 1547 qui
1677 1476 1788 1531 iam

200 1548 463 1603 iniuriam
484 1550 595 1604 sibi
617 1546 825 1603 fecerit.
896 1548 1050 1605 Sicut
1071 1552 1237 1607 etiam
1255 1568 1429 1623 genus
1449 1550 1787 1623 serpentium

197 1623 522 1680 invadentes
541 1641 601 1677 se
620 1624 816 1678 nititur
829 1622 1078 1679 mordere
1098 1626 1156 1679 vi
1175 1642 1474 1694 venenosa3
1517 1642 1657 1680 anne
1677 1627 1788 1679 sci·

197 1714 259 1751 re
280 1699 443 1752 etiam
462 1698 661 1769 poterit
679 1712 845 1767 quem
865 1713 935 1751 ex
951 1700 1149 1753 morsis
1170 1702 1306 1754 mori
1319 1698 1630 1771 contingat?
1653 1700 1786 1752 Item

200 1772 532 1842 comparatio
560 1770 743 1824 victus
764 1778 818 1823 et
841 1769 1154 1827 morborum
1175 1774 1383 1827 curatio
1396 1812 1408 1835 ‚
1450 1780 1504 1825 et
1521 1772 1610 1824 bis
1629 1772 1789 1825 simi-

200 1846 277 1901 lia
292 1887 304 1910 ,
347 1846 547 1899 iterum
576 1851 801 1899 naturae
826 1852 954 1897 sunt
972 1844 1316 1899 inventiones
1338 1846 1555 1899 innatae
1578 1845 1788 1898 anima-

201 1920 352 1975 libus
380 1917 659 1975 invisibili
683 1917 909 1972 virtute.
986 1918 1055 1972 Et
1089 1918 1226 1973 baec
1261 1919 1443 1972 omnia
1479 1916 1782 1988 possident,

198 2004 262 2051 ut
287 1992 440 2049 salva
468 2010 527 2049 se
546 1999 766 2047 servent
784 1998 839 2046 et
854 1998 917 2045 ut
935 1990 1222 2047 vindicent
1243 2008 1302 2047 se
1324 1991 1392 2046 ab
1413 1991 1782 2047 invasoribus.

314 2102 401 2153 81.
440 2098 560 2157 Non
586 2100 733 2151 enim
762 2094 985 2151 edoctus
1014 2110 1140 2149 mus
1170 2094 1228 2147 in
1254 2095 1421 2150 rimas
1450 2113 1579 2151 suas
1605 2105 1787 2153 antra-

198 2190 309 2247 que
329 2172 700 2245 immergitur,
743 2179 797 2226 et
823 2169 1092 2242 quicquid
1121 2169 1194 2224 sit
1223 2168 1370 2244 frugi
1390 2179 1442 2225 et
1461 2179 1612 2227 natos
1633 2186 1780 2237 su08,

201 2258 491 2319 antequam
535 2248 931 2302 incrementum
976 2244 1156 2300 sortiti
1192 2245 1302 2301 sint
1317 2286 1329 2310 ,
1389 2246 1538 2301 intus
1583 2245 1784 2303 inferre

198 2323 401 2380 studet.
478 2322 625 2379 Pulli
661 2330 842 2378 tamen
879 2318 1240 2375 hirundinum
1279 2320 1466 2377 cibum
1504 2321 1783 2395 digestum

198 2407 341 2455 retro
359 2398 507 2453 versi
524 2396 822 2469 deponunt'.
898 2396 1043 2453 Num
1063 2402 1240 2451 certae
1261 2395 1548 2451 cuiusdam
1575 2397 1784 2455 utilita—

199 2476 271 2531 tis
301 2490 497 2531 sensus
526 2472 667 2529 alius
688 2471 795 2528 fuit
818 2488 911 2529 um
952 2488 1082 2531 uam
1101 2471 1326 2527 animali
1352 2480 1445 2527 aut
1461 2473 1782 2529 continuum

200 2547 447 2605 studium
474 2546 731 2604 virtutis?
767 2545 852 2603 An
894 2564 923 2601 a
992 2546 1206 2618 aliquid
1241 2546 1339 2602 diu
1369 2545 1619 2603 durabile
1647 2565 1782 2621 ope·-

198 2624 432 2679 randum
470 2622 703 2695 provide
734 2638 795 2678 se
832 2629 1138 2690 verterunt,
1190 2631 1254 2680 ut
1290 2622 1504 2697 aliquid
1540 2625 1778 2697 amplius

200 2700 479 2775 augmenti
497 2700 789 2757 sortiantur
805 2694 980 2755 facta?
