2125 3084
302 193 397 244 462
510 194 707 239 PHIL.
750 194 902 239 [UD.
946 193 1274 251 QUAEST.
1314 192 1414 237 ΕΤ
1453 193 1615 237 SOL.
1668 188 1900 255 [11,348.]
2031 26 2078 261 1

298 298 557 352 vitiorum
588 293 931 348 incursiones
960 309 1061 364 pro
1091 292 1214 365 lege
1243 292 1509 347 habentes
1549 293 1903 364 iniquitatem

296 371 386 442 (ad
413 373 555 426 verb.
588 369 729 441 legis
758 367 1149 439 privationem)
1178 376 1232 421 et
1269 368 1536 438 politicen
1576 366 1734 423 fraud
1743 369 1905 423 ulen-

296 456 426 500 tam.

298 585 370 651 [⁴²]
428 582 597 649 (Quid
608 602 625 609 ·
642 584 706 633 sit
758 619 791 646 „
804 584 1057 633 ascendere
1108 600 1251 647 super
1311 583 1515 633 camelos
1528 585 1624 645 “9)
1635 582 1690 646 *)
1765 580 1903 639 Quae

429 662 536 709 sunt
571 686 605 715 ,‚
620 651 822 701 ancillae
838 653 895 712 “‚
944 652 1216 715 quibuscum
1249 666 1446 714 auryens
1479 649 1702 699 Rebecca
1737 659 1901 701 αεσεπὲ

431 720 502 769 dit
534 734 676 783 cuper
710 718 943 767 camelos?
986 720 1094 781 (24,
1129 718 1237 777 61.)

414 824 529 875 436.
578 820 863 874 Ascendere
889 823 1109 874 camelos
1137 834 1344 873 morem
1371 826 1426 872 et
1451 818 1781 890 religionem
1810 820 1902 872 in-

297 896 445 951 dicat
470 910 730 964 superare
758 895 1003 964 speciem
1032 892 1436 956 memorialem,
1478 894 1742 965 quoniam
1771 910 1900 963 per-

297 970 606 1025 severantia
620 976 857 1040 cognata
877 969 1174 1022 memoriae
1195 975 1304 1031 est,
1339 976 1393 1022 et
1421 968 1716 1021 memoriae
1747 985 1900 1040 sym-

298 1045 513 1108 bolum,
553 1052 613 1097 ut
641 1060 805 1115 saepe
835 1043 1045 1097 dictum
1076 1052 1185 1107 est,
1229 1042 1472 1096 camelus
1513 1052 1616 1096 est.
1694 1041 1900 1098 Verum

296 1124 571 1174 ascendere
589 1118 731 1174 nihil
752 1118 905 1172 aliud
933 1126 1041 1181 est,
1087 1118 1198 1172 nisi
1227 1134 1394 1187 supra
1421 1117 1743 1170 memoriam
1770 1132 1900 1188 per-

296 1203 440 1248 stare
455 1235 467 1257 ,
510 1210 620 1246 non
650 1209 779 1247 vero
799 1209 1054 1246 somnum
1075 1191 1374 1246 oblivionis
1395 1192 1710 1263 imaginari.
1789 1194 1901 1245 An-

299 1272 451 1322 cillae
478 1283 610 1321 vero
639 1283 831 1320 servae
860 1266 1134 1337 quaedam
1163 1274 1294 1320 sunt
1311 1267 1781 1337 perseverantiae,
1816 1276 1902 1321 te·-

297 1358 460 1395 nerae
498 1340 804 1411 mollesque
842 1348 897 1393 et
933 1339 1126 1395 faciles
1166 1340 1235 1394 ad
1272 1340 1600 1394 discendum
1647 1349 1897 1405 naturae,

296 1423 517 1486 paratae
554 1422 949 1485 promptaeque
990 1415 1059 1468 ad
1099 1414 1353 1469 dominae
1399 1416 1709 1470 servitium.
1786 1416 1902 1469 No-

296 1491 448 1543 mina
480 1496 661 1542 autem
698 1488 1021 1541 ancillarum
1052 1491 1493 1559 perseverantiae
1523 1498 1652 1544 sunt
1689 1490 1903 1561 impro-

297 1562 547 1636 pendens
564 1603 575 1625 ,
600 1562 999 1616 indeclinatum
1018 1564 1077 1616 in
1101 1580 1266 1617 unam
1286 1572 1498 1635 partem
1513 1605 1525 1629 ,
1551 1565 1780 1619 minime
1801 1564 1903 1619 de-

299 1639 510 1693 clivum
530 1638 590 1692 in
617 1638 977 1701 contrarium,
1002 1638 1370 1708 impoenitens
1385 1681 1398 1702 ,
1421 1639 1788 1703 immutabile,
1811 1641 1904 1694 in·-

299 1712 587 1777 differens,
613 1721 895 1788 constans,
921 1712 1041 1767 basi
1069 1712 1261 1779 fixum,
1291 1714 1642 1777 invincibile,
1665 1723 1898 1777 rectum,

299 1799 352 1845 et
381 1805 763 1861 quaecumque
794 1788 989 1842 horum
1010 1788 1204 1843 fratres
1225 1796 1382 1851 sunt,
1415 1788 1513 1859 qui
1535 1789 1768 1859 cupiunt
1788 1797 1903 1852 sta7

298 1865 469 1919 bilem
490 1865 977 1937 perseverantiam.

340 2022 469 2078 Quid
502 2032 569 2071 est
604 2058 635 2083 „
651 2022 901 2085 Accipiem
932 2022 1207 2073 adolescens
1230 2020 1494 2069 Rebeccam
1519 2021 1720 2071 abiiw?
1745 2023 1866 2085 (ib.)

414 2122 529 2175 ⁴37.
580 2120 1054 2185 Quemadmodum
1085 2124 1233 2196 apud
1264 2124 1618 2178 instructores
1659 2124 1902 2178 dicimus

298 2195 579 2266 proximos
601 2202 654 2247 et
674 2194 979 2265 discipulos
1001 2199 1202 2252 debere
1225 2200 1472 2270 accipere
1500 2198 1903 2270 intelligentiae

299 2270 702 2341 speculationes
722 2271 998 2340 propriaS,
1030 2274 1268 2342 optimas
1281 2272 1397 2345 **),
1433 2269 1666 2327 selectas
1685 2282 1851 2343 atque
1875 2290 1903 2326 a

403 2412 447 2457 *)
490 2410 607 2451 Haec
642 2410 763 2449 uncis
798 2410 984 2455 inclusa,
1039 2421 1149 2458 quae
1191 2414 1347 2452 desunt
1379 2415 1426 2452 in
1456 2414 1550 2453 cod.
1587 2413 1646 2459 A,
1693 2414 1906 2453 collocant

300 2460 425 2499 codd.
465 2460 498 2499 C
534 2464 578 2499 et
611 2460 651 2498 D
692 2462 817 2508 paulo
854 2461 1051 2507 inferius,
1097 2463 1178 2500 sub
1213 2464 1335 2501 initio
1372 2465 1572 2503 nimirum
1611 2464 1844 2503 solutionis
1879 2474 1906 2501 a

299 2510 478 2548 Philone
514 2513 757 2557 coaptatae:
814 2512 886 2549 ubi
915 2514 1060 2549 tamen
1096 2512 1190 2549 cod.
1216 2511 1254 2549 A
1287 2514 1378 2551 sine
1413 2516 1748 2561 interrogatione
1785 2516 1904 2553 simi-

299 2559 357 2595 lia
382 2560 515 2597 verba
540 2562 775 2599 constituit.
826 2560 935 2597 Utut
958 2562 1037 2605 sit,
1067 2562 1222 2599 solutio
1249 2562 1342 2608 ipsa
1359 2565 1496 2611 exig-it
1513 2565 1723 2611 imprimis
1741 2566 1906 2605 hancce

299 2608 677 2655 interrogationem
702 2610 1056 2659 praemittendam
1083 2611 1127 2647 in
1163 2612 1371 2659 principio
1407 2615 1683 2660 quaestionis.
1737 2615 1906 2653 Auch.

404 2672 474 2718 *ἢ
501 2674 640 2713 Aliter
664 2680 807 2725 potest
832 2686 984 2715 sonare
1010 2676 1138 2714 lectio
1165 2677 1260 2715 cod.
1287 2677 1347 2716 A:
1385 2680 1609 2728 discipulos
1627 2684 1910 2729 speculationi

301 2722 457 2760 deditos
484 2726 659 2769 optimos
685 2730 761 2767 etc.
811 2723 969 2765 Auoh.
