2125 3084
197 190 278 257 [m
302 186 417 253 405]
531 193 614 240 IN
653 192 1015 239 GENESIN.
1055 194 1311 241 emmo
1342 198 1433 243 lv.
1668 190 1765 245 2ss

197 293 468 351 intellectu
487 294 770 365 praeditus
791 288 1100 349 contemnet
1118 294 1495 366 despicietque
1512 296 1774 353 inceden-

196 380 314 503 {1⁶32
330 369 388 423 in
423 369 722 440 sapientia,
768 370 900 441 quia
927 370 1150 442 sapiens
1178 386 1287 449 non
1317 368 1487 425 aflicit
1512 386 1637 427 eum
1666 388 1775 444 pu-

200 570 288 637 Cm'·
319 586 366 635 ei
396 584 576 635 dicenti
581 603 597 633 .·
653 583 932 647 „Iudaeam
961 601 1105 650 super
1126 603 1199 636 me
1220 586 1589 637 maledictionem
1615 596 1660 635 et
1684 602 1777 637 non

319 653 744 715 benedictionem“,
784 662 934 702 mater
969 654 1113 703 dicit.-
1164 652 1375 718 „Super
1407 670 1479 703 me
1512 652 1660 717 (erit)
1695 652 1779 703 illa

317 720 604 783 maledictio,
633 718 723 781 fili
751 720 910 769 mi“?·
930 722 1036 785 (2⁷,
1084 727 1143 770 12
1162 722 1231 785 s.)

197 875 207 883 ,
296 840 415 894 202.
456 834 710 907 Aequum
731 842 814 890 est
823 832 876 908 ³¹⁵)
897 844 950 891 et
969 844 1197 890 matrem
1217 836 1406 892 mirari
1430 844 1653 909 propter
1681 836 1781 891 be-

188 911 529 968 nevolentiae
549 926 737 965 curam
753 952 765 975 ,
809 926 983 983 quum
1011 912 1326 983 promiserit
1354 912 1411 967 i'n
1441 930 1501 966 se
1530 919 1781 984 accepta-

189 1005 250 1042 re
286 984 724 1041 maledictionem
773 986 826 1041 ei
871 986 1263 1057 pertinentem3
1336 996 1389 1042 et
1426 986 1605 1041 filium
1651 1002 1780 1059 pro-

188 1070 312 1133 pter
337 1047 620 1131 utriusque
650 1062 916 1134 genitoris
944 1062 1336 1126 reverentiam,
1380 1062 1641 1135 quoniam
1671 1062 1780 1117 huc

187 1136 328 1191 illuc
345 1134 674 1201 trahebatur,
696 1152 765 1191 ne
783 1144 1071 1208 putaretur
1089 1144 1369 1208 tamquam
1388 1136 1779 1209 illuderepatri

188 1220 246 1267 et
266 1210 443 1265 aliena
464 1210 792 1277 desiderare,
821 1228 1004 1283 neque
1023 1219 1253 1267 matrem
1271 1212 1552 1285 negligere
1570 1230 1635 1267 ac
1654 1229 1781 1267 ver—

187 1286 262 1341 ba
283 1288 403 1340 eius
423 1285 584 1341 nihili
605 1284 782 1342 facere
802 1286 1087 1341 videretur
1101 1328 1113 1351 ‚
1156 1288 1249 1342 cui
1269 1286 1335 1360 (s,
1359 1288 1521 1359 quae)
1541 1288 1782 1361 supplex

173 1378 312 1417 -sese
329 1360 764 1417 commendabat.
819 1360 996 1428 Quare
1017 1362 1155 1417 dicit
1171 1364 1340 1417 nimis
1358 1362 1555 1419 timide
1574 1370 1630 1419 'et
1648 1380 1781 1419 con-

287 1504 331 1552 ¹i)
359 1504 426 1546 Gr.
453 1505 740 1555 fragmentum
765 1512 896 1553 supra
917 1503 1016 1545 Vol.
1042 1503 1117 1544 VI.
1144 1516 1187 1555 p.
1213 1506 1302 1547 2⁴10.

98 1704 115 1722 ⁰
180 1740 308 1779 mee
325 1731 494 1779 totam
514 1722 736 1793 planam
755 1722 1091 1777 inveniendo
1104 1763 1116 1786 ,
1148 1724 1565 1777 servantissime
1580 1721 1781 1794 digm-

177 1810 276 1855 tur
297 1815 428 1853 eum
447 1814 557 1851 non
574 1797 657 1851 uti
677 1806 1102 1869 contemptorem
1131 1812 1419 1866 respuere:
1469 1796 1583 1850 Nec
1610 1796 1777 1860 enim,

180 1874 268 1929 ait
281 1914 295 1937 ,
321 1879 556 1943 possunt
573 1871 744 1927 sobrii
761 1873 858 1928 tali
880 1873 1018 1928 vitio
1037 1870 1350 1955 maculari*

184 2029 387 2096 {sequid
427 2029 607 2079 dicente
647 2046 729 2080 eo.-
801 2067 835 2094 ‚,
849 2029 1078 2081 Adducat
1118 2044 1261 2093 super
1305 2044 1378 2077 me
1418 2026 1786 2077 maledictionem

316 2116 414 2163 pro
461 2097 836 2163 benedictione“,
885 2108 1036 2165 mater
1079 2094 1177 2147 ait.-
1245 2095 1455 2163 „Super
1488 2111 1560 2145 me
1593 2094 1786 2143 maledi-

322 2167 418 2217 ctio
451 2176 560 2229 tua,
589 2166 680 2229 fili
689 2164 752 2215 “P
1014 2163 1040 2191 ¹·

297 2272 420 2327 202.
461 2270 702 2343 Dignum
723 2258 806 2324 est
825 2268 920 2323 hic
939 2276 1245 2325 maternum
1266 2265 1491 2323 laudare
1519 2264 1781 2329 favorem,

170 2345 538 2401 confitentem
549 2346 806 2416 excipere
817 2343 1173 2399 meledictum
1183 2360 1285 2415 pro
1294 2360 1359 2399 eo
1372 2341 1608 2413 filio‚qui
1619 2340 1789 2395 utris-

166 2438 294 2493 que
313 2428 503 2475 tuetur
519 2419 844 2492 parentibus
865 2436 964 2491 pro
983 2418 1209 2475 honore.
1286 2417 1485 2491 Agitur
1514 2416 1663 2472 enim
1690 2430 1791 2489 ge-

165 2497 338 2551 mina
358 2497 562 2568 pietate
575 2537 590 2557 ,
623 2512 694 2550 ne
713 2494 969 2549 videatur
989 2493 1411 2565 fallerepstrem
1427 2534 1439 2557 ‚
1470 2489 1789 2563 usurpando

149 2572 552 2644 'privilegium
581 2570 838 2635 alterius,
881 2587 1019 2625 neve
1056 2570 1219 2623 matri
1253 2569 1439 2622 minus
1476 2568 1790 2623 inveniatur

166 2648 622 2717 obtemperasse.
701 2643 853 2699 Adeo
889 2643 1203 2699 verecunda
1241 2643 1445 2714 pietate
1484 2640 1787 2714 respondit,

166 2738 295 2777 non
339 2720 492 2791 quod
529 2718 888 2775 maledictum
927 2716 1155 2791 aliquod
1191 2716 1507 2789 prolaturus
1536 2726 1645 2783 est,
1690 2714 1791 2773 sed

248 2796 487 2847 Pluto
526 2794 644 2847 Vn.
1328 2790 1378 2852 Q
