2125 3084
338 137 437 194 394
796 141 1164 190 nunonis
1209 140 1490 190 mnam
1600 137 1690 205 sn,
1714 144 1958 211 551.552.]

334 244 697 316 Sampsonem
732 259 923 298 omnes
960 259 1092 298 suas
1123 243 1356 298 virtutes
1384 260 1494 301 uua
1523 260 1654 298 cum
1683 244 1960 320 benigni-

336 327 447 376 tate
466 326 863 374 monstraturus
884 325 1027 381 erat,
1050 333 1123 371 ex
1143 317 1234 380 iis,
1260 333 1402 388 quas
1423 317 1510 372 vel
1533 328 1660 372 ante
1679 323 1958 378 nativita-

336 403 447 450 tem
468 394 520 448 ei
540 393 837 457 concessit,
871 393 1068 465 gratiis
1087 390 1478 448 manifestavit.
1534 391 1693 458 Quod
1717 396 1770 449 si
1790 407 1954 468 post·-

336 485 503 540 quam
542 476 702 522 natus
740 475 850 531 est,
894 468 1165 539 placuerit
1202 467 1399 522 vivens
1437 465 1503 538 (S.
1535 468 1776 542 viventi)
1814 471 1945 538 deo,

332 545 644 615 praemium
680 559 811 614 ergo
836 544 1098 598 virtutem
1125 558 1226 612 pro
1252 541 1415 596 iustis
1447 538 1518 615 [*]
1551 543 1824 613 operibus
1855 565 1948 602 re-

334 620 501 691 cepit.
564 617 675 674 Sed
694 618 825 688 quia
845 617 941 673 ille
961 633 1142 688 nuper
1159 615 1342 692 adbuc
1362 624 1510 672 satus
1528 616 1586 672 in
1604 622 1944 690 praegnanti

334 703 507 750 matre
525 691 841 748 reconditus
862 701 977 746 erat
990 732 1003 754 ‚
1036 700 1091 746 et
1111 691 1349 762 desuper
1369 691 1572 746 donum
1601 693 1814 765 gratiae
1843 696 1936 750 vel

334 777 457 824 ante
496 768 837 824 nativitatem
872 768 1208 838 susceptoris
1244 773 1565 837 praenatum
1601 775 1709 832 est,
1753 770 1938 840 gratia

332 843 651 913 donumque
690 841 1046 915 benignitatis
1085 840 1398 897 nullatenus
1431 859 1532 914 pro
1558 842 1718 910 iustis
1745 843 1935 915 operi-

332 917 437 974 bus
460 927 560 973 est.

446 1024 497 1078 4.
546 1020 847 1077 Potentiam
874 1018 1070 1076 itidem
1089 1020 1414 1076 monstravit
1433 1037 1504 1075 ex
1523 1037 1589 1076 eo
1604 1062 1617 1085 ,
1651 1021 1800 1094 quod
1819 1023 1931 1094 ipsi

334 1097 592 1152 virtutem
609 1113 800 1152 omnes
820 1104 1168 1168 superantem
1189 1095 1478 1150 concessit.
1555 1094 1726 1152 Actus
1749 1106 1932 1152 autem

254 1186 267 1204 ³
331 1170 767 1244 praevalentiam
784 1171 852 1240 (s.
872 1171 1008 1236 vim,
1029 1169 1370 1243 violentiam)
1387 1177 1536 1226 certo
1556 1174 1816 1243 exposuit
1833 1189 1934 1244 per

330 1264 423 1310 ea,
466 1245 673 1317 quibus
704 1247 755 1302 ei
787 1255 973 1301 contra
1004 1245 1344 1318 alienigenas
1371 1247 1672 1318 praestavit
1699 1263 1934 1318 praeva-

333 1321 579 1376 lentiam.
660 1320 951 1393 Siquidem
980 1322 1080 1393 qui
1109 1320 1411 1376 servientes
1442 1319 1554 1374 diis
1583 1321 1783 1377 alienis
1804 1323 1933 1377 vin-

328 1397 488 1460 cunt,
528 1410 709 1450 nonne
737 1403 971 1459 constat,
1012 1393 1164 1468 quod
1189 1403 1242 1451 et
1268 1394 1643 1466 praesidentes
1664 1394 1746 1450 eis
1768 1396 1930 1453 adiu-

326 1479 471 1526 tores
511 1466 698 1542 (falsos
728 1469 878 1544 deos)
907 1487 1017 1525 una
1046 1488 1172 1525 cum
1201 1469 1318 1526 illis
1348 1469 1664 1526 debellant?
1725 1471 1930 1528 S‘usce-

326 1543 572 1616 ptionem
594 1539 775 1601 'autem
797 1545 864 1618 (s,
888 1545 1360 1620 complacentiam)
1381 1545 1802 1601 irrevocabilem
1829 1563 1930 1619 per

325 1619 587 1692 gratiam,
620 1621 719 1692 qui
741 1621 791 1676 ei
811 1620 991 1686 dedit,
1023 1620 1264 1676 ostendit
1284 1619 1351 1693 (s.
1373 1621 1614 1686 noverit,
1657 1637 1737 1676 sc.
1767 1623 1929 1696 quis-

325 1695 516 1769 piam).
595 1695 986 1752 Discretionem
1014 1696 1216 1751 iterum
1251 1697 1371 1750 eius
1409 1695 1784 1753 manifestavit
1823 1697 1928 1764 hoc

324 1777 538 1826 tenore:
600 1771 660 1826 in
688 1780 955 1844 quantum
985 1772 1135 1826 enim
1161 1771 1438 1843 integrum
1476 1771 1730 1826 servabat
1768 1787 1928 1827 man-

325 1844 534 1911 datum,
560 1854 613 1902 et
633 1848 771 1904 deus
788 1847 844 1902 ei
864 1847 1097 1920 gratiam
1115 1847 1381 1918 integram
1401 1847 1667 1914 servavit3
1701 1846 1924 1919 quando

323 1937 455 1976 vero
474 1930 846 1995 transgressus
867 1931 949 1978 est
965 1929 1319 1994 praeceptum
1335 1962 1347 1985 ,
1387 1921 1617 1994 gratiam
1647 1939 1756 1978 non
1791 1923 1925 1978 reli-

325 1996 449 2067 quit
478 1996 558 2062 ei,
603 1997 702 2052 sed
731 1998 916 2070 exegit
945 1996 1013 2052 ab
1045 2013 1109 2053 eo
1139 1996 1387 2051 criminis
1405 1995 1700 2051 iudicium.
1779 1999 1924 2052 Rur—

323 2087 448 2124 sum
470 2070 538 2127 de
560 2089 701 2127 novo
719 2070 951 2128 recurrit
972 2071 1040 2126 ad
1061 2073 1338 2144 propriam
1363 2070 1761 2144 benignitatem
1775 2114 1787 2138 ‚
1821 2089 1924 2128 ve-

323 2153 630 2201 rumtamen
659 2147 842 2202 omnia
872 2145 1011 2202 dona
1048 2148 1101 2202 ei
1139 2163 1247 2202 non
1285 2145 1559 2216 concedit;
1622 2163 1731 2202 non
1770 2138 1928 2202 enim¹

324 2237 561 2292 aequum
583 2231 664 2276 est
684 2221 773 2294 (al.
795 2221 927 2294 erat)
950 2222 1157 2277 victum
1178 2238 1398 2293 quoque
1419 2221 1685 2288 coronari.
1764 2221 1924 2277 Atta-

323 2312 449 2350 men
470 2297 592 2367 ipse
610 2296 851 2368 aliquam
874 2295 1055 2352 adhuc
1077 2305 1287 2370 guttam
1308 2297 1514 2369 gratiae
1533 2297 1806 2368 impertit:
1857 2306 1922 2352 ut

322 2378 432 2426 tam
462 2372 743 2426 exitialem
772 2373 829 2426 in
859 2371 1042 2426 futuro
1070 2373 1396 2428 sententiam
1425 2370 1622 2427 iudicii
1641 2388 1740 2444 per
1761 2388 1920 2428 sum-

321 2462 467 2500 mam
506 2463 633 2520 erga
672 2446 950 2504 hominem
979 2446 1373 2503 humanitatem
1401 2455 1702 2512 removeat,
1748 2463 1924 2518 quam

319 2537 477 2574 suam
504 2523 737 2592 gratiam
765 2539 943 2593 usque
972 2522 1038 2576 ad
1072 2522 1235 2576 finem
1258 2522 1538 2595 exstingui
1558 2539 1668 2577 non
1683 2523 1924 2594 permit-

319 2602 417 2648 tat.
488 2596 699 2650 -Verum
736 2613 822 2658 ne,
840 2595 990 2666 quod
1020 2594 1094 2670 [Ἴ
1129 2598 1185 2650 in
1223 2597 1483 2652 memoria
1512 2606 1625 2654 erat
1651 2597 1924 2654 orationis

318 2667 657 2732 omittentes,
698 2671 757 2724 in
786 2671 895 2726 alio
919 2671 1122 2742 placito
1138 2672 1370 2728 verbum
1395 2689 1808 2736 consumamuS‚
1856 2673 1922 2728 in
