2125 3084
309 180 405 235 448
588 183 786 229 ‘Pl-HL.
812 183 959 229 mn.
988 184 1318 242 QUAEs'r.
1343 183 1443 247 1⁵⁹1]
1469 181 1620 229 SOL.
1673 180 1762 245 [11,
1787 184 1918 249 334.)

304 286 527 342 tionalis
555 292 609 340 et
638 284 805 339 altera
832 283 1067 339 brutalis
1081 326 1093 349 ‚
1139 284 1278 341 dicit
1303 282 1498 339 adesse
1521 284 1622 339 illa
1661 302 1912 359 quoque,

305 378 448 433 quae
469 360 805 415 conveniunt
823 358 983 415 bruto
1002 358 1070 414 ad
1094 358 1390 414 fruendum
1419 376 1548 413 cum
1577 358 1776 417 decore
1789 403 1802 425 ‚
1847 373 1920 417 ut

305 437 491 508 palea,
551 434 820 507 pabulum
864 441 918 489 et
964 450 1330 505 quaecunque
1379 434 1746 491 animantium
1793 436 1918 492 cibi

305 519 454 565 sunt.
532 508 807 565 Rationali
844 517 1029 569 autem
1067 509 1212 596 parti
1251 508 1434 565 locum
1473 508 1567 565 dat
1593 519 1918 581 separatum

305 584 377 639 ad
410 582 823 639 dissolvendam
852 592 1258 655 corruptionem
1285 582 1781 655 deperdendasque
1808 602 1918 641 cu-

304 660 567 733 piditates
580 699 595 724 ‚
619 675 684 713 eo
703 657 854 729 quod
874 659 1130 731 singulae
1150 659 1380 713 istarum
1402 658 1754 713 veneniferae
1772 661 1911 716 sint.

452 848 582 908 Quid
615 857 686 898 eat
722 882 757 911 „
776 846 1084 912 Complacem
1121 848 1214 898 etti
1245 848 1319 897 vir
1355 846 1580 897 ador-wit
1617 846 1764 897 doma·-

866 918 1057 965 num‘w
1093 919 1202 979 (24,
1231 915 1341 979 26.)

422 1038 537 1091 443.
567 1032 818 1089 Audiens
836 1034 927 1089 vir
944 1033 1248 1089 instructus
1263 1030 1344 1095 id,
1373 1030 1524 1103 quod
1545 1034 1788 1089 maxime
1807 1033 1912 1089 de—

304 1109 583 1167 siderabat
596 1150 609 1173 ‚
649 1108 783 1179 quia
811 1124 920 1163 non
948 1110 1154 1163 mansit
1179 1108 1302 1162 eine
1331 1106 1492 1161 domo
1521 1122 1624 1162 nec
1643 1106 1788 1163 foras
1807 1125 1912 1164 ex-

304 1187 496 1242 clusus
510 1226 523 1249 ‚
564 1183 666 1238 sed
695 1182 815 1238 loco
841 1184 1068 1238 invento
1094 1183 1306 1254 recepit
1331 1189 1385 1237 et
1403 1180 1640 1239 verbum
1655 1184 1906 1249 virtutis,

304 1260 471 1317 valde
489 1258 701 1331 placuit
718 1258 831 1312 sibi
850 1274 915 1311 ac
934 1257 1304 1313 laetabundus
1329 1257 1562 1327 accepit.
1609 1284 1622 1291 ⁴
1637 1258 1767 1313 Ideo
1795 1276 1912 1315 una

305 1353 432 1391 cum
453 1334 755 1407 gratiarum
774 1332 987 1389 actione
1006 1332 1198 1393 adorat
1221 1332 1290 1406 (s.
1313 1330 1613 1406 adorabat).

306 1558 381 1623 [⁴⁸]
428 1554 589 1614 Quare
622 1572 717 1607 mm
756 1572 891 1635 suum
940 1556 1154 1607 nominat
1197 1556 1429 1607 dominum
1475 1568 1560 1608 atat
1603 1558 1761 1620 deum,
1821 1558 1917 1609 aed

435 1623 1509 1759 stzfssmazzffifflffifffisffl
1545 1624 1758 1677 Μ’*
1793 1624 1914 1675 Μ’

422 1812 537 1867 444.
586 1811 834 1867 Primum
861 1812 1039 1867 servis
1059 1810 1278 1867 ordinat
1299 1819 1563 1867 amatores
1583 1828 1705 1866 esse
1727 1810 1913 1885 domi-

302 1904 500 1943 ncrum
528 1904 783 1953 suorum,
824 1894 887 1942 ut
914 1894 1247 1942 venerentur
1271 1902 1364 1941 eos
1391 1894 1445 1941 et
1472 1888 1531 1941 in
1557 1888 1737 1959 pretio
1754 1888 1910 1957 ipsos

301 1980 435 2035 prae
454 1978 514 2017 se
534 1962 791 2019 habeant.
873 1960 1132 2017 Secundo
1155 1961 1276 2017 vult
1294 1960 1585 2020 manifeste
1605 1969 1911 2015 monstrare

302 2037 599 2094 utilitatem
622 2052 649 2089 a
670 2036 969 2107 disciplina
988 2044 1233 2092 exortam
1254 2036 1334 2100 ei,
1357 2037 1458 2108 qui
1477 2035 1824 2091 familiariter
1845 2052 1911 2089 ac

302 2108 543 2166 fideliter
564 2107 789 2163 edoctus
810 2108 935 2164 fuit.
1012 2109 1414 2183 Argumentum
1441 2118 1572 2167 vero
1593 2119 1676 2165 est
1695 2109 1911 2165 utilita-

301 2186 376 2240 tis
406 2190 663 2255 acceptae
688 2183 1031 2256 peritiaeque
1056 2187 1328 2243 maiorum
1355 2202 1541 2241 rerum
1570 2184 1715 2240 illud
1742 2186 1912 2241 Nosce

304 2270 371 2314 te.
432 2256 551 2326 Quo
580 2258 764 2312 animo
784 2257 954 2331 elegit
973 2267 1027 2313 et
1044 2260 1247 2314 melius
1268 2260 1581 2317 aestimavit
1601 2276 1827 2315 servum
1848 2277 1911 2313 se

303 2334 614 2399 nominare,
648 2350 757 2388 non
778 2331 899 2398 dei,
932 2332 1032 2387 sed
1060 2336 1378 2390 ministrum
1407 2336 1814 2398 intercessoria,
1856 2343 1912 2389 et

304 2408 491 2480 ipsum
536 2409 954 2464 intercessorem
969 2448 982 2472 ‚
1042 2424 1268 2465 servum
1311 2411 1572 2465 creatoris
1619 2410 1910 2481 patrisque

302 2483 709 2538 universorum.
797 2481 905 2547 Qui
949 2498 1082 2536 vero
1121 2482 1334 2539 huncce
1373 2483 1625 2539 ordinem
1662 2492 1911 2555 praeter-

302 2570 529 2626 gressus
549 2555 717 2611 fuerit
730 2596 743 2621 ,
784 2572 953 2627 quem
973 2564 1168 2611 natura
1186 2560 1402 2623 statuit,
1436 2558 1580 2613 nihil
1603 2557 1760 2613 aliud
1778 2575 1912 2629 per-

304 2629 446 2699 agit,
488 2630 600 2683 nisi
630 2632 893 2685 maiorem
922 2630 1184 2686 iniuriam
1200 2672 1214 2696 ‚
1245 2633 1526 2703 proposita
1547 2632 1661 2687 sihi
1689 2648 1912 2689 morum

304 2700 667 2759 dissolutione
686 2704 1023 2775 perturbata.
