2125 3084
218 172 443 243 [11,571.]
596 177 849 253 sERMO
889 177 989 222 DE
1026 176 1444 223 sAuPSONE.
1716 170 1814 223 443

214 289 349 337 sunt
373 278 589 334 honesti
618 279 851 349 sanique
882 275 1102 332 consilii
1137 276 1438 332 custodiae.
1527 276 1820 347 Siquidem

213 358 334 411 vita
353 372 462 409 una
480 360 565 409 est
584 361 639 409 et
656 360 882 408 naturae
902 351 1130 407 eaedem
1147 359 1276 415 sunt
1292 351 1540 405 omnium
1555 392 1567 415 ,
1595 352 1819 422 pericu-

216 433 270 487 la
291 430 497 492 similia
516 427 960 508 cupiditatesque
980 443 1141 501 pares
1163 434 1292 481 sunt
1318 426 1590 487 omnium:
1631 426 1700 489 de
1727 427 1816 484 his

216 507 361 562 facta
380 505 551 560 oratio
569 503 727 559 utilis
750 511 858 567 est,
900 517 1235 573 quamquam
1255 500 1604 571 postmodum
1627 500 1819 555 dican-

214 591 327 645 tur,
353 596 416 634 eo
435 577 583 651 quod
604 586 761 641 antea
781 577 929 633 dicta
948 575 1210 632 secundis
1228 583 1486 647 prosunt,
1518 577 1698 647 utqui
1719 576 1821 629 iis-

216 657 347 711 dem
376 654 761 727 delusionibus
791 655 983 709 vivere
1006 654 1066 707 in
1085 652 1201 708 vita
1222 648 1632 729 constituerint,
1675 660 1818 706 tam-

216 748 387 803 quam
408 730 731 785 exitialibus
761 729 993 784 venenis
1022 726 1298 799 medelam
1319 744 1389 781 ex
1409 724 1638 781 adverso
1657 744 1820 799 para-

216 817 330 862 tam
352 804 522 860 verba
543 806 650 859 ista
670 802 976 861 inveniant.
1055 800 1515 874 Quandoquidem
1541 818 1671 857 vero
1692 820 1820 857 nar-

216 881 473 937 rantibus
512 880 673 935 nobis
708 874 1084 951 problematis
1105 878 1535 950 propositionem
1550 918 1562 941 ,
1608 876 1819 931 alienae

214 956 472 1021 mulieris
501 954 771 1028 stupenda
804 953 1098 1029 inquisitio
1125 954 1410 1010 interiecta
1430 951 1710 1019 intercidit
1729 951 1822 1007 hi·

215 1031 445 1087 storiam
460 1070 473 1095 ‚
503 1030 795 1096 redeuntes
824 1029 1025 1091 iterum
1054 1044 1351 1105 pergamus
1366 1069 1379 1094 ,
1412 1026 1560 1083 unde
1581 1026 1820 1104 digressi

217 1123 437 1162 sumuS.

333 1214 419 1269 36.
466 1212 622 1275 Mane
648 1210 837 1282 itaque
871 1209 1212 1267 convictores
1248 1208 1442 1265 vinum
1469 1204 1820 1265 'excutientes

219 1296 279 1343 et
311 1284 666 1358 problematis
704 1286 1011 1358 sapientiae
1048 1283 1390 1341 attendentes
1427 1284 1673 1341 fabulam
1711 1302 1821 1341 non

218 1362 634 1426 existimarunt,
666 1362 765 1416 sed
784 1361 1176 1433 sapientiorem
1193 1377 1316 1415 esse
1335 1361 1498 1416 istam
1516 1360 1814 1432 parabolis,

218 1454 393 1510 seque
430 1437 581 1493 haud
617 1437 963 1492 intellexisse
1002 1437 1115 1491 iam
1144 1435 1522 1502 crediderunt,
1562 1438 1696 1509 quia
1721 1436 1822 1492 vix

216 1512 556 1569 invenienda
575 1513 733 1567 illius
760 1510 1029 1567 sententia
1058 1512 1468 1585 sapientissima
1495 1512 1816 1569 videbatur:

214 1590 345 1646 ideo
366 1597 421 1645 et
438 1596 550 1644 tres
565 1630 578 1653 2
620 1604 758 1659 quas
783 1584 855 1662 [Ἴ
880 1588 1157 1658 petierunt
1174 1588 1324 1653 diem
1363 1597 1664 1644 transactae
1693 1594 1823 1642 sunt

142 1704 153 1717 .
216 1673 519 1735 noctesque
538 1664 839 1727 insomnes,
862 1662 922 1718 in
942 1672 1137 1735 quarto
1155 1663 1246 1718 die
1267 1663 1336 1718 ad
1357 1664 1646 1718 mulierem
1663 1662 1824 1717 Sam÷

218 1740 413 1813 psonis
450 1738 703 1811 refugere
743 1739 915 1793 coacti
942 1747 1089 1794 sunt.
1168 1739 1312 1794 Haec
1341 1745 1522 1793 autem
1549 1736 1823 1793 confessio

219 1831 389 1879 verae
420 1812 807 1868 debellatiouis
832 1820 915 1869 est
934 1822 989 1869 et
1006 1811 1286 1885 cupiditas
1305 1812 1822 1883 impudentissimae

217 1888 509 1947 victoriae.
565 1881 845 1955 Quomodo
867 1887 1086 1944 autem‘?
1123 1887 1400 1942 Adeuntes
1419 1887 1708 1941 mulierem
1727 1901 1824 1939 ur-

218 1965 454 2039 gebant:
516 1962 563 2019 Ο
582 1964 780 2019 mulier
794 2005 806 2029 ‚
838 1965 1035 2019 civitas
1054 1980 1154 2017 nos
1173 1979 1365 2017 sumus
1383 1962 1487 2016 tibi
1503 1990 1526 2025 ,·
1539 1967 1824 2033 parentes-

220 2056 335 2111 que
362 2047 417 2095 et
443 2040 620 2111 patria
648 2040 801 2113 regio
820 2056 989 2111 quam
1009 2038 1189 2093 cernis
1205 2079 1217 2102 ,
1259 2046 1313 2091 et
1330 2038 1707 2108 possessiones
1725 2038 1825 2089 no-'

220 2116 445 2171 biscum
470 2115 749 2170 universis
780 2114 1070 2170 adiunctae
1100 2121 1254 2181 sunt3
1319 2120 1378 2167 tu
1406 2128 1536 2167 vero
1563 2128 1664 2183 per
1693 2126 1825 2164 con-

220 2207 450 2246 sensum
478 2189 761 2245 affinitatis
786 2197 1000 2245 tantum
1031 2190 1324 2243 coniuncta
1361 2205 1419 2242 es
1455 2204 1582 2268 cum
1621 2186 1822 2240 alieno.

220 2266 349 2321 Noli
368 2266 553 2337 itaque
574 2273 653 2320 tot
672 2274 727 2320 et
743 2265 910 2321 tantis
929 2264 1182 2337 partibus
1204 2280 1370 2319 unam
1395 2261 1669 2335 praeferre
1698 2278 1828 2331 par*

222 2351 362 2406 tem,
404 2358 585 2411 neque
614 2358 764 2395 amor
792 2340 961 2395 alieni
989 2341 1169 2413 magis
1199 2356 1368 2411 quam
1406 2356 1548 2413 erga·
1571 2343 1826 2409 parentes

222 2432 376 2471 amor
396 2416 730 2479 constantior
750 2416 883 2471 erit:
938 2415 1112 2470 Nobis
1135 2414 1404 2487 Sampson
1423 2413 1707 2487 problema
1726 2427 1828 2481 op-
1895 2432 1900 2437 ’

219 2493 411 2563 posuit
430 2499 483 2545 et
502 2500 775 2546 certamus
796 2508 927 2573 cum
942 2506 1005 2545 eo
1023 2508 1124 2563 pro
1185 2491 1425 2555 ecuniis:
1469 2492 1528 2544 in
1548 2506 1658 2543 una
1679 2487 1828 2542 enim

220 2568 329 2621 hac
356 2566 665 2621 obiectione
693 2576 747 2621 et
776 2566 1076 2621 discrimen
1106 2567 1160 2620 la
1199 2566 1310 2621 oris
1349 2573 1404 2621 et
1443 2562 1828 2621 debellationis

224 2642 503 2713 pernicies
530 2650 633 2696 est.
712 2641 853 2709 Quia
874 2657 1004 2714 ergo
1024 2642 1332 2709 communis
1353 2650 1436 2696 est
1455 2641 1656 2714 gloria,
1692 2638 1830 2694 alie-

144 2790 155 2799 ·
222 2734 359 2773 num
391 2718 707 2773 vincamus:
770 2718 915 2772 sicut
940 2725 993 2773 et
1013 2734 1304 2773 commune
1321 2717 1424 2772 erit
1445 2713 1830 2773 debellationis
