2125 3084
398 166 464 219 92
851 170 1220 219 1’11112010118
1255 168 1527 220 IUDAEI
1651 222 1666 235 ·
1827 166 1910 233 [Ι.
1951 171 2082 239 95.]

398 268 697 327 multitudo
710 310 723 334 ‚
756 277 809 327 at
828 268 899 325 ad
916 267 1059 327 illud
1075 310 1088 332 ,
1121 266 1270 340 quod
1289 285 1396 327 non
1415 286 1486 325 ex
1499 277 1654 341 parte
1669 311 1684 332 ‚
1725 272 1848 329 sed
1871 282 2080 333 totus

400 345 661 403 dilatetur
688 346 777 399 aer
790 385 805 408 ,
850 344 1196 401 circumlatio
1221 344 1522 415 periodica.
1597 345 2072 407 Distantiarum

398 437 531 477 vero
550 420 611 477 in
628 427 777 477 tanta
796 418 1043 479 siderum
1062 418 1420 477 multitudine
1437 426 1560 491 apta
1581 423 1885 491 proportio
1919 443 2063 481 nos

399 496 549 555 latet.
624 494 725 551 Ille
744 494 845 567 qui
864 493 1020 557 fecit,
1045 494 1270 549 omnino
1289 493 1350 551 id
1368 494 1832 553 accommodavit.
1925 498 2054 555 Si-

396 568 627 643 quidem
656 578 711 627 et
736 568 837 641 qui
863 569 1031 627 urbes
1058 566 1330 633 condunt,
1373 585 1484 627 non
1507 578 1618 627 tres
1645 570 1736 625 vel
1755 579 2044 641 quatuor

398 646 595 703 domus
616 642 983 701 aedificandas
999 643 1114 701 sibi
1133 642 1361 709 ducunt,
1392 642 1492 701 sed
1515 660 1741 715 numero
1759 647 2031 712 maiore,

398 718 820 793 respondentem
874 718 1348 777 circumferentiae
1405 717 1680 792 adaugent
1719 718 2026 777 domuum

395 794 830 853 multitudinem.

505 920 593 977 74.
640 920 775 975 Item
802 918 924 974 sine
953 916 1138 973 labore
1166 934 1230 975 ac
1257 916 1647 993 defatigatione
1677 926 1758 973 est
1791 908 2007 973 osorum

396 996 748 1053 circumactio
762 1034 777 1057 ‚
818 994 1056 1064 primum
1083 993 1277 1067 utique
1291 992 1364 1049 ob
1383 995 1789 1065 proximitatem
1807 992 1884 1047 ad
1904 992 2007 1048 di-

396 1070 583 1127 vinam
600 1078 850 1125 naturam
863 1108 876 1135 ‚
917 1084 981 1122 ac
996 1066 1200 1122 deinde
1221 1067 1384 1123 etiam
1404 1076 1624 1140 propter
1642 1069 1793 1141 ignis
1811 1069 2005 1123 virtu-

392 1154 504 1201 tem
518 1186 531 1208 ‚
564 1161 705 1217 quae
727 1143 919 1214 nequit
938 1141 1247 1207 debilitari,
1277 1160 1341 1197 eo
1359 1142 1510 1215 quod
1528 1143 1737 1216 optima
1757 1160 1885 1197 esca
1903 1144 2000 1197 in-

392 1227 596 1273 structa
622 1220 721 1283 sit,
764 1235 943 1289 neque
963 1225 1206 1288 tempore
1226 1217 1438 1272 lassari.
1515 1216 1590 1273 De
1611 1234 1719 1273 non
1740 1219 1994 1273 erraticis

394 1309 524 1365 ergo
551 1294 685 1347 satis
713 1291 925 1348 dictum
952 1292 1047 1348 sit.
1123 1292 1398 1347 Numerus
1428 1299 1606 1347 autem
1643 1291 1992 1363 planetarum

391 1367 615 1439 prodest
642 1368 930 1434 universo3
996 1382 1192 1423 verum
1219 1366 1508 1423 hominum
1533 1374 1618 1423 est
1635 1368 1748 1425 otio
1767 1368 1991 1439 praedi-

392 1452 571 1499 torum
590 1442 941 1499 dinumerare
958 1441 1308 1514 singulorum
1327 1441 1642 1501 utilitatem.
1721 1443 1872 1499 Haec
1891 1460 1988 1499 au·

392 1524 503 1573 tem
520 1525 645 1573 nota
665 1524 794 1573 sunt
812 1533 920 1573 non
940 1516 1120 1573 solum
1141 1517 1368 1581 ratione,
1392 1533 1586 1575 verum
1601 1517 1778 1575 etiam
1797 1535 1982 1583 sensu.

390 1592 467 1646 ita
490 1598 743 1647 movente
760 1590 1138 1662 providentia,
1179 1608 1349 1663 quae,
1391 1600 1454 1647 ut
1481 1591 1620 1647 dicit
1639 1591 1982 1665 Chrysippus

391 1675 447 1723 et
462 1665 751 1723 Cleanthes
766 1706 779 1730 ‚
811 1664 955 1722 nihil
976 1667 1344 1736 praetermisit
1360 1667 1760 1737 pertinentium
1779 1665 1852 1723 ad
1869 1684 1982 1723 cer-

391 1743 585 1799 tiorem
604 1742 991 1811 utilioremque
1012 1740 1500 1813 dispensationem.
1561 1740 1739 1807 Quod
1757 1743 1810 1797 si
1832 1743 1979 1799 aliter

390 1818 593 1873 melius
609 1824 753 1873 esset
772 1816 1082 1888 dispensari
1101 1833 1190 1873 res
1208 1815 1422 1881 mundi,
1447 1832 1512 1871 eo
1531 1816 1698 1874 modo
1711 1818 1978 1889 sumpsis-

390 1901 475 1949 set
494 1893 941 1965 compositionem
954 1932 968 1959 ,
1010 1900 1282 1963 quatenus
1299 1890 1442 1949 nihil
1462 1901 1774 1947 occurreret
1791 1892 1860 1949 ad
1879 1893 1976 1947 im-

389 1967 729 2038 pediendum
749 1966 935 2025 deum.
1054 2014 1080 2039 0
1428 1998 1434 2005 ·
2077 2002 2079 2089 ¹

500 2090 589 2145 75.
632 2089 693 2144 Si
714 2090 900 2163 itaque
919 2090 1046 2163 quis
1065 2097 1308 2163 quaerat,
1339 2106 1437 2145 cur
1457 2088 1668 2163 duplex
1688 2090 1890 2147 factum
1905 2092 1969 2147 sit

388 2164 727 2228 Plaustrum,
772 2164 864 2222 Sol
894 2174 1072 2222 autem
1101 2166 1356 2229 minime,
1401 2181 1465 2222 ac
1492 2181 1872 2241 quaecumque
1895 2167 1967 2221 sic

391 2239 531 2295 facta
551 2248 681 2294 sunt
700 2241 949 2312 exempla
965 2282 978 2305 ,
1021 2242 1071 2295 is
1101 2256 1268 2313 supra
1286 2239 1433 2294 dicta
1452 2241 1830 2313 contemplans
1850 2243 1966 2297 edo-

389 2314 629 2371 cebitur:
664 2314 885 2373 discens
904 2315 1186 2379 nimirum,
1201 2314 1350 2387 quod
1369 2314 1528 2373 aliter
1548 2317 1844 2387 nequiebat
1861 2334 1965 2371 me-

389 2389 499 2443 lius
528 2405 679 2454 esse,
715 2406 882 2460 quam
906 2388 1056 2459 quod
1083 2388 1316 2461 perfecit
1336 2389 1474 2446 deus
1491 2406 1710 2447 summo
1728 2392 1959 2455 consili0,

388 2468 513 2515 ante
528 2461 681 2531 quod
701 2474 945 2521 nostrum
964 2464 1259 2521 consilium
1270 2462 1594 2528 humanum,
1607 2472 1878 2537 tamquam
1889 2462 1957 2539 [Ἴ

387 2531 643 2590 lucernae
663 2535 733 2591 ad
752 2537 1216 2608 comparationem
1231 2537 1495 2597 solarium
1515 2537 1796 2597 radiorum
1809 2582 1822 2605 ,
1849 2540 1962 2595 exi-

385 2618 559 2685 guum
592 2607 777 2665 lumen
807 2618 916 2675 est,
956 2610 1366 2669 obscurandum
1395 2629 1426 2669 a
1453 2610 1658 2669 diffuso
1687 2612 1960 2685 splendore

385 2672 539 2727 Soha-
614 2680 802 2752 ltaque
820 2684 1068 2745 Plaustra
1085 2702 1304 2756 semper
1319 2693 1534 2757 patent,
1557 2694 1620 2741 ut
1633 2696 1846 2759 praeter
1861 2688 1957 2743 alia
