2125 3084
336 183 401 232 68
569 183 766 230 rimi.
805 182 957 229 ΠΗ).
1000 183 1326 241 QUAEST.
1361 184 1461 229 ET
1502 184 1666 229 sor..
1709 172 1794 250 [11,
1817 175 1942 252 245]

448 285 669 341 Etenim
724 282 870 339 illud
924 282 1078 355 quod
1132 281 1303 339 dixit:
1387 281 1652 353 Apparuit
1703 289 1753 338 ei
1815 289 1950 341 deus

336 370 445 431 (18,
468 366 551 428 1);
600 366 680 415 et:
722 361 963 423 Domino,
1004 363 1053 413 ai
1079 376 1198 413 vere
1229 363 1404 413 inveni
1430 363 1662 427 qratiam
1689 376 1868 414 coram
1897 371 1952 415 tc

336 442 436 503 (vu.
472 438 553 503 3);
614 441 695 489 et:
747 434 825 489 Nc
856 442 1096 489 transeas
1123 450 1328 488 servum
1365 442 1510 487 tuum
1546 436 1692 503 (ib.);
1773 442 1946 506 atque

333 508 507 564 illud:
566 510 653 565 Ita
680 514 791 579 sac,
830 517 890 563 ut
914 512 1105 562 dixisti
1139 516 1238 574 (vs.
1272 514 1354 575 5);
1422 524 1527 561 nec
1547 525 1658 563 non
1673 507 1826 581 quod
1851 508 1949 564 di·-

334 592 485 639 otum
522 591 607 641 est
646 584 727 638 ei:
792 584 890 638 Ubi
916 592 993 637 eat
1020 582 1195 637 Sarra
1227 600 1369 637 uxor
1403 580 1536 637 tua?
1571 588 1674 647 (vn.
1708 588 1794 652 9);
1855 592 1941 641 et:

332 656 605 715 Revertens
644 663 849 713 veniam
890 662 964 711 ad
1006 667 1055 712 tc
1099 666 1321 725 tempore
1365 661 1466 711 isto
1513 662 1615 722 (vn.
1653 657 1770 727 10);
1855 668 1940 715 et:

332 736 489 790 Dixit
520 739 569 789 ei
600 738 757 789 deus:
812 732 989 799 Quare
1020 737 1141 786 risit
1173 729 1384 787 Sarra?
1428 738 1526 797 (vn.
1570 736 1657 797 13)
1693 762 1770 773 -
1803 732 1943 789 haec

332 810 543 873 omnia,
608 809 838 879 inquam
852 848 866 871 ‚
926 807 1179 862 indicant
1217 806 1620 877 apparitionem
1656 814 1941 879 tamquam

332 881 445 938 dei.
525 881 695 949 Quasi
723 898 853 937 vero
882 880 952 937 ad
980 882 1131 937 viros
1155 881 1478 953 peregrinos
1513 888 1764 953 spectant
1801 884 1935 938 ista:

330 958 555 1013 Elevans
575 960 751 1011 oculos
774 974 895 1011 auos
919 961 1078 1021 vidit,
1101 966 1152 1011 et
1169 974 1284 1013 ecce
1303 961 1533 1010 tresviri
1547 961 1758 1011 stabant
1775 974 1940 1027 supra

331 1050 471 1095 eum,
506 1039 561 1087 et
585 1031 831 1087 Cucurrit
858 1035 931 1087 ad
958 1049 1068 1095 σος,
1121 1039 1176 1085 et
1211 1032 1406 1086 Lavont
1429 1035 1584 1099 pedes
1619 1041 1840 1096 vestr-oc,
1887 1042 1940 1089 et

338 1107 559 1163 Umbras
586 1116 791 1175 captate
816 1110 912 1161 sub
939 1111 1045 1161 iata
1071 1110 1258 1161 arbore
1265 1126 1285 1173 ;
1339 1113 1392 1159 et
1407 1106 1726 1161 Manducate
1745 1114 1798 1161 et
1815 1108 1939 1163 Sta-

306 1187 420 1238 -bat
455 1200 633 1239 coram
658 1188 759 1245 cia,
800 1190 856 1236 et
882 1180 1242 1235 Summarum
1279 1184 1398 1234 inde
1431 1185 1539 1234 viri
1577 1184 1704 1244 (vnn.
1733 1188 1779 1230 2.
1806 1189 1854 1233 4.
1891 1191 1936 1233 5.

327 1265 377 1307 8.
408 1263 519 1322 16).
597 1258 788 1327 Itaque
808 1272 908 1327 per
931 1250 1005 1329 [³¹⁵]
1032 1262 1322 1324 utramque
1341 1256 1606 1309 virtutem
1621 1295 1633 1319 ‚
1674 1256 1936 1326 pietatem

328 1338 384 1385 et
421 1330 822 1385 humanitatem
871 1327 1152 1399 dirigebat
1201 1345 1394 1383 omnes
1434 1328 1504 1383 ad
1540 1330 1937 1403 praescriptam

326 1402 697 1477 politicam*).
791 1404 902 1457 Ista
942 1404 1092 1457 enim
1113 1400 1358 1475 'politica
1406 1420 1566 1458 suam
1614 1406 1786 1459 vitam
1832 1424 1936 1478 pro

328 1478 585 1550 exemplo
622 1476 882 1533 exhibuit
920 1478 1132 1534 nationi
1170 1478 1288 1533 dux
1327 1495 1390 1533 ac
1425 1479 1581 1552 origo
1620 1480 1742 1534 eius
1785 1498 1936 1537 oom-

326 1561 518 1625 pertus
532 1594 545 1617 ‚
577 1553 791 1625 quippe
811 1553 910 1625 qui
930 1554 1254 1610 oculotenus
1274 1554 1551 1609 visionem
1570 1554 1770 1609 videns
1785 1596 1799 1620 ,
1824 1574 1935 1611 non

327 1645 458 1682 vero
479 1636 818 1684 constantem
838 1636 1044 1685 -tam
1075 1630 1226 1685 enim
1253 1629 1448 1694 deum,
1489 1646 1657 1701 quam
1685 1634 1939 1705 peregri-

327 1720 427 1758 nos
445 1702 660 1759 vidisse
688 1722 749 1759 se
778 1705 1187 1778 imaginabatur
1211 1736 1314 1770 -,
1356 1720 1596 1776 aequum
1625 1704 1789 1761 duxit
1815 1714 1939 1762 tum

326 1778 471 1833 sicut
503 1796 633 1853 erga
671 1780 839 1837 deum
878 1782 1138 1853 pietatem
1177 1780 1382 1844 colere,
1430 1787 1548 1834 tum
1585 1781 1730 1835 sicut
1768 1799 1936 1853 pere-

326 1855 503 1928 grinis
554 1858 889 1928 aequitatem
942 1857 1167 1913 unionis
1209 1873 1272 1911 ac
1309 1854 1708 1909 humanitatem
1749 1866 1939 1912 osten-

326 1930 477 1984 dere.
557 1933 699 1987 Hinc
726 1951 858 1988 ansa
887 1942 1044 2005 capta
1071 1930 1326 1987 nonnulli
1346 1945 1663 1985 mensuram
1683 1931 1939 2002 pondus-

326 2021 435 2075 que
475 2003 796 2061 harmoniae
836 2024 1126 2079 corporeae
1162 2006 1542 2079 excogitarunt
1573 2004 1652 2078 (in
1682 2006 1807 2080 deo)
1837 2006 1940 2062 ab-

325 2078 505 2132 normi
534 2080 825 2149 opinione,
868 2080 1338 2152 quemadmodum
1367 2098 1595 2136 severus
1625 2080 1723 2135 ille
1743 2091 1796 2137 et
1815 2082 1940 2137 suf-

326 2152 517 2207 ficiens
540 2154 600 2208 in
620 2155 853 2209 scientia
887 2156 1114 2227 exponit
1135 2158 1428 2220 HomeruS,
1472 2152 1668 2210 decore
1695 2157 1846 2213 vitae
1876 2166 1940 2213 ut

324 2226 593 2299 pulchrae
633 2228 951 2283 harmoniae
979 2248 1089 2285 non
1120 2230 1287 2285 licere
1317 2228 1608 2302 superbire
1639 2248 1702 2286 ac
1731 2250 1940 2287 noxam

326 2302 543 2371 subire;
596 2303 673 2359 ait
702 2304 879 2357 enim:
922 2304 1278 2359 Divinitatem
1309 2304 1580 2379 fingentes
1599 2306 1707 2361 sub
1728 2306 1940 2363 simili-

325 2376 521 2433 tudine
551 2378 869 2435 existimant
898 2376 1141 2434 humana
1171 2378 1345 2434 forma
1373 2379 1814 2453 pulchritudinis
1837 2400 1940 2455 ap-

324 2454 577 2523 paruisse
606 2470 770 2525 saepe
802 2454 1054 2523 saepiuS,
1100 2454 1170 2507 ab
1196 2455 1456 2523 opinione
1477 2456 1779 2511 multorum
1801 2457 1940 2512 deo-

323 2544 449 2580 rum
500 2546 609 2582 non
648 2524 1018 2583 discedentes,
1119 2527 1327 2583 Versus
1365 2538 1550 2583 autem
1587 2530 1724 2585 tales
1769 2542 1932 2587 sunt:

326 2654 477 2761 aad)
509 2672 728 2763 X‘ug'ffm
764 2684 851 2720 eos,
907 2675 980 2724 qm·
1010 2683 1055 2713 se
1089 2674 1346 2723 scripserunt
1387 2676 1432 2714 in
1477 2681 1816 2723 exercitationem
1855 2694 1938 2734 po·
