2125 3084
348 200 411 251 36
802 200 1169 247 PHILONIS
1206 200 1480 246 IUDAEI
1759 194 1832 260 [L
1859 198 1970 264 27.]

344 306 525 359 iustus
553 301 881 356 circumdari
912 301 1148 355 fulmine
1175 298 1460 372 debeat*);
1488 350 1496 357 .
1525 316 1650 354 nam
1677 317 1812 355 cum
1837 294 1972 357 e'le-

346 380 525 434 ctione
545 378 730 433 omnia
749 376 958 432 iudicat
976 375 1346 447 providentia.

410 502 433 527 ·
459 491 547 543 56.
588 486 877 558 Corruptio
894 491 1079 540 autem
1095 481 1377 539 fructuum
1399 500 1469 537 ex
1494 481 1794 555 grandine,
1845 485 1968 538 im-

348 563 545 619 bribus
582 562 923 631 caeterisque
960 558 1370 615 calamitatibus
1408 557 1712 612 obveniens
1728 599 1742 621 ,
1771 557 1964 635 ‘haud

348 640 534 695 dolore
562 636 732 693 afficit
750 637 985 702 iustum;
1046 650 1222 706 quum
1239 634 1390 688 enim
1407 632 1550 687 nibil
1574 632 1805 697 habeat,
1839 650 1960 705 quo

344 716 623 787 privetur,
664 728 771 767 non
803 711 913 781 ipsi
933 710 1137 765 iniuria
1157 707 1412 764 infertur.
1487 707 1709 767 Etenim
1730 725 1846 763 non
1869 709 1960 764 of-

346 787 523 845 fendit
542 790 749 843 iustum
767 786 883 841 ullo
902 784 1066 840 modo
1079 826 1091 849 ,
1129 784 1452 856 praesertim
1472 800 1600 839 eum
1615 824 1628 847 ,
1673 784 1776 854 qui
1797 792 1958 839 tran—

345 864 621 936 quillitate
654 862 879 917 omnino
914 860 1200 915 decoratus
1239 868 1346 913 est:
1408 860 1458 912 is
1487 858 1640 913 enim
1663 866 1834 929 prout
1863 878 1953 914 as-
1994 888 2000 893 -

346 939 623 995 suefactus
653 946 736 993 est
750 978 767 1001 ,
806 935 1082 991 moderate
1111 951 1227 990 rem
1253 934 1455 1005 accipit
1472 932 1538 1005 (s.
1559 950 1661 1004 pro
1679 935 1948 989 exercitio

347 1034 395 1068 s.
426 1014 746 1086 probatione
776 1012 1023 1084 accipit),
1065 1011 1250 1065 animo
1276 1009 1536 1082 passione
1553 1009 1706 1063 omni
1725 1019 1946 1064 carente

344 1091 684 1160 minimeque
703 1087 1037 1161 perturbato.
1083 1083 1160 1161 [Ἴ
1198 1084 1356 1151 Quod
1373 1084 1425 1138 si
1441 1084 1807 1139 mutationem
1826 1085 1945 1139 ani-

344 1166 424 1219 mi
443 1166 684 1235 patiatur
702 1164 885 1218 iustus
899 1204 912 1227 ,
953 1162 1043 1217 vel
1073 1159 1520 1233 possessionibus
1544 1158 1786 1215 sublatis
1799 1201 1826 1225 ,.
1853 1158 1940 1214 vel

347 1239 555 1293 iniusta
590 1245 763 1293 morte
798 1238 1222 1309 superveniente
1235 1276 1250 1301 ‚
1308 1235 1420 1290 iam
1458 1250 1570 1291 non
1608 1243 1694 1289 est
1727 1236 1936 1303 iustus;

344 1328 521 1383 quum
542 1310 808 1368 donorum
828 1320 883 1367 et
902 1311 1174 1368 mercedis
1199 1311 1374 1384 gratia
1401 1308 1756 1365 divinitatem
1781 1311 1936 1373 colat,

344 1387 703 1457 omniumque
733 1386 1168 1458 superbissimus
1195 1402 1386 1441 revera
1414 1385 1488 1439 sit
1507 1384 1838 1441 huiusmodi
1855 1388 1944 1441 iu-

345 1470 467 1515 stus
478 1502 491 1525 ,
534 1462 633 1532 qui
651 1462 805 1517 nullo
823 1461 987 1518 modo
1004 1463 1221 1519 dolores
1239 1467 1518 1532 exspectet
1529 1500 1544 1525 ‚
1587 1460 1690 1515 sed
1709 1461 1944 1533 gloriam

348 1542 400 1589 et
420 1535 611 1592 laudes
627 1578 640 1601 ,
679 1537 755 1591 ita
775 1545 837 1591 ut
856 1544 967 1592 tota
987 1539 1110 1593 eius
1129 1538 1244 1591 vita
1263 1535 1581 1607 superbiam
1600 1535 1870 1592 redoleat.

459 1646 545 1699 57.
584 1645 791 1716 Ecquis
809 1646 1160 1717 providentia
1178 1647 1301 1717 ipsa
1319 1644 1618 1717 sapientior
1638 1653 1724 1699 est
1737 1686 1749 1709 ,
1775 1653 1842 1699 ut
1861 1646 1948 1699 vi—

344 1727 560 1791 tuperet
587 1736 728 1791 quae
757 1720 826 1775 ab
855 1738 917 1776 ea
947 1719 1122 1776 fiunt?
1157 1720 1311 1787 Quis
1332 1720 1642 1791 sapientum
1664 1720 1945 1775 incusabit

344 1794 651 1861 medicum,
695 1796 794 1868 qui
829 1796 1092 1852 remediis
1131 1795 1399 1851 adhibitis
1433 1796 1760 1866 praevenire
1799 1813 1945 1850 mor-

345 1869 479 1925 bum
510 1870 770 1926 conetur‘?
822 1871 990 1943 Atqui
1020 1870 1214 1927 eodem
1241 1869 1402 1927 modo
1437 1870 1600 1925 etiam
1638 1866 1941 1940 providens

344 1947 605 2009 universo
640 1945 846 2001 mundo
876 1955 1069 2002 natura
1097 1946 1504 2017 sapientissima
1529 1951 1638 2009 est,
1683 1947 1940 2017 quamvis

344 2020 593 2075 immissa
621 2021 813 2092 pluvia
843 2038 970 2077 cum
990 2022 1259 2077 iustorum
1280 2020 1446 2075 etiam
1465 2018 1798 2075 detrimento
1820 2038 1941 2093 ger-

342 2096 555 2149 minum
569 2094 991 2153 foecunditatem
1003 2096 1254 2167 impedit,
1275 2096 1409 2150 satis
1429 2093 1540 2149 sibi
1559 2096 1783 2149 conscia
1807 2097 1866 2151 id
1883 2114 1940 2149 se

343 2170 644 2241 impedire,
689 2171 840 2241 quod
866 2174 987 2243 ipsa
1019 2171 1300 2227 fructuum
1327 2169 1662 2226 abundantia
1699 2171 1942 2245 singulis

344 2246 670 2301 detrimento
691 2245 873 2325 fii-tura
894 2256 1056 2302 esset.

454 2358 540 2410 58.
582 2354 865 2421 Quomodo
887 2372 1016 2410 vero
1040 2356 1446 2427 providentiam
1467 2354 1800 2410 effectricem
1823 2373 1949 2412 esse

342 2431 669 2502 negabimus
685 2472 697 2494 ‚
723 2446 897 2501 quum
918 2448 1140 2486 causam
1159 2431 1472 2503 iniquitatis
1489 2430 1823 2486 effectricem
1844 2450 1950 2487 au·-

342 2503 505 2568 ferat,
538 2522 713 2577 quum
742 2504 846 2560 hoc
870 2506 1033 2562 modo
1065 2506 1292 2573 efficiat,
1325 2516 1388 2562 ut
1406 2507 1706 2579 impiorum
1725 2506 1948 2563 minora

443 2644 485 2689 *)
517 2644 613 2683 Non
645 2656 801 2693 neg-are
835 2657 882 2686 se
914 2650 1126 2687 monstrat
1157 2649 1279 2689 Phflo
1313 2651 1450 2689 iustos
1484 2650 1614 2687 etiam.
1645 2648 1800 2687 similia
1835 2652 1948 2697 pati,

340 2692 419 2777 5⁴1³}-
458 2694 803 2781 ἱἏεῧιὴ·ᾱὶνοι-εο
846 2698 987 2737 animo
1029 2700 1214 2747 perpeti,
1262 2703 1310 2739 ut
1345 2700 1508 2748 patebit
1551 2709 1606 2738 ex
1648 2698 1760 2737 infra
1793 2698 1952 2739 dicen-
