2125 3084
208 179 297 244 [IL
324 175 441 242 511.]
580 183 661 227 IN
697 183 1038 232 EXODUM.
1082 187 1336 232 SERMO
1373 188 1436 233 11.
1711 183 1813 236 357

206 283 446 356 alterum
475 298 606 336 vero
634 282 946 347 sensibilis,
990 285 1048 338 in
1077 285 1284 355 quibus
1305 294 1582 358 tamquam
1605 291 1662 343 in
1683 290 1812 345 fun-

206 357 483 414 damentis
512 359 848 428 supererecti
879 367 1008 413 sunt
1034 358 1268 414 firmius,
1347 363 1484 416 Nam
1515 372 1810 438 utrumque

205 449 400 489 eorum
434 449 569 504 prae
598 450 658 486 se
688 432 790 488 fert
819 449 982 487 suum
1010 443 1290 499 ornatum,
1329 437 1426 507 qui
1458 439 1560 492 etsi
1591 441 1810 510 gravior

204 510 307 572 sit,
334 508 577 580 gravitas
599 514 779 562 tamen
801 515 883 563 est
904 509 1048 562 sicut
1071 509 1244 564 levior
1259 552 1270 574 ‚
1305 518 1360 564 et
1379 512 1602 567 aliunde
1625 514 1812 584 impu-

204 583 353 638 trida
374 582 692 637 sunt·verba
707 624 719 646 ‚
752 583 884 653 quia
907 583 997 637 dei
1018 594 1149 638 sunt
1168 602 1350 640 voces,

306 739 404 789 Cur
434 739 701 806 qestatmjt'a
734 749 979 788 nectuntur
1012 741 1062 788 in
1099 741 1297 790 annulos
1331 742 1401 792 ad
1423 742 1716 806 portandam

770 812 965 857 arcam?
1000 813 1108 872 (25,
1141 809 1260 873 14.)-

319 912 405 962 58.
451 909 566 965 Duo
590 909 834 981 duplicis
854 909 1049 983 mundi
1081 911 1318 966 rationes
1348 921 1503 976 sunt,
1543 929 1681 984 quas
1711 930 1810 968 ve-

202 993 321 1039 ctes
344 983 670 1056 appellavit,
714 1001 992 1039 connexae
1011 1001 1111 1056 per
1139 986 1416 1058 sigillum,
1459 989 1808 1043 ostendentes

199 1060 605 1131 praescriptum
630 1076 692 1115 ac
710 1060 1084 1115 necessarium
1103 1069 1380 1127 eventum,
1403 1080 1588 1117 rerum
1608 1079 1808 1136 nempe

200 1135 604 1189 connexionem
647 1134 1019 1190 harmonicam
1036 1176 1049 1199 ,
1101 1136 1322 1208 singula
1363 1138 1422 1191 in
1465 1138 1808 1193 ordinatione

198 1211 421 1280 integra
448 1209 748 1267 reddendo.
825 1211 887 1265 In
918 1210 1136 1265 visibili
1165 1212 1350 1282 itaque
1375 1213 1584 1270 mundo
1603 1213 1807 1268 simli-

198 1282 341 1339 tudo
362 1290 415 1338 et
432 1282 602 1340 forma
624 1293 733 1350 est,
760 1285 817 1339 in
838 1285 1204 1341 intellectuali
1223 1303 1354 1343 vero
1375 1289 1583 1344 indicia
1605 1298 1658 1344 et
1676 1306 1807 1361 pro-

197 1358 407 1432 totypi,
452 1359 625 1414 classe
654 1369 707 1414 et
734 1360 927 1416 ordine
952 1361 1436 1435 progredientibus
1447 1363 1500 1436 ³¹⁵)
1520 1364 1804 1436 sequenti-

198 1435 422 1506 busque
440 1434 750 1491 secundum
770 1443 995 1492 naturae
1015 1437 1508 1508 concinnationem.
1745 1471 1750 1475 ·

234 1592 311 1658 [¹⁵]
358 1591 489 1650 Quid
519 1603 587 1644 eet
625 1593 864 1668 „Iniicies
896 1595 1146 1644 ἐπ’-ανσαηι
1179 1597 1578 1660 testificationem,
1627 1615 1768 1662 quam

698 1661 825 1711 dabo
858 1662 1025 1712 tibiur
1060 1665 1168 1727 (25,
1203 1664 1306 1728 16.)

312 1765 399 1816 59:
450 1759 720 1828 Quoniam
756 1763 943 1835 itaque
984 1781 1108 1818 arca
1145 1766 1452 1838 incorporei
1487 1765 1802 1836 symbolum

192 1833 537 1901 est-mundi,
574 1845 789 1907 ‘oportet
818 1846 1002 1893 autem
1029 1839 1302 1893 mundum
1331 1840 1492 1893 illum
1519 1855 1640 1892 esse
1661 1839 1802 1910 legis

191 1911 475 1968 indicium
491 1953 503 1975 ,
548 1927 709 1984 quam
739 1913 1173 1968 testificationem
1193 1914 1438 1976 vocavit,
1477 1913 1598 1966 iure
1619 1929 1682 1967 ac
1702 1912 1804 1967 de·-

194 1995 387 2044 center
411 1987 573 2051 dixit,
599 1987 767 2044 verbo
788 1990 846 2043 in
870 2006 1051 2044 arcam
1072 2005 1274 2060 ponere
1293 1989 1467 2052 illam,
1491 2004 1654 2059 opere
1670 2004 1800 2042 vero

193 2067 256 2118 in
288 2063 560 2117 mundum
588 2063 1030 2137 intelligibilem,
1072 2072 1134 2119 ut
1161 2064 1375 2117 cunctis
1405 2063 1521 2117 suis
1548 2062 1798 2134 partibus

194 2138 320 2194 illic
343 2139 530 2196 iacens
548 2147 887 2211 perseveret.

200 2279 335 2336 Quid
374 2289 443 2330 est
486 2279 916 2346 „propitiatorium
932 2283 989 2343 “‚
1048 2290 1094 2330 et
1135 2295 1283 2344 quare
1326 2279 1605 2342 „epithema
1617 2281 1651 2332 ‘,‘
1695 2280 1798 2342 (su-

256 2347 625 2412 perpositionem
656 2365 697 2396 ε.
736 2349 1051 2414 opertorium)
1087 2347 1207 2398 illud
1235 2348 1452 2398 vocavit?
1488 2348 1595 2424 (253
1622 2349 1727 2407 17.)

221 2461 223 2468 ’
262 2519 265 2522 ¹
304 2453 391 2506 60.
442 2450 718 2526 Propitiae
750 2467 813 2504 ac
833 2449 1112 2505 beneficae
1132 2450 1355 2506 virtutis
1375 2444 1688 2526 symbolum
1709 2447 1798 2502 di-

189 2531 346 2579 ctum
384 2524 492 2580 fuit
522 2529 969 2594 propitiatorium.
1046 2527 1318 2597 Epithema
1353 2533 1534 2580 autem
1571 2523 1793 2586 dicitur,

188 2600 329 2671 quia
376 2601 760 2672 superpositus
808 2609 891 2655 est
938 2599 1166 2655 firmiter
1211 2599 1586 2688 intelligibilis
1632 2615 1797 2652 mun-

297 2741 341 2789 ³)
368 2751 404 2781 s,
426 2743 643 2790 prototypi
668 2742 815 2782 clauis
842 2745 879 2781 et
905 2743 1062 2782 ordinis
1084 2743 1441 2792 proqredientium
1467 2747 1540 2784 etc.
1592 2743 1753 2783 Auen.

2093 2757 2095 2824 ἰ

1943 2825 2096 3034 λ
