2125 3084
31 2819 182 3014 Γ

309 287 316 296 ·
343 277 512 334 tionis
533 283 752 346 tempus
771 291 1020 332 mensem
1035 275 1283 347 primum
1302 273 1549 346 scripsit.
1590 271 1748 328 Idem
1768 281 1975 330 tamen

345 173 446 226 300
597 175 791 220 PHIL.
827 174 978 220 1111).
1017 173 1343 231 QUAEST.
1380 172 1481 218 ΕΤ
1518 171 1679 217 SOL.
1720 165 1816 232 [11,·
1833 172 1976 236 442]

346 361 401 408 et
443 352 714 423 septimus
759 359 844 408 est
881 350 1131 423 (mensis)
1166 351 1323 404 iuxta
1360 347 1600 406 solarem
1636 347 1969 420 periodum,

345 427 609 500 quoniam
637 434 692 481 et
717 427 778 482 in
809 425 1145 482 autumnalis
1176 425 1513 496 aequinoctii
1549 425 1975 496 comparatione

345 504 618 575 septimus
646 502 864 558 mensis.
883 501 1148 556 scribitur
1172 500 1675 573 transmigrationis
1709 508 1967 572 tempu3‚

346 588 401 636 et
419 579 636 651 primus
655 584 742 632 est
757 576 1069 634 secundum
1084 575 1295 632 solares
1312 591 1571 634 numeros
1580 574 1656 648 *).

387 751 889 884 saraam
923 751 1052 870 52⁶2..
1076 752 1453 882 raam)
1320 751 1929 884 ‘wawere

460 927 513 982 2.
563 923 842 988 Primum,
883 930 946 978 ut
979 922 1080 996 qui
1116 921 1403 978 oblaturus
1442 925 1557 975 erat
1595 919 1957 985 sacrificium,

349 1016 456 1054 non
484 999 663 1054 obiter
691 999 845 1054 illico
872 1000 993 1052 sine
1022 1001 1438 1073 praeparatione
1472 995 1613 1052 facta
1649 991 1962 1050 sacrificas-

349 1083 458 1138 set,
483 1073 582 1129 sed
605 1091 734 1130 cura
755 1073 1160 1148 diligentiaque
1180 1082 1462 1144 tamquam
1484 1071 1554 1128 ad
1573 1073 1807 1146 gratiam
1829 1071 1961 1126 red-

350 1149 588 1209 dendam
615 1157 838 1224 paratus
858 1150 1119 1206 salvatori
1140 1159 1193 1204 et
1213 1147 1549 1204 benefactori
1570 1149 1961 1202 universorum

351 1225 474 1280 dec.
532 1224 789 1280 Secundo
810 1225 915 1280 sub
927 1221 1024 1354 ΓΞ
1039 1227 1348 1298 aenigmate
1370 1241 1468 1296 per
1486 1223 1641 1278 illam
1662 1239 1963 1296 praepara—

350 1310 462 1355 tam
483 1299 721 1360 hostiam
741 1300 863 1355 vult
881 1300 921 1354 il
948 1317 986 1354 u
1053 1301 1213 1373 prius
1243 1299 1499 1364 edocere,
1546 1299 1697 1370 quod
1726 1299 1826 1369 qui
1856 1297 1962 1353 ob-

351 1375 565 1430 laturus
619 1383 701 1428 est
749 1374 986 1429 hostiam
1003 1415 1016 1439 ,
1087 1384 1374 1448 praeparet
1428 1375 1666 1428 animam
1727 1380 1785 1428 et'
1837 1391 1963 1428 cor-

351 1465 485 1522 pus:
540 1447 691 1502 istud
729 1465 829 1520 per
856 1448 1191 1506 munditiam
1219 1450 1718 1520 abstinentiamque
1747 1448 1817 1502 ab
1849 1451 1965 1503 im-

352 1521 683 1587 munditiis?
725 1523 880 1578 illam
910 1532 1092 1581 autem
1118 1537 1219 1600 per
1238 1527 1579 1582 vocationem
1602 1524 1827 1580 divinae
1848 1521 1965 1578 ini—

353 1598 569 1654 tiationi
591 1599 889 1672 tranquille
903 1643 915 1666 ,
940 1607 1002 1656 ut
1021 1601 1096 1656 sit
1114 1601 1407 1674 dissolutio
1428 1600 1795 1674 cupiditatum
1811 1641 1824 1664 ‚
1855 1601 1966 1655 etsi

353 1692 463 1730 non
481 1675 733 1741 omnino,
764 1677 1239 1746 conturbantium3
1270 1694 1380 1732 non
1402 1677 1549 1731 enim
1571 1676 1730 1741 licet,
1760 1692 1967 1730 secun—

355 1750 490 1810 dum
517 1752 710 1806 tritum
745 1753 1006 1820 verbum,
1058 1753 1233 1810 illotis
1271 1751 1512 1825 pedibus
1548 1750 1771 1825 ingredi
1798 1751 1967 1824 pavi-

355 1835 602 1886 mentum
630 1828 826 1901 templi
857 1829 970 1885 dei.
1049 1830 1233 1886 Tertio
1261 1828 1453 1884 multis
1483 1826 1683 1883 diebus
1714 1825 1836 1884 vult
1863 1843 1966 1880 ex-

353 1904 527 1978 periri
547 1912 770 1978 gentem
783 1946 796 1970 ,
829 1906 1143 1978 qualisnam
1164 1905 1239 1960 sit
1256 1905 1316 1960 in
1337 1903 1472 1972 fide3
1505 1903 1769 1975 quoniam
1790 1901 1965 1957 dubio

357 1988 503 2035 actos
533 1979 823 2036 manifeste
851 1981 1062 2044 sciebat
1086 1998 1194 2037 non
1214 1987 1565 2054 praeparatos
1586 1996 1708 2035 esse
1727 1979 1787 2033 in
1806 1977 1967 2032 obla-

355 2055 591 2120 tionem,
633 2053 730 2110 sed
769 2057 953 2129 potius
981 2057 1331 2132 negligenter
1358 2072 1418 2110 se
1446 2063 1701 2128 gerentes
1729 2054 1802 2109 >ad
1830 2070 1967 2108 con-

355 2131 672 2187 venientem
726 2131 1170 2206 condignamque
1224 2131 1575 2204 diligentiam
1626 2129 1963 2186 habendam.

356 2205 559 2272 Quarto
598 2205 1024 2271 debellationem
1062 2207 1461 2282 Aegyptiorum
1498 2206 1681 2279 palam
1715 2205 1961 2262 inducit:

357 2283 519 2356 quia,
562 2282 666 2337 etsi
697 2298 806 2336 non
831 2284 1056 2342 omnino
1082 2282 1142 2338 in
1165 2284 1477 2358 angustiam
1498 2277 1707 2338 redacti
1722 2279 1967 2338 'fuissent

359 2365 415 2413 et
433 2358 656 2414 horrore
676 2359 1005 2414 consternati
1027 2375 1098 2414 ex
1116 2360 1307 2424 malis,
1350 2375 1495 2433 quae
1515 2359 1666 2430 passi
1688 2367 1844 2422 sunt,
1894 2357 1968 2410 il·-

463 2533 506 2582 *)
551 2536 580 2575 i.
610 2544 650 2574 e.
669 2535 834 2584 primus
863 2532 1002 2572 dictus
1035 2533 1241 2574 Israelitis
1268 2535 1431 2574 mensis
1463 2533 1628 2580 Mareu,
1674 2543 1761 2583 quo
1786 2541 1968 2587 uernum

361 2587 546 2624 occurrit
571 2585 903 2633 aequinoctium,
947 2585 1141 2632 septimus
1177 2589 1244 2625 est
1276 2585 1436 2624 mensis
1472 2585 1677 2624 inchoans
1712 2595 1739 2623 a
1771 2583 1967 2634 Septem-

364 2636 658 2674 britransaeto
671 2662 682 2681 ,
711 2645 796 2682 quo
823 2635 1071 2676 autumnale
1098 2639 1191 2674 erat
1216 2636 1555 2684 aequinoctiumt
1576 2635 1699 2674 sicut
1710 2639 1756 2674 et
1774 2635 1967 2683 Septem-

363 2685 472 2771 {tiliae
483 2693 661 2771 hnomen
712 2685 888 2725 denotat
936 2695 1129 2732 mensem
1180 2687 1364 2728 solarem
1416 2697 1443 2725 a.
1484 2687 1683 2726 Ianuario
1732 2689 1965 2734 inceptum.
