2125 3084
210 213 428 281 [11‚194.]
554 217 637 262 IN
676 217 1027 263 GENESJN.
1069 216 1322 263 smnio
1357 218 1446 263 m.
1737 214 1806 269 23

208 318 473 373 veraciter
513 324 722 371 secreta
749 333 851 371 sua
875 316 1202 381 crediderit,
1243 334 1416 388 quum
1443 318 1618 375 semel
1647 337 1808 375 acce·

207 394 342 465 perit
364 392 665 446 consilium
688 391 991 463 sapientiae
1007 400 1171 462 atque
1191 394 1494 463 gustaverit
1519 396 1806 450 matrimo—

210 470 359 521 nium
382 467 526 530 eiu3‚
551 474 861 521 constanter
880 473 1165 536 permanet
1183 474 1247 519 ut
1267 468 1412 521 vitae
1429 485 1652 523 consors
1671 487 1806 524 con-

207 544 327 609 iux;
394 542 501 595 etsi
544 540 825 614 encyclica
862 539 1164 611 disciplina
1190 540 1428 595 multum
1453 552 1516 597 ut
1541 544 1805 615 pulchras

207 616 431 671 choreas
473 616 663 687 agitet.
743 613 1037 686 Siquidem
1075 616 1408 686 geometriae
1421 656 1436 679 ‚
1499 618 1808 673 arithmeti-

207 708 297 745 cae
312 732 325 755 ‚
376 690 771 762 grammaticae
786 730 801 753 ,
843 689 1148 744 rhetoricae
1177 689 1522 760 aliarumque
1549 691 1808 763 discipli-

194 782 401 821 narum
430 765 647 836 ingenii
668 763 907 818 theorias
926 780 1102 834 quum
1119 780 1252 834 prae
1271 764 1532 819 manibus
1551 765 1810 820 habuerit

208 841 409 893 virtute
438 846 725 909 praestans
753 838 841 893 vir
856 878 869 901 ,
910 854 1018 893 non
1048 839 1234 893 minus
1257 848 1440 893 tamen
1460 856 1670 895 memor
1687 842 1810 895 εἴη·

207 914 287 968 dii
330 914 651 984 probitatiS‚
699 914 760 965 in
798 929 972 966 unum
1010 912 1183 967 fertur
1217 922 1280 967 ut
1311 915 1373 968 in
1410 930 1552 985 opus
1588 916 1808 987 praeci-

207 1004 385 1060 puum
399 1028 413 1050 ,
462 990 523 1041 in
560 987 794 1041 alterum
832 1004 961 1041 vero
1000 996 1062 1041 ut
1098 988 1160 1041 in
1195 1005 1336 1059 opus
1371 991 1716 1044 accessimm
1727 990 1803 1061 ¹²).

211 1062 499 1117 Caeterum
525 1062 749 1116 omnino
778 1078 876 1131 par
896 1070 979 1115 est
1000 1061 1446 1132 approbationem
1465 1066 1734 1134 consequi
1751 1073 1810 1118 et

211 1135 359 1189 illud
372 1176 385 1199 ‚
418 1136 564 1206 quod
584 1137 777 1191 uxoris
796 1137 1018 1189 nomine
1036 1136 1399 1207 appellaverit
1417 1138 1703 1201 ancillam,
1741 1154 1809 1191 eo

208 1209 369 1282 quod,
382 1211 713 1283 complacitu
739 1218 903 1281 atque
932 1210 1150 1264 hortatu
1178 1228 1340 1265 verae
1369 1212 1560 1265 uxoris
1590 1212 1810 1282 excepit

206 1295 415 1349 torum,
478 1302 589 1340 non
628 1294 811 1339 autem
850 1302 951 1339 sua
984 1286 1208 1355 propria
1241 1285 1546 1353 voluntate;
1610 1302 1809 1357 quam-

204 1360 398 1415 obrem
414 1376 536 1431 ‚non
562 1359 805 1431 amplius
825 1359 1084 1413 ancillam
1103 1376 1224 1414 eam
1243 1359 1390 1415 dixit
1405 1400 1422 1423 ,
1457 1370 1519 1415 ut
1536 1378 1738 1433 nempe
1755 1362 1808 1415 si

206 1451 315 1489 non
346 1436 635 1497 meritum,
678 1451 875 1495 nomen
904 1433 1100 1488 saltem
1127 1434 1278 1488 idem
1303 1444 1689 1505 assequeretur
1707 1453 1806 1489 an-

205 1510 337 1563 cilla
366 1509 496 1563 data
524 1510 583 1563 in
612 1526 862 1563 uxorem.
940 1510 1328 1563 Verumtamen
1357 1510 1651 1583 allegoriae
1687 1520 1810 1565 stu-

204 1584 402 1638 dentes
442 1584 628 1638 dicere
668 1583 831 1637 liceat
844 1623 858 1646 ‚
900 1583 1051 1654 quod
1085 1584 1250 1637 etiam
1277 1584 1458 1639 media
1488 1586 1810 1639 exercitatio

206 1657 544 1729 disciplinae
582 1658 701 1711 vim
738 1657 907 1712 habet
941 1658 1310 1722 concubinae,
1353 1658 1454 1713 eed
1479 1658 1716 1731 figuram
1745 1674 1810 1711 ac

202 1742 461 1787 ornatum
499 1733 716 1799 uxoris3
787 1749 915 1787 nam
946 1734 1203 1804 singulae
1231 1732 1687 1805 encyclopaediae
1720 1750 1812 1787 re-

203 1807 395 1862 ferunt
410 1809 469 1861 in
490 1824 551 1863 se
570 1807 965 1878 imitanturque
984 1824 1172 1861 veram
1199 1808 1481 1861 virtutem.

311 1980 445 2037 Quid
476 1990 547 2030 est
578 1979 785 2044 „Quum
818 1982 939 2032 vidie
967 1998 1019 2031 se
1052 1980 1346 2045 concepisse,
1391 1980 1614 2045 despecta
1647 1991 1718 2031 est

577 2048 769 2098 domina
810 2066 971 2099 coram
1004 2050 1195 2113 ipsa‘w
1229 2054 1338 2111 (16,
1373 2050 1452 2112 4.)

320 2160 409 2214 22.
450 2157 756 2230 Diligenter
780 2176 929 2214 nunc
956 2165 1220 2214 dominam
1247 2158 1384 2213 dicit
1413 2158 1602 2213 Saram
1616 2200 1631 2222 ‚
1675 2158 1812 2212 dum

203 2232 509 2303 putabatur
543 2233 877 2288 diminutam
906 2251 1027 2289 esse
1056 2252 1120 2288 ac
1147 2242 1459 2305 superatam
1487 2234 1558 2287 ab
1587 2233 1808 2293 ancilla,

202 2307 365 2378 prole
406 2316 687 2363 carentem
716 2326 746 2361 a
770 2309 925 2380 prole
960 2309 1230 2381 praedita.
1309 2308 1466 2363 Certe
1505 2308 1612 2361 hoc
1647 2314 1815 2377 caput

204 2383 483 2435 sermonis
522 2381 595 2436 ad
634 2384 819 2437 omnia
852 2383 966 2438 fere
994 2384 1214 2456 negotia
1239 2384 1386 2437 vitae
1411 2382 1686 2435 humanae
1714 2394 1816 2432 ne-

207 2457 452 2509 cessaria
482 2456 826 2513 extenditur:
868 2457 1147 2529 probatior
1167 2458 1318 2511 enim
1337 2472 1402 2508 ac
1420 2454 1618 2507 melior
1635 2454 1694 2505 in
1713 2451 1816 2505 do·-

205 2531 387 2585 minio
406 2539 493 2585 est
516 2528 592 2605 [³¹⁵]
618 2534 839 2603 sapiens
859 2550 1070 2605 pauper
1085 2548 1257 2603 quam
1275 2528 1551 2597 insipiens
1569 2525 1749 2588 (livea,
1763 2534 1817 2579 et

202 2750 229 2767 ν
314 2707 361 2751 “)
402 2704 550 2766 Vei-pa
590 2705 795 2744 Armenia
842 2708 1061 2753 tamquam
1115 2700 1252 2749 digito
1303 2697 1494 2737 indimt
1533 2693 1698 2734 Graeca
1747 2694 1822 2731 ius

203 2767 329 2803 ‘070⁹
364 2758 411 2795 et
445 2768 661 2807 παρεργσν-
711 2757 873 2795 Auch.
