2125 3084
352 180 452 234 452
652 183 887 229 PHILO
922 181 1260 229 IUDAEUS
1297 181 1396 226 DE
1434 181 1646 229 IONA.
1725 181 1813 246 [1],
1839 182 1958 248 611.]

352 285 487 340 haec
526 281 769 338 faciunt?
824 281 1092 350 Quoniam
1131 283 1410 346 nituntur,
1469 299 1539 336 ne
1578 282 1784 340 frustra
1829 304 1957 342 esse

352 365 681 414 monstretur
700 357 853 414 labor
876 359 1145 429 ipsorum.

462 436 547 488 52.
612 431 769 498 Quod
804 433 855 488 si
894 449 1023 505 ergo
1060 431 1332 506 agricolae
1369 447 1496 486 suos
1537 431 1758 488 labores
1797 435 1954 491 haud

353 509 842 580 praetermittentes
857 549 871 571 ,
904 508 1145 580 integros
1165 515 1411 571 servant,
1433 523 1532 578 ego
1551 505 1828 579 neglectis
1851 512 1954 565 Ni-

356 584 567 648 nivitis,
591 583 896 656 neglectam
914 581 1228 638 monstrabo
1245 580 1703 652 praedicationem
1725 583 1798 637 ad
1818 585 1950 640 illos

356 656 658 714 directam?
700 658 789 712 Illi
826 675 981 720 νει-ο,
1022 658 1124 729 qui
1153 657 1289 712 adeo
1317 657 1449 712 boni
1476 659 1640 710 moris
1669 675 1821 712 nunc
1851 677 1950 714 co·-

351 735 502 806 piam
542 732 1006 797 demonstrarunt,
1068 741 1130 786 ut
1166 749 1359 788 verum
1397 732 1557 787 illum
1591 731 1942 799 salvatorem,

354 825 521 879 quem
544 808 678 863 olim
712 807 1037 862 recusabant
1072 806 1362 872 honorare,
1419 805 1820 879 deperditorem
1855 807 1947 862 fa-

356 893 506 939 ctum
536 883 801 938 honorare
828 883 1129 946 voluerint,
1181 881 1455 952 quomodo
1483 899 1593 938 non
1621 883 1946 956 mitigarunt

354 958 559 1014 iudicis
580 959 903 1013 sententiam
925 957 1210 1022 lethalem,
1251 957 1546 1013 salutarem
1573 957 1686 1013 sibi
1713 957 1948 1014 coneili-

355 1031 543 1089 antes‘?
579 1033 695 1108 Ego
724 1034 871 1088 enim
898 1041 1031 1104 puto
1052 1032 1320 1104 agricolae
1346 1029 1418 1106 [*]
1443 1033 1739 1088 convenire
1759 1051 1950 1088 exem-

353 1109 537 1180 plum,
590 1116 653 1164 ut
689 1125 760 1164 ex
796 1107 987 1163 eodem
1016 1106 1268 1178 exemplo
1301 1106 1688 1178 persuadeam.
1765 1108 1951 1175 Quum

354 1185 483 1255 quis
502 1185 561 1236 in
580 1183 771 1238 arbore
785 1224 799 1248 ,
839 1201 910 1238 ex
928 1199 1035 1255 qua
1057 1181 1293 1237 fructum
1317 1183 1695 1253 exspectabat,
1731 1183 1830 1239 sed
1849 1201 1952 1256 spe

358 1257 647 1313 frustratus
679 1258 971 1314 festinabat
1009 1257 1078 1312 ad
1119 1255 1537 1321 eradicandum,
1585 1257 1788 1314 videns
1821 1277 1954 1331 pro-

354 1341 670 1401 rumpentes
691 1331 999 1389 fructiferas
1020 1331 1237 1388 frondes
1253 1372 1266 1398 ,
1289 1339 1510 1403 propter
1531 1330 1745 1388 fructus
1767 1335 1954 1410 arbori

354 1414 593 1478 praestat
620 1408 1071 1462 incolumitatem.
1157 1409 1280 1462 Iure
1309 1407 1640 1478 meritoque3
1685 1411 1956 1480 quoniam

356 1481 405 1534 si
425 1479 496 1534 ob
518 1481 868 1536 inutilitatem
888 1481 1196 1537 conciditur
1222 1481 1406 1547 arbor,
1444 1490 1666 1554 propter
1696 1481 1956 1539 feracita-

354 1563 466 1609 tem
507 1564 775 1610 servetur.
860 1557 1029 1611 Erant
1065 1556 1200 1612 olim
1237 1565 1289 1612 et
1325 1556 1606 1612 Ninivitae
1644 1557 1951 1614 infertiles:

357 1629 701 1703 denegabant
720 1629 956 1687 fructum
968 1631 1192 1687 divinae
1211 1632 1472 1697 iustitiae,
1497 1641 1549 1687 et
1569 1635 1832 1688 creatoris
1854 1635 1958 1690 ho-

356 1722 545 1762 norem
572 1707 834 1762 creaturis
863 1705 1185 1776 offerebant;
1227 1725 1375 1764 nunc
1407 1725 1537 1763 vero
1563 1725 1743 1764 nonne
1773 1708 1958 1782 frugi-

356 1783 463 1838 bus
493 1783 631 1854 ipsis
660 1783 862 1855 gratias
898 1782 1061 1856 (mihi)
1095 1781 1372 1838 referunt?
1415 1801 1594 1856 neque
1632 1782 1954 1839 foventibus

358 1859 643 1914 elementis
671 1857 914 1914 officium
942 1865 1244 1930 praestant,
1274 1857 1374 1914 sed
1400 1877 1501 1931 pro
1529 1857 1805 1914 fructibus
1835 1859 1954 1914 fru-

358 1942 547 1988 ctuum
586 1934 894 2006 largitorem
940 1933 1204 1989 honorare
1242 1933 1478 1990 fatentur
1515 1941 1568 1988 et
1602 1950 1702 2005 pro
1743 1934 1953 1989 mundo

357 2007 610 2080 opificem
630 2008 966 2064 adorandum
993 2008 1352 2064 admiserunt.

470 2103 556 2155 53.
597 2099 878 2166 Quomodo
898 2117 1027 2174 ergo
1044 2100 1181 2165 illis,
1205 2101 1303 2171 qui
1325 2108 1604 2155 mutarunt
1621 2116 1821 2164 mores,
1845 2097 1952 2155 im'-

359 2175 682 2230 mutabilem
704 2178 1030 2230 sententiam
1051 2175 1474 2248 praedicationis
1484 2175 1823 2231 mortiferam
1833 2193 1954 2230 ser—

359 2249 537 2305 vabo?
580 2250 640 2305 Si
670 2251 819 2305 enim
843 2259 1066 2324 propter
1095 2251 1322 2322 impiam
1352 2251 1822 2307 conversationem
1852 2251 1955 2306 ho—

357 2326 572 2380 minum
619 2326 1009 2380 immisericors
1057 2325 1362 2382 direximus
1409 2325 1668 2390 verbum,
1727 2335 1957 2398 propter

357 2408 700 2472 praesentem
726 2401 1193 2456 conversationem
1219 2403 1371 2474 piam
1401 2401 1705 2474 benignum
1739 2401 1961 2474 diriga-

359 2492 483 2530 mus
504 2476 665 2530 liceat
686 2475 938 2530 verbum.
1018 2475 1173 2533 Sicut
1193 2479 1340 2532 enim
1357 2478 1592 2550 pristina
1612 2477 1726 2532 vita
1755 2475 1962 2532 duram

358 2549 601 2603 merebat
620 2549 1110 2619 praedicationem,
1135 2553 1389 2609 similiter
1406 2552 1742 2624 poenitentia
1762 2569 1963 2608 eorum

361 2638 431 2673 ex
452 2621 681 2676 adverso
704 2624 1120 2697 benignitatem.

925 2725 1384 2769 ῆΟῷΟὓ-τ
