2125 3084
202 169 273 234 [1,
296 165 387 231 33]
492 171 589 214 DE
627 171 1174 220 PROVIDENTIA
1220 174 1475 220 SERMO
1510 176 1548 218 Ι.
1747 169 1805 222 Η

327 275 413 326 68.
454 269 624 342 Atqui
650 278 782 326 tunc
809 273 953 342 patri
981 273 1086 328 erit
1114 272 1345 337 similis,
1384 276 1482 344 qui
1503 273 1684 329 filium
1702 293 1811 332 non

201 350 449 403 instruat
466 353 518 400 et
538 346 886 417 improvidus
910 347 1011 415 sit3
1065 354 1160 402 aut
1178 349 1441 419 magistro
1458 390 1470 412 ‚
1503 349 1601 418 qui
1621 349 1812 424 (haud)

206 421 452 477 fideliter
474 420 777 477 doctrinam
798 421 1059 493 praebeat
1075 423 1348 498 proximis
1359 421 1433 494 ἢ.
1477 422 1586 477 Sed
1605 431 1664 478 tu
1683 425 1814 496 qui-

203 497 369 562 dem,
399 505 464 551 ut
491 499 775 560 convenit,
808 498 1066 568 quamvis
1097 496 1326 552 moleste
1345 497 1442 552 alii
1461 497 1664 563 ferant,
1704 501 1814 553 scis

202 588 356 644 quae
373 572 615 644 singulis
634 571 839 627 debeas
857 572 1015 626 iuxta
1038 571 1480 627 retributionem.
1556 573 1672 630 Nec
1699 573 1815 629 ullo

206 645 377 702 modo
400 646 586 702 dicere
605 655 759 718 potes
773 687 787 712 ,
808 646 959 718 quod
980 644 1198 717 aliquid
1215 647 1350 704 mali
1369 646 1576 702 factum
1595 649 1668 703 sit
1687 666 1718 703 a
1737 657 1810 712 te,

204 721 462 778 officium
505 723 643 777 utile
680 722 921 794 singulis
960 721 1213 778 debitum
1251 721 1571 778 adhibente.
1657 721 1815 798 Unde

202 814 419 868 quaeso
446 797 583 852 haee
610 797 823 852 habens
851 795 1025 854 facis?
1091 795 1552 868 Quandoquidem
1588 807 1816 854 naturae

204 872 409 927 mundi
437 872 573 927 haec
600 873 724 943 ipsa
751 872 979 936 desunt,
1023 888 1090 927 eo
1114 871 1266 942 quod
1295 874 1606 928 exanimem
1617 874 1815 945 'ipsum

200 947 409 1002 dixisti
438 955 492 1001 et
518 947 899 1018 providentiae
920 955 1224 1019 expertem.
1299 947 1372 1004 Et
1389 947 1664 1020 quomodo
1684 966 1816 1021 pro-

202 1020 379 1077 vidus
402 1020 558 1077 fuisti
577 1023 699 1078 sine
718 1019 1104 1095 providentia?
1161 1023 1402 1095 Manime
1429 1023 1580 1094 quod
1605 1041 1734 1094 pars
1753 1042 1813 1080 es

201 1097 381 1152 totius
402 1096 623 1161 mundi,
666 1105 848 1169 partes
870 1105 1053 1154 autem
1075 1113 1105 1151 a
1126 1104 1238 1152 toto
1258 1099 1537 1170 accipiunt
1558 1097 1814 1169 discipli-

201 1188 361 1228 nam.
437 1172 625 1243 Itaque
654 1174 703 1228 si
718 1214 731 1238 ,
776 1173 937 1244 quasi
966 1173 1025 1227 in
1054 1181 1211 1228 utero
1225 1214 1238 1236 ‚
1283 1174 1342 1227 in
1383 1174 1578 1228 mundi
1618 1183 1813 1230 natura

200 1247 483 1318 originem
502 1248 815 1319 sumpsisti,
858 1248 1084 1304 omnino
1103 1265 1329 1303 necesse
1350 1257 1459 1313 est,
1501 1257 1564 1304 ut
1591 1249 1661 1305 ab
1689 1251 1812 1322 ipso

204 1321 475 1378 habueris
492 1330 547 1378 et
566 1323 721 1378 illam
734 1365 747 1388 ‚
779 1340 923 1395 quae
942 1323 1001 1378 in
1020 1331 1074 1378 te
1095 1331 1179 1378 est
1192 1364 1204 1388 ‚
1227 1323 1518 1394 providam
1538 1333 1810 1380 naturam.

202 1396 481 1464 Quoniam
500 1399 550 1453 si
570 1398 755 1454 infans
770 1439 783 1463 ,
814 1399 997 1470 quiin
1013 1406 1170 1454 utero
1194 1399 1437 1454 vitaliter
1464 1399 1808 1471 producitur,

203 1473 279 1528 ab
300 1473 423 1546 ipso
442 1474 843 1529 nutrimentum
854 1473 1068 1544 accipit
1080 1514 1093 1538 ,
1123 1474 1245 1529 sine
1265 1491 1376 1546 quo
1394 1476 1588 1546 nequit
1608 1475 1814 1532 habere

201 1550 380 1605 vitam
395 1590 407 1614 ,
437 1548 732 1621 quomodo,
756 1549 807 1603 si
825 1548 1100 1605 hocidem
1122 1548 1191 1604 ab
1211 1550 1327 1616 illo,
1353 1553 1452 1622 qui
1471 1567 1531 1606 se
1551 1552 1812 1608 omnibus

198 1623 507 1696 obligavit,
530 1641 643 1680 non
662 1631 987 1695 praestatur,
1014 1631 1075 1679 tu
1095 1623 1240 1682 dicis
1262 1625 1467 1681 habere
1487 1634 1540 1681 te
1559 1635 1811 1682 naturam

198 1699 497 1772 providam
514 1739 528 1764 ,
570 1715 747 1770 quum
772 1706 955 1756 tamen
981 1699 1043 1755 in
1072 1701 1400 1772 compagine
1429 1702 1596 1757 totius
1614 1701 1812 1756 mundi

199 1781 389 1830 motus
410 1773 791 1844 providentiae
810 1773 1047 1832 diffusus
1068 1791 1178 1829 non
1199 1773 1308 1831 sit?

318 1863 405 1916 69.
454 1859 613 1927 Quod
640 1861 691 1915 si
716 1863 1084 1918 commentitia
1117 1861 1408 1917 adstruens
1435 1860 1606 1916 verba
1646 1869 1812 1932 atque

201 1935 503 1993 artificiosa
525 1934 789 1992 adversus
808 1937 1217 2010 providentiam
1234 1937 1323 1993 vis
1345 1936 1571 2001 armari,
1615 1944 1676 1991 ut
1705 1936 1812 1992 tol-

200 2013 291 2068 las
312 2010 383 2066 de
400 2010 607 2067 mundo
626 2013 1096 2084 sapientissimam
1123 2010 1530 2084 providentiam
1545 2051 1557 2075 ,
1602 2018 1656 2067 et
1683 2011 1809 2069 ideo

196 2088 430 2158 quaeris
444 2127 457 2151 ‚
500 2088 773 2160 quomodo
797 2089 979 2146 iustus
997 2087 1310 2144 infirmatur
1328 2086 1644 2158 patiturque
1665 2085 1810 2142 affli-

197 2161 455 2218 ctiones?
508 2163 612 2236 (Ad
633 2164 771 2220 haec
786 2162 965 2236 dicoz)
1020 2161 1304 2229 Quomodo
1322 2162 1504 2218 iustus
1523 2161 1654 2225 erit,
1697 2162 1808 2218 nisi

192 2245 585 2311 paupertatem
623 2241 831 2295 iniuste
865 2239 978 2294 sibi
1005 2238 1244 2302 illatam,
1286 2235 1441 2293 velut
1467 2235 1808 2308 opulentiam

196 2312 575 2370 laetabundus
600 2311 675 2388 [³¹⁵]
706 2311 1010 2386 suscipiat?
1066 2311 1528 2384 Quandoquidem
1555 2318 1808 2368 ornatum

196 2389 411 2444 virtute
448 2389 593 2444 nihil
626 2391 853 2446 omnino
890 2395 976 2446 est
1010 2387 1162 2460 quod
1197 2387 1383 2446 turbet
1410 2395 1504 2444 aut
1531 2383 1802 2444 deflectat.

307 2529 349 2576 ἱ)
376 2539 412 2568 s.
438 2531 498 2569 ita
524 2533 689 2580 accipe:
733 2531 862 2570 Pater
876 2531 1019 2578 fllium
1044 2531 1213 2570 minime
1237 2533 1400 2569 stt-utens
1426 2529 1578 2568 similia
1605 2529 1703 2575 em't,
1733 2539 1806 2568 nec

190 2569 329 2620 Quam
354 2581 557 2628 maoietro
584 2585 669 2620 etc.
720 2581 812 2620 Aut
836 2581 920 2620 sic:
964 2581 1104 2629 Neque
1129 2583 1332 2630 maqistro
1359 2580 1497 2627 cedat,
1523 2583 1568 2619 ut
1584 2581 1808 2629 proximos

198 2633 391 2676 edoceat,
435 2628 541 2670 sicut
574 2633 773 2672 convenit.
809 2645 813 2650 ·
844 2630 1164 2670 obscuritatem
1206 2633 1337 2680 auget
1377 2640 1562 2679 sequens
1605 2631 1806 2670 allocutio

200 2691 301 2720 cum
328 2681 462 2720 altera
485 2692 687 2730 persona,
733 2683 826 2722 aive
853 2693 951 2720 enm
976 2681 1244 2728 adversario,
1291 2683 1384 2722 sine
1420 2683 1682 2722 connexione
1709 2691 1807 2722 cum

199 2732 573 2780 praecedentibus.
628 2732 829 2784 Suspicor
851 2733 997 2782 itaque
1021 2733 1168 2782 aliqua
1193 2733 1357 2774 deense.
1407 2731 1570 2775 Anch.
