<?xml version="1.0" encoding="UTF-8"?>
<!DOCTYPE html PUBLIC "-//W3C//DTD XHTML 1.0 Transitional//EN"
    "http://www.w3.org/TR/xhtml1/DTD/xhtml1-transitional.dtd">
<html xmlns="http://www.w3.org/1999/xhtml" xml:lang="en" lang="en">
 <head>
  <title>
</title>
<meta http-equiv="Content-Type" content="text/html;charset=utf-8" />
  <meta name='ocr-system' content='tesseract 3.04.00' />
  <meta name='ocr-capabilities' content='ocr_page ocr_carea ocr_par ocr_line ocrx_word'/>
</head>
<body>
  <div class='ocr_page' id='page_1' title='image "./philonisiudaeio00alejgoog_0490.png"; bbox 0 0 2125 3084; ppageno 0'>
   <div class='ocr_carea' id='block_1_1' title="bbox 164 195 1761 260">
    <p class='ocr_par' dir='ltr' id='par_1_1' title="bbox 164 195 1761 260">
     <span class='ocr_line' id='line_1_1' title="bbox 164 195 1761 260; baseline 0.002 -14"><span class='ocrx_word' id='word_1_1' title='bbox 164 195 225 260; x_wconf 68' lang='lat' dir='ltr'><strong>ss,</strong></span> <span class='ocrx_word' id='word_1_2' title='bbox 251 195 313 260; x_wconf 84' lang='lat'><strong>8.]</strong></span> <span class='ocrx_word' id='word_1_3' title='bbox 432 201 533 245; x_wconf 87' lang='lat' dir='ltr'><strong>DE</strong></span> <span class='ocrx_word' id='word_1_4' title='bbox 581 200 1128 249; x_wconf 74' lang='lat' dir='ltr'>PROVIDENTIA</span> <span class='ocrx_word' id='word_1_5' title='bbox 1165 203 1418 248; x_wconf 69' lang='lat' dir='ltr'>SERMO</span> <span class='ocrx_word' id='word_1_6' title='bbox 1455 203 1496 248; x_wconf 89' lang='lat'><strong>1.</strong></span> <span class='ocrx_word' id='word_1_7' title='bbox 1703 197 1761 249; x_wconf 71' lang='grc' dir='ltr'><strong><em>Π</em></strong></span> 
     </span>
    </p>
   </div>
   <div class='ocr_carea' id='block_1_2' title="bbox 162 299 1768 522">
    <p class='ocr_par' dir='ltr' id='par_1_2' title="bbox 162 299 1768 522">
     <span class='ocr_line' id='line_1_2' title="bbox 281 299 1768 375; baseline 0.004 -21"><span class='ocrx_word' id='word_1_8' title='bbox 281 303 364 356; x_wconf 73' lang='grc'><strong>42.</strong></span> <span class='ocrx_word' id='word_1_9' title='bbox 414 301 613 371; x_wconf 56' lang='lat' dir='ltr'><strong>ltaque*</strong></span> <span class='ocrx_word' id='word_1_10' title='bbox 640 299 931 372; x_wconf 75' lang='lat' dir='ltr'><strong>oportebat⁴</strong></span> <span class='ocrx_word' id='word_1_11' title='bbox 960 317 1178 373; x_wconf 87' lang='lat' dir='ltr'><strong>semper</strong></span> <span class='ocrx_word' id='word_1_12' title='bbox 1217 301 1432 372; x_wconf 89' lang='lat' dir='ltr'><strong>aliquid</strong></span> <span class='ocrx_word' id='word_1_13' title='bbox 1461 319 1608 367; x_wconf 81' lang='lat' dir='ltr'><strong>esse,</strong></span> <span class='ocrx_word' id='word_1_14' title='bbox 1664 309 1768 375; x_wconf 84' lang='lat' dir='ltr'><strong>p&#39;er</strong></span> 
     </span>
     <span class='ocr_line' id='line_1_3' title="bbox 164 373 1762 449; baseline 0.003 -19"><span class='ocrx_word' id='word_1_15' title='bbox 164 373 314 446; x_wconf 87' lang='lat' dir='ltr'><strong>quod</strong></span> <span class='ocrx_word' id='word_1_16' title='bbox 342 392 435 440; x_wconf 78' lang='lat' dir='ltr'><strong>ea,</strong></span> <span class='ocrx_word' id='word_1_17' title='bbox 478 393 620 446; x_wconf 85' lang='lat' dir='ltr'><strong>quae</strong></span> <span class='ocrx_word' id='word_1_18' title='bbox 648 390 759 430; x_wconf 88' lang='lat' dir='ltr'><strong>non</strong></span> <span class='ocrx_word' id='word_1_19' title='bbox 788 384 967 440; x_wconf 84' lang='lat' dir='ltr'><strong>erant,</strong></span> <span class='ocrx_word' id='word_1_20' title='bbox 1021 393 1143 432; x_wconf 87' lang='lat' dir='ltr'><strong>esse</strong></span> <span class='ocrx_word' id='word_1_21' title='bbox 1177 376 1400 432; x_wconf 84' lang='lat' dir='ltr'><strong>tandem</strong></span> <span class='ocrx_word' id='word_1_22' title='bbox 1435 377 1762 449; x_wconf 75' lang='lat' dir='ltr'><strong>inciperent.</strong></span> 
     </span>
     <span class='ocr_line' id='line_1_4' title="bbox 162 449 1768 522; baseline 0.001 -16"><span class='ocrx_word' id='word_1_23' title='bbox 162 450 546 521; x_wconf 77' lang='lat' dir='ltr'><strong>Nequitenim</strong></span> <span class='ocrx_word' id='word_1_24' title='bbox 570 449 877 522; x_wconf 84' lang='lat' dir='ltr'><strong>quidquam</strong></span> <span class='ocrx_word' id='word_1_25' title='bbox 914 449 1025 506; x_wconf 79' lang='grc' dir='ltr'><strong>ἀπὸ</strong></span> <span class='ocrx_word' id='word_1_26' title='bbox 1055 455 1152 508; x_wconf 81' lang='grc' dir='ltr'><strong>τοῦ</strong></span> <span class='ocrx_word' id='word_1_27' title='bbox 1180 469 1284 506; x_wconf 79' lang='lat' dir='ltr'><strong>non</strong></span> <span class='ocrx_word' id='word_1_28' title='bbox 1311 469 1417 507; x_wconf 69' lang='lat' dir='ltr'><strong>esce</strong></span> <span class='ocrx_word' id='word_1_29' title='bbox 1453 449 1528 514; x_wconf 72' lang='grc' dir='ltr'><strong>εἰς</strong></span> <span class='ocrx_word' id='word_1_30' title='bbox 1563 453 1625 510; x_wconf 84' lang='grc' dir='ltr'><strong>τὸ</strong></span> <span class='ocrx_word' id='word_1_31' title='bbox 1661 470 1768 508; x_wconf 73' lang='lat' dir='ltr'><strong>esse</strong></span> 
     </span>
    </p>
   </div>
   <div class='ocr_carea' id='block_1_3' title="bbox 62 525 1766 602">
    <p class='ocr_par' dir='ltr' id='par_1_3' title="bbox 62 525 1766 602">
     <span class='ocr_line' id='line_1_5' title="bbox 62 525 1766 602; baseline 0.001 -22"><span class='ocrx_word' id='word_1_32' title='bbox 62 557 71 566; x_wconf 92' lang='lat'><strong>·</strong></span> <span class='ocrx_word' id='word_1_33' title='bbox 167 525 377 590; x_wconf 81' lang='lat' dir='ltr'><strong>venire,</strong></span> <span class='ocrx_word' id='word_1_34' title='bbox 400 525 513 602; x_wconf 69' lang='lat' dir='ltr'><strong>nisi</strong></span> <span class='ocrx_word' id='word_1_35' title='bbox 530 527 692 598; x_wconf 82' lang='lat' dir='ltr'><strong>prius</strong></span> <span class='ocrx_word' id='word_1_36' title='bbox 710 543 877 582; x_wconf 82' lang='lat' dir='ltr'><strong>causa</strong></span> <span class='ocrx_word' id='word_1_37' title='bbox 896 525 1082 596; x_wconf 82' lang='lat' dir='ltr'><strong>aliqua</strong></span> <span class='ocrx_word' id='word_1_38' title='bbox 1104 525 1466 598; x_wconf 81' lang='lat' dir='ltr'><strong>intelligatur,</strong></span> <span class='ocrx_word' id='word_1_39' title='bbox 1481 543 1580 597; x_wconf 89' lang='lat' dir='ltr'><strong>per</strong></span> <span class='ocrx_word' id='word_1_40' title='bbox 1599 543 1766 598; x_wconf 83' lang='lat' dir='ltr'><strong>quam</strong></span> 
     </span>
    </p>
   </div>
   <div class='ocr_carea' id='block_1_4' title="bbox 156 599 1768 1117">
    <p class='ocr_par' dir='ltr' id='par_1_4' title="bbox 156 599 1768 1117">
     <span class='ocr_line' id='line_1_6' title="bbox 160 599 1761 672; baseline 0.001 -18"><span class='ocrx_word' id='word_1_41' title='bbox 160 601 262 655; x_wconf 89' lang='lat' dir='ltr'><strong>sit:</strong></span> <span class='ocrx_word' id='word_1_42' title='bbox 289 617 360 656; x_wconf 86' lang='lat' dir='ltr'><strong>ex</strong></span> <span class='ocrx_word' id='word_1_43' title='bbox 379 617 489 672; x_wconf 89' lang='lat' dir='ltr'><strong>quo</strong></span> <span class='ocrx_word' id='word_1_44' title='bbox 512 600 749 656; x_wconf 79' lang='lat' dir='ltr'><strong>efficitur</strong></span> <span class='ocrx_word' id='word_1_45' title='bbox 762 642 775 665; x_wconf 90' lang='lat'>,</span> <span class='ocrx_word' id='word_1_46' title='bbox 804 610 867 655; x_wconf 86' lang='lat' dir='ltr'><strong>ut</strong></span> <span class='ocrx_word' id='word_1_47' title='bbox 884 617 1268 672; x_wconf 87' lang='lat' dir='ltr'><strong>quaecumque</strong></span> <span class='ocrx_word' id='word_1_48' title='bbox 1288 617 1437 656; x_wconf 88' lang='lat' dir='ltr'><strong>nunc</strong></span> <span class='ocrx_word' id='word_1_49' title='bbox 1455 599 1596 656; x_wconf 84' lang='lat' dir='ltr'><strong>facta</strong></span> <span class='ocrx_word' id='word_1_50' title='bbox 1615 611 1761 667; x_wconf 85' lang='lat' dir='ltr'><strong>sunt,</strong></span> 
     </span>
     <span class='ocr_line' id='line_1_7' title="bbox 163 674 1766 749; baseline 0.002 -20"><span class='ocrx_word' id='word_1_51' title='bbox 163 692 381 746; x_wconf 82' lang='lat' dir='ltr'><strong>semper</strong></span> <span class='ocrx_word' id='word_1_52' title='bbox 403 675 699 731; x_wconf 81' lang='lat' dir='ltr'><strong>habuerint</strong></span> <span class='ocrx_word' id='word_1_53' title='bbox 719 675 979 731; x_wconf 86' lang='lat' dir='ltr'><strong>factorem</strong></span> <span class='ocrx_word' id='word_1_54' title='bbox 1005 674 1148 748; x_wconf 88' lang='lat' dir='ltr'><strong>(sive</strong></span> <span class='ocrx_word' id='word_1_55' title='bbox 1168 675 1505 749; x_wconf 79' lang='lat' dir='ltr'><strong>creatorem).</strong></span> <span class='ocrx_word' id='word_1_56' title='bbox 1584 677 1766 732; x_wconf 86' lang='lat' dir='ltr'><strong>Prima</strong></span> 
     </span>
     <span class='ocr_line' id='line_1_8' title="bbox 164 750 1762 823; baseline 0.001 -19"><span class='ocrx_word' id='word_1_57' title='bbox 164 758 347 805; x_wconf 89' lang='lat' dir='ltr'><strong>autem</strong></span> <span class='ocrx_word' id='word_1_58' title='bbox 367 751 489 823; x_wconf 87' lang='lat' dir='ltr'><strong>ipsa</strong></span> <span class='ocrx_word' id='word_1_59' title='bbox 510 769 674 806; x_wconf 86' lang='lat' dir='ltr'><strong>causa</strong></span> <span class='ocrx_word' id='word_1_60' title='bbox 698 750 945 806; x_wconf 84' lang='lat' dir='ltr'><strong>efficiens</strong></span> <span class='ocrx_word' id='word_1_61' title='bbox 965 769 996 806; x_wconf 84' lang='lat' dir='ltr'><strong>a</strong></span> <span class='ocrx_word' id='word_1_62' title='bbox 1014 750 1170 806; x_wconf 90' lang='lat' dir='ltr'><strong>nullo</strong></span> <span class='ocrx_word' id='word_1_63' title='bbox 1191 752 1452 823; x_wconf 90' lang='lat' dir='ltr'><strong>quopiam</strong></span> <span class='ocrx_word' id='word_1_64' title='bbox 1484 750 1624 806; x_wconf 83' lang='lat' dir='ltr'><strong>facta</strong></span> <span class='ocrx_word' id='word_1_65' title='bbox 1654 760 1762 807; x_wconf 88' lang='lat' dir='ltr'><strong>est:</strong></span> 
     </span>
     <span class='ocr_line' id='line_1_9' title="bbox 161 821 1767 898; baseline 0.001 -18"><span class='ocrx_word' id='word_1_66' title='bbox 161 826 411 897; x_wconf 89' lang='lat' dir='ltr'><strong>alioquin</strong></span> <span class='ocrx_word' id='word_1_67' title='bbox 437 842 547 881; x_wconf 87' lang='lat' dir='ltr'><strong>non</strong></span> <span class='ocrx_word' id='word_1_68' title='bbox 576 835 721 882; x_wconf 90' lang='lat' dir='ltr'><strong>esset</strong></span> <span class='ocrx_word' id='word_1_69' title='bbox 748 827 873 898; x_wconf 86' lang='lat' dir='ltr'><strong>ipsa</strong></span> <span class='ocrx_word' id='word_1_70' title='bbox 892 827 1071 898; x_wconf 85' lang='lat' dir='ltr'><strong>prima</strong></span> <span class='ocrx_word' id='word_1_71' title='bbox 1099 843 1265 880; x_wconf 85' lang='lat' dir='ltr'><strong>causa</strong></span> <span class='ocrx_word' id='word_1_72' title='bbox 1302 821 1548 881; x_wconf 78' lang='lat' dir='ltr'><strong>efficiens</strong></span> <span class='ocrx_word' id='word_1_73' title='bbox 1583 843 1767 881; x_wconf 87' lang='lat' dir='ltr'><strong>rerum</strong></span> 
     </span>
     <span class='ocr_line' id='line_1_10' title="bbox 158 899 1766 974; baseline 0 -20"><span class='ocrx_word' id='word_1_74' title='bbox 158 899 446 966; x_wconf 78' lang='lat' dir='ltr'><strong>factarum,</strong></span> <span class='ocrx_word' id='word_1_75' title='bbox 476 900 575 956; x_wconf 87' lang='lat' dir='ltr'><strong>sed</strong></span> <span class='ocrx_word' id='word_1_76' title='bbox 596 902 717 974; x_wconf 87' lang='lat' dir='ltr'><strong>ipsa</strong></span> <span class='ocrx_word' id='word_1_77' title='bbox 738 917 961 973; x_wconf 91' lang='lat' dir='ltr'><strong>quoque</strong></span> <span class='ocrx_word' id='word_1_78' title='bbox 978 919 1008 956; x_wconf 87' lang='lat' dir='ltr'><strong>a</strong></span> <span class='ocrx_word' id='word_1_79' title='bbox 1028 901 1313 974; x_wconf 84' lang='lat' dir='ltr'><strong>productis</strong></span> <span class='ocrx_word' id='word_1_80' title='bbox 1332 901 1617 974; x_wconf 88' lang='lat' dir='ltr'><strong>producta.</strong></span> <span class='ocrx_word' id='word_1_81' title='bbox 1659 901 1766 972; x_wconf 70' lang='lat' dir='ltr'><strong>Ubi</strong></span> 
     </span>
     <span class='ocr_line' id='line_1_11' title="bbox 156 975 1766 1041; baseline 0.001 -12"><span class='ocrx_word' id='word_1_82' title='bbox 156 991 293 1030; x_wconf 84' lang='lat' dir='ltr'><strong>vero</strong></span> <span class='ocrx_word' id='word_1_83' title='bbox 322 991 544 1031; x_wconf 88' lang='lat' dir='ltr'><strong>causam</strong></span> <span class='ocrx_word' id='word_1_84' title='bbox 568 978 919 1033; x_wconf 86' lang='lat' dir='ltr'><strong>inveniamus</strong></span> <span class='ocrx_word' id='word_1_85' title='bbox 958 975 1314 1041; x_wconf 85' lang='lat' dir='ltr'><strong>effectricem,</strong></span> <span class='ocrx_word' id='word_1_86' title='bbox 1367 977 1417 1030; x_wconf 83' lang='lat' dir='ltr'><strong>si</strong></span> <span class='ocrx_word' id='word_1_87' title='bbox 1443 976 1630 1031; x_wconf 87' lang='lat' dir='ltr'><strong>omnia</strong></span> <span class='ocrx_word' id='word_1_88' title='bbox 1659 976 1766 1031; x_wconf 83' lang='lat' dir='ltr'><strong>sub</strong></span> 
     </span>
     <span class='ocr_line' id='line_1_12' title="bbox 156 1051 1768 1117; baseline -0.001 -11"><span class='ocrx_word' id='word_1_89' title='bbox 156 1051 436 1106; x_wconf 78' lang='lat' dir='ltr'><strong>creatione</strong></span> <span class='ocrx_word' id='word_1_90' title='bbox 455 1053 593 1117; x_wconf 88' lang='lat' dir='ltr'><strong>sint,</strong></span> <span class='ocrx_word' id='word_1_91' title='bbox 636 1069 739 1108; x_wconf 88' lang='lat' dir='ltr'><strong>nec</strong></span> <span class='ocrx_word' id='word_1_92' title='bbox 767 1052 883 1117; x_wconf 91' lang='lat' dir='ltr'><strong>ulla</strong></span> <span class='ocrx_word' id='word_1_93' title='bbox 910 1051 1055 1106; x_wconf 88' lang='lat' dir='ltr'><strong>adsit</strong></span> <span class='ocrx_word' id='word_1_94' title='bbox 1075 1069 1241 1107; x_wconf 85' lang='lat' dir='ltr'><strong>causa</strong></span> <span class='ocrx_word' id='word_1_95' title='bbox 1261 1067 1446 1107; x_wconf 90' lang='lat' dir='ltr'><strong>rerum</strong></span> <span class='ocrx_word' id='word_1_96' title='bbox 1465 1051 1768 1107; x_wconf 76' lang='lat' dir='ltr'><strong>factarum?</strong></span> 
     </span>
    </p>
   </div>
   <div class='ocr_carea' id='block_1_5' title="bbox 146 1175 1765 2150">
    <p class='ocr_par' dir='ltr' id='par_1_5' title="bbox 146 1175 1765 2150">
     <span class='ocr_line' id='line_1_13' title="bbox 277 1175 1764 1249; baseline 0.002 -19"><span class='ocrx_word' id='word_1_97' title='bbox 277 1178 361 1232; x_wconf 72' lang='lat'><strong>⁴3.</strong></span> <span class='ocrx_word' id='word_1_98' title='bbox 384 1175 671 1232; x_wconf 86' lang='lat' dir='ltr'><strong>Theoriam</strong></span> <span class='ocrx_word' id='word_1_99' title='bbox 688 1194 721 1231; x_wconf 90' lang='lat' dir='ltr'><strong>a</strong></span> <span class='ocrx_word' id='word_1_100' title='bbox 740 1175 904 1232; x_wconf 82' lang='lat' dir='ltr'><strong>nobis</strong></span> <span class='ocrx_word' id='word_1_101' title='bbox 922 1177 1230 1248; x_wconf 81' lang='lat' dir='ltr'><strong>expositam</strong></span> <span class='ocrx_word' id='word_1_102' title='bbox 1239 1177 1350 1232; x_wconf 89' lang='lat' dir='ltr'><strong>alio</strong></span> <span class='ocrx_word' id='word_1_103' title='bbox 1361 1177 1532 1233; x_wconf 85' lang='lat' dir='ltr'><strong>modo</strong></span> <span class='ocrx_word' id='word_1_104' title='bbox 1551 1193 1764 1249; x_wconf 83' lang='lat' dir='ltr'><strong>expen-</strong></span> 
     </span>
     <span class='ocr_line' id='line_1_14' title="bbox 158 1250 1764 1325; baseline 0 -17"><span class='ocrx_word' id='word_1_105' title='bbox 158 1253 383 1308; x_wconf 75' lang='lat' dir='ltr'><strong>damus.</strong></span> <span class='ocrx_word' id='word_1_106' title='bbox 462 1250 747 1324; x_wconf 87' lang='lat' dir='ltr'><strong>corruptio</strong></span> <span class='ocrx_word' id='word_1_107' title='bbox 786 1252 1184 1324; x_wconf 84' lang='lat' dir='ltr'><strong>particularum</strong></span> <span class='ocrx_word' id='word_1_108' title='bbox 1221 1252 1460 1321; x_wconf 78' lang='lat' dir='ltr'><strong>alicuius</strong></span> <span class='ocrx_word' id='word_1_109' title='bbox 1496 1254 1670 1325; x_wconf 86' lang='lat' dir='ltr'><strong>partis</strong></span> <span class='ocrx_word' id='word_1_110' title='bbox 1711 1262 1764 1308; x_wconf 89' lang='lat' dir='ltr'><strong>et</strong></span> 
     </span>
     <span class='ocr_line' id='line_1_15' title="bbox 158 1327 1762 1401; baseline 0 -19"><span class='ocrx_word' id='word_1_111' title='bbox 158 1329 363 1384; x_wconf 88' lang='lat' dir='ltr'><strong>iterum</strong></span> <span class='ocrx_word' id='word_1_112' title='bbox 382 1327 659 1398; x_wconf 83' lang='lat' dir='ltr'><strong>corruptio</strong></span> <span class='ocrx_word' id='word_1_113' title='bbox 676 1328 943 1383; x_wconf 80' lang='lat' dir='ltr'><strong>minimae</strong></span> <span class='ocrx_word' id='word_1_114' title='bbox 960 1329 1134 1400; x_wconf 84' lang='lat' dir='ltr'><strong>partis</strong></span> <span class='ocrx_word' id='word_1_115' title='bbox 1156 1327 1325 1384; x_wconf 81' lang='lat' dir='ltr'><strong>huius</strong></span> <span class='ocrx_word' id='word_1_116' title='bbox 1350 1328 1682 1401; x_wconf 81' lang='lat' dir='ltr'><strong>particulae,</strong></span> <span class='ocrx_word' id='word_1_117' title='bbox 1712 1329 1762 1382; x_wconf 84' lang='lat' dir='ltr'><strong>si</strong></span> 
     </span>
     <span class='ocr_line' id='line_1_16' title="bbox 158 1403 1765 1477; baseline 0.001 -19"><span class='ocrx_word' id='word_1_118' title='bbox 158 1421 233 1458; x_wconf 83' lang='lat' dir='ltr'><strong>ex</strong></span> <span class='ocrx_word' id='word_1_119' title='bbox 254 1403 375 1473; x_wconf 87' lang='lat' dir='ltr'><strong>ipsa</strong></span> <span class='ocrx_word' id='word_1_120' title='bbox 396 1409 589 1458; x_wconf 86' lang='lat' dir='ltr'><strong>natura</strong></span> <span class='ocrx_word' id='word_1_121' title='bbox 620 1411 784 1473; x_wconf 86' lang='lat' dir='ltr'><strong>atque</strong></span> <span class='ocrx_word' id='word_1_122' title='bbox 810 1404 1049 1459; x_wconf 81' lang='lat' dir='ltr'><strong>essentia</strong></span> <span class='ocrx_word' id='word_1_123' title='bbox 1067 1405 1312 1476; x_wconf 85' lang='lat' dir='ltr'><strong>corporis</strong></span> <span class='ocrx_word' id='word_1_124' title='bbox 1329 1405 1563 1470; x_wconf 85' lang='lat' dir='ltr'><strong>oriatur,</strong></span> <span class='ocrx_word' id='word_1_125' title='bbox 1602 1420 1765 1477; x_wconf 87' lang='lat' dir='ltr'><strong>prae-</strong></span> 
     </span>
     <span class='ocr_line' id='line_1_17' title="bbox 154 1478 1761 1552; baseline 0.001 -20"><span class='ocrx_word' id='word_1_126' title='bbox 154 1480 343 1552; x_wconf 82' lang='lat' dir='ltr'><strong>signat</strong></span> <span class='ocrx_word' id='word_1_127' title='bbox 362 1479 769 1548; x_wconf 80' lang='lat' dir='ltr'><strong>corruptionem</strong></span> <span class='ocrx_word' id='word_1_128' title='bbox 794 1495 1019 1551; x_wconf 87' lang='lat' dir='ltr'><strong>quoque</strong></span> <span class='ocrx_word' id='word_1_129' title='bbox 1039 1478 1282 1535; x_wconf 85' lang='lat' dir='ltr'><strong>futuram</strong></span> <span class='ocrx_word' id='word_1_130' title='bbox 1305 1480 1551 1552; x_wconf 87' lang='lat' dir='ltr'><strong>corporis</strong></span> <span class='ocrx_word' id='word_1_131' title='bbox 1571 1481 1761 1538; x_wconf 83' lang='lat' dir='ltr'><strong>totius.</strong></span> 
     </span>
     <span class='ocr_line' id='line_1_18' title="bbox 152 1552 1764 1628; baseline 0.001 -20"><span class='ocrx_word' id='word_1_132' title='bbox 152 1552 305 1620; x_wconf 85' lang='lat' dir='ltr'><strong>Quid</strong></span> <span class='ocrx_word' id='word_1_133' title='bbox 332 1553 487 1608; x_wconf 86' lang='lat' dir='ltr'><strong>enim</strong></span> <span class='ocrx_word' id='word_1_134' title='bbox 514 1561 597 1608; x_wconf 83' lang='lat' dir='ltr'><strong>est</strong></span> <span class='ocrx_word' id='word_1_135' title='bbox 628 1554 905 1625; x_wconf 85' lang='lat' dir='ltr'><strong>corruptio</strong></span> <span class='ocrx_word' id='word_1_136' title='bbox 934 1555 995 1609; x_wconf 88' lang='lat' dir='ltr'><strong>in</strong></span> <span class='ocrx_word' id='word_1_137' title='bbox 1024 1554 1270 1626; x_wconf 88' lang='lat' dir='ltr'><strong>aliquam</strong></span> <span class='ocrx_word' id='word_1_138' title='bbox 1288 1556 1764 1628; x_wconf 85' lang='lat' dir='ltr'><strong>corporis-partem</strong></span> 
     </span>
     <span class='ocr_line' id='line_1_19' title="bbox 147 1627 1761 1704; baseline 0.001 -21"><span class='ocrx_word' id='word_1_139' title='bbox 147 1630 403 1702; x_wconf 84' lang='lat' dir='ltr'><strong>primum</strong></span> <span class='ocrx_word' id='word_1_140' title='bbox 420 1627 693 1704; x_wconf 82' lang='lat' dir='ltr'><strong>obrepens</strong></span> <span class='ocrx_word' id='word_1_141' title='bbox 707 1669 720 1693; x_wconf 90' lang='lat'>‚</span> <span class='ocrx_word' id='word_1_142' title='bbox 751 1629 865 1684; x_wconf 90' lang='lat' dir='ltr'><strong>nisi</strong></span> <span class='ocrx_word' id='word_1_143' title='bbox 886 1628 1194 1687; x_wconf 85' lang='lat' dir='ltr'><strong>differentia</strong></span> <span class='ocrx_word' id='word_1_144' title='bbox 1211 1630 1488 1702; x_wconf 79' lang='lat' dir='ltr'><strong>quaedam</strong></span> <span class='ocrx_word' id='word_1_145' title='bbox 1505 1632 1649 1704; x_wconf 86' lang='lat' dir='ltr'><strong>parti</strong></span> <span class='ocrx_word' id='word_1_146' title='bbox 1671 1631 1761 1686; x_wconf 81' lang='lat' dir='ltr'><strong>vel</strong></span> 
     </span>
     <span class='ocr_line' id='line_1_20' title="bbox 146 1701 1764 1776; baseline -0.001 -17"><span class='ocrx_word' id='word_1_147' title='bbox 146 1701 463 1776; x_wconf 74' lang='lat' dir='ltr'><strong>particulae</strong></span> <span class='ocrx_word' id='word_1_148' title='bbox 482 1701 709 1758; x_wconf 84' lang='lat' dir='ltr'><strong>inducta</strong></span> <span class='ocrx_word' id='word_1_149' title='bbox 723 1744 736 1767; x_wconf 89' lang='lat'>,</span> <span class='ocrx_word' id='word_1_150' title='bbox 772 1720 881 1776; x_wconf 89' lang='lat' dir='ltr'><strong>qua</strong></span> <span class='ocrx_word' id='word_1_151' title='bbox 902 1703 963 1759; x_wconf 84' lang='lat' dir='ltr'><strong>fit</strong></span> <span class='ocrx_word' id='word_1_152' title='bbox 981 1713 1042 1761; x_wconf 89' lang='lat' dir='ltr'><strong>ut</strong></span> <span class='ocrx_word' id='word_1_153' title='bbox 1061 1705 1315 1762; x_wconf 86' lang='lat' dir='ltr'><strong>differant</strong></span> <span class='ocrx_word' id='word_1_154' title='bbox 1335 1705 1498 1761; x_wconf 86' lang='lat' dir='ltr'><strong>abiis</strong></span> <span class='ocrx_word' id='word_1_155' title='bbox 1518 1707 1764 1776; x_wconf 87' lang='lat' dir='ltr'><strong>corpori—</strong></span> 
     </span>
     <span class='ocr_line' id='line_1_21' title="bbox 148 1777 1762 1851; baseline -0.001 -17"><span class='ocrx_word' id='word_1_156' title='bbox 148 1780 267 1834; x_wconf 82' lang='lat' dir='ltr'><strong>bus</strong></span> <span class='ocrx_word' id='word_1_157' title='bbox 282 1819 295 1842; x_wconf 91' lang='lat'>‚</span> <span class='ocrx_word' id='word_1_158' title='bbox 324 1794 399 1834; x_wconf 84' lang='lat' dir='ltr'><strong>ex</strong></span> <span class='ocrx_word' id='word_1_159' title='bbox 416 1777 625 1848; x_wconf 81' lang='lat' dir='ltr'><strong>quibus</strong></span> <span class='ocrx_word' id='word_1_160' title='bbox 644 1786 772 1834; x_wconf 87' lang='lat' dir='ltr'><strong>sunt</strong></span> <span class='ocrx_word' id='word_1_161' title='bbox 791 1778 1076 1836; x_wconf 73' lang='lat' dir='ltr'><strong>sublatae?</strong></span> <span class='ocrx_word' id='word_1_162' title='bbox 1115 1780 1406 1851; x_wconf 86' lang='lat' dir='ltr'><strong>Siquidem</strong></span> <span class='ocrx_word' id='word_1_163' title='bbox 1423 1779 1576 1851; x_wconf 91' lang='lat' dir='ltr'><strong>quod</strong></span> <span class='ocrx_word' id='word_1_164' title='bbox 1593 1781 1762 1834; x_wconf 85' lang='lat' dir='ltr'><strong>unius</strong></span> 
     </span>
     <span class='ocr_line' id='line_1_22' title="bbox 150 1851 1763 1923; baseline -0.001 -13"><span class='ocrx_word' id='word_1_165' title='bbox 150 1851 525 1923; x_wconf 85' lang='lat' dir='ltr'><strong>eiusdemque</strong></span> <span class='ocrx_word' id='word_1_166' title='bbox 554 1858 669 1907; x_wconf 84' lang='lat' dir='ltr'><strong>erat</strong></span> <span class='ocrx_word' id='word_1_167' title='bbox 696 1860 949 1919; x_wconf 85' lang='lat' dir='ltr'><strong>naturae,</strong></span> <span class='ocrx_word' id='word_1_168' title='bbox 990 1854 1412 1910; x_wconf 82' lang='lat' dir='ltr'><strong>dissolutionem</strong></span> <span class='ocrx_word' id='word_1_169' title='bbox 1439 1853 1616 1909; x_wconf 84' lang='lat' dir='ltr'><strong>subiit</strong></span> <span class='ocrx_word' id='word_1_170' title='bbox 1641 1870 1763 1908; x_wconf 87' lang='lat' dir='ltr'><strong>cor-</strong></span> 
     </span>
     <span class='ocr_line' id='line_1_23' title="bbox 150 1928 1760 2002; baseline -0.002 -17"><span class='ocrx_word' id='word_1_171' title='bbox 150 1928 436 2000; x_wconf 86' lang='lat' dir='ltr'><strong>ruptionis</strong></span> <span class='ocrx_word' id='word_1_172' title='bbox 451 1968 464 1991; x_wconf 90' lang='lat'>,</span> <span class='ocrx_word' id='word_1_173' title='bbox 526 1929 975 1998; x_wconf 82' lang='lat' dir='ltr'><strong>exspectantibus</strong></span> <span class='ocrx_word' id='word_1_174' title='bbox 1015 1930 1143 1985; x_wconf 88' lang='lat' dir='ltr'><strong>aliis</strong></span> <span class='ocrx_word' id='word_1_175' title='bbox 1179 1945 1402 2002; x_wconf 90' lang='lat' dir='ltr'><strong>quoque</strong></span> <span class='ocrx_word' id='word_1_176' title='bbox 1439 1928 1760 2000; x_wconf 85' lang='lat' dir='ltr'><strong>corporibus</strong></span> 
     </span>
     <span class='ocr_line' id='line_1_24' title="bbox 149 2002 1762 2078; baseline -0.001 -19"><span class='ocrx_word' id='word_1_177' title='bbox 149 2019 351 2078; x_wconf 84' lang='lat' dir='ltr'><strong>parem</strong></span> <span class='ocrx_word' id='word_1_178' title='bbox 378 2002 561 2058; x_wconf 87' lang='lat' dir='ltr'><strong>sortiri</strong></span> <span class='ocrx_word' id='word_1_179' title='bbox 591 2002 1011 2060; x_wconf 82' lang='lat' dir='ltr'><strong>dissolutionem</strong></span> <span class='ocrx_word' id='word_1_180' title='bbox 1041 2022 1105 2058; x_wconf 86' lang='lat' dir='ltr'><strong>ac</strong></span> <span class='ocrx_word' id='word_1_181' title='bbox 1130 2005 1562 2075; x_wconf 85' lang='lat' dir='ltr'><strong>corruptionem,</strong></span> <span class='ocrx_word' id='word_1_182' title='bbox 1605 2004 1680 2058; x_wconf 87' lang='lat' dir='ltr'><strong>ita</strong></span> <span class='ocrx_word' id='word_1_183' title='bbox 1701 2011 1762 2058; x_wconf 89' lang='lat' dir='ltr'><strong>ut</strong></span> 
     </span>
     <span class='ocr_line' id='line_1_25' title="bbox 146 2077 1621 2150; baseline -0.002 -16"><span class='ocrx_word' id='word_1_184' title='bbox 146 2079 420 2136; x_wconf 81' lang='lat' dir='ltr'><strong>universa</strong></span> <span class='ocrx_word' id='word_1_185' title='bbox 441 2094 664 2150; x_wconf 89' lang='lat' dir='ltr'><strong>corpora</strong></span> <span class='ocrx_word' id='word_1_186' title='bbox 684 2095 831 2135; x_wconf 87' lang='lat' dir='ltr'><strong>mors</strong></span> <span class='ocrx_word' id='word_1_187' title='bbox 850 2081 911 2134; x_wconf 89' lang='lat' dir='ltr'><strong>in</strong></span> <span class='ocrx_word' id='word_1_188' title='bbox 930 2096 1106 2135; x_wconf 88' lang='lat' dir='ltr'><strong>unum</strong></span> <span class='ocrx_word' id='word_1_189' title='bbox 1125 2079 1291 2134; x_wconf 88' lang='lat' dir='ltr'><strong>finem</strong></span> <span class='ocrx_word' id='word_1_190' title='bbox 1311 2077 1621 2134; x_wconf 83' lang='lat' dir='ltr'><strong>concludat.</strong></span> 
     </span>
    </p>
   </div>
   <div class='ocr_carea' id='block_1_6' title="bbox 144 2202 1760 2858">
    <p class='ocr_par' dir='ltr' id='par_1_6' title="bbox 144 2202 1760 2804">
     <span class='ocr_line' id='line_1_26' title="bbox 276 2202 1760 2278; baseline -0.002 -20"><span class='ocrx_word' id='word_1_191' title='bbox 276 2205 357 2260; x_wconf 71' lang='lat'><strong>44.</strong></span> <span class='ocrx_word' id='word_1_192' title='bbox 398 2203 505 2271; x_wconf 87' lang='lat' dir='ltr'><strong>Qui</strong></span> <span class='ocrx_word' id='word_1_193' title='bbox 535 2221 664 2278; x_wconf 80' lang='lat' dir='ltr'><strong>ergo</strong></span> <span class='ocrx_word' id='word_1_194' title='bbox 693 2205 931 2260; x_wconf 85' lang='lat' dir='ltr'><strong>naturali</strong></span> <span class='ocrx_word' id='word_1_195' title='bbox 960 2223 1096 2261; x_wconf 82' lang='lat' dir='ltr'><strong>usus</strong></span> <span class='ocrx_word' id='word_1_196' title='bbox 1114 2205 1324 2262; x_wconf 84' lang='lat' dir='ltr'><strong>ratione</strong></span> <span class='ocrx_word' id='word_1_197' title='bbox 1337 2245 1352 2268; x_wconf 88' lang='lat'><strong>,</strong></span> <span class='ocrx_word' id='word_1_198' title='bbox 1393 2203 1548 2260; x_wconf 85' lang='lat' dir='ltr'><strong>videt</strong></span> <span class='ocrx_word' id='word_1_199' title='bbox 1567 2202 1760 2258; x_wconf 88' lang='lat' dir='ltr'><strong>condi-</strong></span> 
     </span>
     <span class='ocr_line' id='line_1_27' title="bbox 149 2276 1760 2352; baseline -0.003 -16"><span class='ocrx_word' id='word_1_200' title='bbox 149 2283 363 2336; x_wconf 83' lang='lat' dir='ltr'><strong>tionem</strong></span> <span class='ocrx_word' id='word_1_201' title='bbox 394 2281 759 2336; x_wconf 82' lang='lat' dir='ltr'><strong>animantium</strong></span> <span class='ocrx_word' id='word_1_202' title='bbox 784 2281 1222 2352; x_wconf 81' lang='lat' dir='ltr'><strong>animaliumque</strong></span> <span class='ocrx_word' id='word_1_203' title='bbox 1247 2276 1760 2350; x_wconf 82' lang='lat' dir='ltr'><strong>rationepraedito-</strong></span> 
     </span>
     <span class='ocr_line' id='line_1_28' title="bbox 148 2351 1758 2427; baseline -0.002 -17"><span class='ocrx_word' id='word_1_204' title='bbox 148 2371 309 2419; x_wconf 91' lang='lat' dir='ltr'><strong>rum,</strong></span> <span class='ocrx_word' id='word_1_205' title='bbox 354 2363 407 2410; x_wconf 91' lang='lat' dir='ltr'><strong>et</strong></span> <span class='ocrx_word' id='word_1_206' title='bbox 426 2356 734 2412; x_wconf 84' lang='lat' dir='ltr'><strong>universim</strong></span> <span class='ocrx_word' id='word_1_207' title='bbox 760 2357 1009 2412; x_wconf 83' lang='lat' dir='ltr'><strong>omni&#39;um</strong></span> <span class='ocrx_word' id='word_1_208' title='bbox 1037 2373 1248 2420; x_wconf 86' lang='lat' dir='ltr'><strong>rerum,</strong></span> <span class='ocrx_word' id='word_1_209' title='bbox 1291 2371 1434 2427; x_wconf 90' lang='lat' dir='ltr'><strong>quae</strong></span> <span class='ocrx_word' id='word_1_210' title='bbox 1463 2355 1521 2408; x_wconf 92' lang='lat' dir='ltr'><strong>in</strong></span> <span class='ocrx_word' id='word_1_211' title='bbox 1551 2351 1758 2408; x_wconf 90' lang='lat' dir='ltr'><strong>mundo</strong></span> 
     </span>
     <span class='ocr_line' id='line_1_29' title="bbox 144 2427 1758 2502; baseline -0.002 -16"><span class='ocrx_word' id='word_1_212' title='bbox 144 2439 285 2486; x_wconf 80' lang='lat' dir='ltr'><strong>sunt</strong></span> <span class='ocrx_word' id='word_1_213' title='bbox 302 2447 367 2485; x_wconf 83' lang='lat' dir='ltr'><strong>ac</strong></span> <span class='ocrx_word' id='word_1_214' title='bbox 384 2430 565 2495; x_wconf 80' lang='lat' dir='ltr'><strong>fuere,</strong></span> <span class='ocrx_word' id='word_1_215' title='bbox 606 2431 758 2502; x_wconf 86' lang='lat' dir='ltr'><strong>quod</strong></span> <span class='ocrx_word' id='word_1_216' title='bbox 779 2447 976 2502; x_wconf 88' lang='lat' dir='ltr'><strong>nempe</strong></span> <span class='ocrx_word' id='word_1_217' title='bbox 996 2432 1054 2486; x_wconf 90' lang='lat' dir='ltr'><strong>in</strong></span> <span class='ocrx_word' id='word_1_218' title='bbox 1075 2429 1230 2486; x_wconf 81' lang='lat' dir='ltr'><strong>fluxu</strong></span> <span class='ocrx_word' id='word_1_219' title='bbox 1247 2432 1362 2486; x_wconf 88' lang='lat' dir='ltr'><strong>sint</strong></span> <span class='ocrx_word' id='word_1_220' title='bbox 1375 2472 1388 2495; x_wconf 89' lang='lat'>,</span> <span class='ocrx_word' id='word_1_221' title='bbox 1431 2445 1612 2487; x_wconf 90' lang='lat' dir='ltr'><strong>nonne</strong></span> <span class='ocrx_word' id='word_1_222' title='bbox 1629 2427 1758 2482; x_wconf 86' lang='lat' dir='ltr'><strong>uni—</strong></span> 
     </span>
     <span class='ocr_line' id='line_1_30' title="bbox 146 2505 1756 2578; baseline -0.002 -18"><span class='ocrx_word' id='word_1_223' title='bbox 146 2523 380 2561; x_wconf 82' lang='lat' dir='ltr'><strong>versum</strong></span> <span class='ocrx_word' id='word_1_224' title='bbox 390 2523 613 2578; x_wconf 88' lang='lat' dir='ltr'><strong>quoque</strong></span> <span class='ocrx_word' id='word_1_225' title='bbox 632 2505 903 2561; x_wconf 90' lang='lat' dir='ltr'><strong>mundum</strong></span> <span class='ocrx_word' id='word_1_226' title='bbox 922 2505 993 2560; x_wconf 86' lang='lat' dir='ltr'><strong>ad</strong></span> <span class='ocrx_word' id='word_1_227' title='bbox 1009 2523 1255 2562; x_wconf 86' lang='lat' dir='ltr'><strong>normam</strong></span> <span class='ocrx_word' id='word_1_228' title='bbox 1275 2505 1513 2578; x_wconf 88' lang='lat' dir='ltr'><strong>partium</strong></span> <span class='ocrx_word' id='word_1_229' title='bbox 1531 2519 1756 2559; x_wconf 85' lang='lat' dir='ltr'><strong>suarum</strong></span> 
     </span>
     <span class='ocr_line' id='line_1_31' title="bbox 148 2578 1758 2652; baseline -0.002 -16"><span class='ocrx_word' id='word_1_230' title='bbox 148 2580 479 2638; x_wconf 84' lang='lat' dir='ltr'><strong>habiturum</strong></span> <span class='ocrx_word' id='word_1_231' title='bbox 534 2598 656 2636; x_wconf 88' lang='lat' dir='ltr'><strong>esse</strong></span> <span class='ocrx_word' id='word_1_232' title='bbox 702 2582 1107 2652; x_wconf 87' lang='lat' dir='ltr'><strong>corruptionem</strong></span> <span class='ocrx_word' id='word_1_233' title='bbox 1151 2578 1448 2638; x_wconf 69' lang='lat' dir='ltr'><strong>fatebitur?</strong></span> <span class='ocrx_word' id='word_1_234' title='bbox 1522 2578 1758 2636; x_wconf 90' lang='lat' dir='ltr'><strong>Coniicit</strong></span> 
     </span>
     <span class='ocr_line' id='line_1_32' title="bbox 150 2653 1752 2730; baseline -0.001 -20"><span class='ocrx_word' id='word_1_235' title='bbox 150 2657 307 2711; x_wconf 86' lang='lat' dir='ltr'><strong>enim</strong></span> <span class='ocrx_word' id='word_1_236' title='bbox 318 2673 389 2712; x_wconf 83' lang='lat' dir='ltr'><strong>ex</strong></span> <span class='ocrx_word' id='word_1_237' title='bbox 402 2653 475 2730; x_wconf 81' lang='lat'><strong>[*]</strong></span> <span class='ocrx_word' id='word_1_238' title='bbox 490 2655 744 2728; x_wconf 84' lang='lat' dir='ltr'><strong>partibus</strong></span> <span class='ocrx_word' id='word_1_239' title='bbox 762 2673 905 2727; x_wconf 87' lang='lat' dir='ltr'><strong>quae</strong></span> <span class='ocrx_word' id='word_1_240' title='bbox 925 2657 1035 2710; x_wconf 88' lang='lat' dir='ltr'><strong>iam</strong></span> <span class='ocrx_word' id='word_1_241' title='bbox 1044 2657 1277 2728; x_wconf 88' lang='lat' dir='ltr'><strong>periere,</strong></span> <span class='ocrx_word' id='word_1_242' title='bbox 1301 2656 1466 2717; x_wconf 84' lang='lat' dir='ltr'><strong>etiam</strong></span> <span class='ocrx_word' id='word_1_243' title='bbox 1487 2656 1752 2727; x_wconf 82' lang='lat' dir='ltr'><strong>ipsorum,</strong></span> 
     </span>
     <span class='ocr_line' id='line_1_33' title="bbox 148 2729 1758 2804; baseline -0.001 -19"><span class='ocrx_word' id='word_1_244' title='bbox 148 2747 299 2804; x_wconf 83' lang='lat' dir='ltr'><strong>quae</strong></span> <span class='ocrx_word' id='word_1_245' title='bbox 321 2731 504 2786; x_wconf 84' lang='lat' dir='ltr'><strong>adhuc</strong></span> <span class='ocrx_word' id='word_1_246' title='bbox 525 2739 759 2796; x_wconf 84' lang='lat' dir='ltr'><strong>exstant,</strong></span> <span class='ocrx_word' id='word_1_247' title='bbox 790 2731 1184 2786; x_wconf 84' lang='lat' dir='ltr'><strong>elementorum</strong></span> <span class='ocrx_word' id='word_1_248' title='bbox 1203 2731 1444 2786; x_wconf 83' lang='lat' dir='ltr'><strong>futuram</strong></span> <span class='ocrx_word' id='word_1_249' title='bbox 1465 2747 1586 2788; x_wconf 83' lang='lat' dir='ltr'><strong>esse</strong></span> <span class='ocrx_word' id='word_1_250' title='bbox 1605 2729 1758 2785; x_wconf 82' lang='lat' dir='ltr'><strong>eius-</strong></span> 
     </span>
    </p>

    <p class='ocr_par' dir='ltr' id='par_1_7' title="bbox 225 2805 1394 2858">
     <span class='ocr_line' id='line_1_34' title="bbox 225 2805 1394 2858; baseline 0.001 -1"><span class='ocrx_word' id='word_1_251' title='bbox 225 2805 271 2858; x_wconf 91' lang='lat' dir='ltr'>P</span> <span class='ocrx_word' id='word_1_252' title='bbox 286 2820 327 2856; x_wconf 80' lang='lat' dir='ltr'><strong>n</strong></span> <span class='ocrx_word' id='word_1_253' title='bbox 340 2820 361 2856; x_wconf 87' lang='lat'>1</span> <span class='ocrx_word' id='word_1_254' title='bbox 372 2821 406 2856; x_wconf 77' lang='lat' dir='ltr'><strong>n</strong></span> <span class='ocrx_word' id='word_1_255' title='bbox 420 2821 453 2856; x_wconf 95' lang='lat' dir='ltr'><strong>o</strong></span> <span class='ocrx_word' id='word_1_256' title='bbox 491 2806 637 2857; x_wconf 84' lang='lat' dir='ltr'><strong>vlu.</strong></span> <span class='ocrx_word' id='word_1_257' title='bbox 1295 2806 1342 2858; x_wconf 88' lang='lat' dir='ltr'>B</span> <span class='ocrx_word' id='word_1_258' title='bbox 1389 2840 1394 2846; x_wconf 88' lang='lat'>-</span> 
     </span>
    </p>
   </div>
  </div>
 </body>
</html>
