2125 3084
333 198 433 251 258
572 202 771 247 PHIL.
810 202 959 247 1111).
998 200 1323 261 QUAEST.
1360 202 1462 247 ΕΤ
1501 202 1659 247 SOL.
1708 200 1946 267 [11,417.]

334 304 485 356 mine
505 318 662 357 mens
682 303 888 356 similis
908 309 993 357 est
1013 301 1164 356 caelo
1180 344 1192 365 ,
1217 302 1480 372 quoniam
1500 302 1798 357 rationales
1813 314 1948 361 sunt

330 384 515 448 partes
536 378 826 447 utriusque
840 418 853 440 ,
880 394 991 431 una
1012 376 1236 440 mundi,
1259 376 1428 430 altera
1450 377 1691 443 animae3
1738 395 1942 433 sensus

334 458 515 505 autem
556 452 761 505 similis
801 459 885 506 est
921 459 1098 506 terrae
1113 492 1126 514 ‚
1186 452 1320 521 quia
1359 451 1519 505 ambo
1565 451 1943 508 irrationales·

330 527 453 581 Rite
474 526 648 597 igitur
666 534 809 589 orat,
846 533 907 580 ut
925 524 1220 595 proficiens
1245 524 1440 580 melior
1459 524 1577 588 fiat,
1612 532 1729 579 tum
1751 528 1942 596 quoad

329 601 653 656 rationalem
668 641 681 664 ,
725 608 843 654 tum
876 598 1065 669 quoad
1094 600 1496 663 irrationalem,
1531 604 1776 667 pinquem
1805 618 1942 655 sen-

330 692 456 729 sum
473 684 811 743 roratumque
828 674 1174 728 intellectum
1194 673 1549 744 possidendo.
1615 672 1940 745 Symbolice

334 767 461 804 vero
478 767 568 803 ros
594 748 829 803 verbum
858 756 941 802 est
969 747 1255 812 divinum,
1297 764 1628 820 magnopere
1656 756 1708 801 et
1737 748 1938 802 condi—

329 841 437 897 gne
452 866 465 888 ,
509 823 807 893 tranquille
836 831 898 876 et
917 822 1234 893 frequenter
1258 823 1556 878 utilitatem
1577 820 1754 877 ferens
1775 823 1935 892 prin-

330 899 443 969 cipi
469 899 663 952 menti.
742 898 1002 965 Pinquedo
1014 905 1204 951 autem
1227 895 1401 951 libera
1421 904 1506 951 est
1525 897 1741 969 largitio
1760 894 1931 951 officii
2021 906 2034 915 ’

329 974 555 1045 choragi
576 970 643 1044 (ε.
667 970 977 1043 regiminis)
998 970 1308 1026 secundum
1338 971 1592 1043 singulos
1620 988 1816 1031 sensus
1845 988 1932 1025 re-

329 1048 515 1104 dactos
537 1045 643 1101 sub
666 1046 881 1101 habena
900 1046 1189 1117 religionis
1220 1054 1274 1100 et
1300 1044 1636 1099 sobrietatis
1715 1044 1930 1116 Optime

327 1124 561 1177 maiores
591 1138 813 1192 quoque
852 1121 1070 1191 antiqui
1109 1118 1328 1183 dixere,
1371 1120 1522 1191 quod
1562 1119 1926 1190 opulentia*),

328 1197 589 1251 nobilitas
604 1237 617 1260 ‚
662 1195 913 1260 dilectio,
956 1194 1130 1250 honor
1157 1202 1212 1249 et
1237 1195 1446 1249 similia
1470 1191 1544 1269 [*]
1569 1204 1794 1249 externa
1816 1212 1933 1249 ser-

426 1370 471 1417 *)
498 1369 568 1408 Sic
586 1368 802 1417 colligitur
819 1380 873 1408 ex
888 1370 1072 1409 lectione
1087 1368 1181 1408 cod.
1202 1366 1258 1413 ῦς
1287 1377 1374 1406 non
1393 1368 1516 1407 auter
1532 1367 1616 1407 fert
1633 1369 1679 1407 et
1695 1368 1789 1407 Lat-
1811 1368 1926 1407 Ano·

326 1430 496 1469 nymus.
550 1419 711 1457 Verum
737 1421 857 1459 iuxta
881 1430 985 1459 maa.
1010 1420 1092 1458 AD
1113 1420 1282 1458 elicltur
1298 1419 1399 1457 tans
1417 1428 1592 1457 sensus:
1633 1418 1791 1465 Optime
1809 1420 1930 1464 „Ex-

324 1470 437 1508 siscit
460 1479 677 1516 supremus
692 1472 734 1514 “,
764 1470 960 1509 deamat
982 1470 1172 1518 antiqui.-
1208 1470 1405 1517 quom'am
1423 1470 1631 1517 opulentat
1647 1471 1720 1507 etc.
1765 1467 1929 1507 Auch.

326 1696 609 1752 tionabilis
629 1696 779 1751 enim
800 1697 857 1749 in
879 1704 1138 1766 utroque;
1199 1710 1396 1748 sensus
1423 1702 1606 1749 autem
1635 1711 1734 1765 pro
1764 1703 1925 1759 terra,

324 1772 457 1843 quia
486 1773 671 1826 minus
698 1769 1012 1826 rationales..
1090 1771 1160 1824 Et
1197 1768 1504 1823 secundum
1540 1770 1774 1823 alterum
1805 1775 1930 1837 pin-

322 1865 562 1915 quescere
579 1864 805 1902 sensum
828 1854 881 1901 et
900 1848 1168 1914 rorificari
1187 1852 1448 1898 mentem.
1512 1844 1808 1898 Nuntiatur
1829 1862 1930 1897 au-

324 1929 435 1975 tem
465 1938 563 1992 pro
582 1940 703 1976 rore
728 1937 907 1977 sermo
934 1919 1163 1974 divinus
1183 1935 1312 1973 cum
1331 1918 1777 1973 mansuetudine.
1843 1916 1931 1991 [Et

326 2004 577 2050 asserunt
620 1998 807 2067 ipsum
852 1994 1068 2049 coelum
1116 1991 1320 2047 animal
1365 2009 1514 2048 esse:
1582 1992 1713 2046 inde
1765 1993 1927 2047 credo

325 2069 747 2140 Apollinaristas
774 2068 1166 2124 incarnationis
1199 2068 1439 2121 animam
1472 2084 1732 2139 negasse,
1777 2067 1928 2122 indi-

324 2160 490 2216 gnam
512 2145 800 2199 salvatoris
826 2143 1173 2197 existimasse
1185 2139 1280 2215 *).]
1352 2142 1545 2197 Merito
1565 2158 1696 2213 ergo
1716 2142 1927 2212 optavit

324 2218 724 2291 magnificatori
746 2217 1092 2271 melioratum
1112 2214 1522 2279 rationabilem,
1568 2216 1792 2270 lenitate
1817 2217 1928 2269 fre-

324 2296 585 2363 quentius
615 2290 934 2363 profuturus
962 2290 1429 2361 principantibus.
1507 2291 1769 2359 Pinquedo
1794 2307 1927 2345 vero

324 2370 578 2439 copiosae
618 2364 1165 2420 sumministrationis
1203 2364 1578 2419 sensualitatis
1617 2364 1926 2435 secundum

324 2439 1165 2513 continentiam‘gubernantem.
1244 2440 1442 2493 Dixere
1483 2441 1649 2493 etiam
1686 2440 1923 2509 antiqui,

324 2516 578 2579 divitias,
622 2515 957 2585 parenteles,
1002 2512 1274 2567 amicitias
1312 2521 1365 2567 et
1403 2513 1702 2585 dignitates
1735 2522 1788 2569 et
1819 2514 1931 2568 alia

324 2589 493 2642 huius
516 2590 664 2643 modi
692 2598 845 2643 extra
873 2604 1072 2658 corpus
1103 2604 1250 2648 esse,
1295 2588 1585 2642 sanitatem
1613 2605 1770 2652 vero,
1815 2586 1932 2659 for}-

424 2726 467 2771 ¹)
501 2726 630 2765 Unci:
656 2708 821 2769 inclusa
848 2730 1184 2770 addimmentum
1209 2728 1454 2775 interpretis
1480 2733 1592 2767 sunt.
