2125 3084
259 139 348 206 [11,
371 136 490 202 496]
641 142 722 188 IN
755 141 1093 188 Exonulu.
1130 143 1383 188 smum
1420 145 1487 190 11.
1756 136 1855 190 343

258 246 382 300 Non
419 243 570 298 enim
607 251 788 298 motus
817 259 1081 314 umquam
1116 242 1489 313 suspicionem
1526 242 1705 308 dedit,
1756 243 1855 300 sed

259 326 526 392 perpetuo
546 317 756 386 standi;
801 319 1061 389 quoniam
1092 316 1246 373 firma
1272 325 1555 389 permanet
1578 327 1634 373 et
1652 319 1856 374 immu-

260 394 452 450 tabilis
481 400 674 448 natura
702 394 902 464 patris,
945 392 1183 448 lucidior
1210 409 1275 446 ac
1300 392 1605 465 simplicior
1624 394 1849 458 unitate,

259 486 404 542 quae
439 469 604 524 unica
645 477 728 523 est
765 468 938 522 forma
977 466 1383 523 similitudinis.
1460 467 1637 522 Unam
1674 477 1855 524 autem

259 545 488 600 unitatis
517 542 906 599 invariabilem
933 542 1445 614 immutabilemque
1482 550 1729 598 naturam
1762 543 1854 600 dei

258 629 482 691 propter
499 619 866 674 substantiam
884 611 1180 686 indicavit;
1224 619 1547 672 universum
1572 633 1703 672 vero
1730 633 1855 672 cae—
1880 671 1887 679 ,

260 695 378 750 lum
405 694 512 748 sub
539 694 780 765 pedibus
809 695 952 750 entis
981 710 1130 758 esse,
1172 694 1305 765 quia
1332 700 1387 748 et
1412 692 1559 748 color
1594 691 1853 764 sapphiro

255 770 446 842 potius
489 769 693 824 similis
735 775 869 824 erat.
969 769 1129 824 Later
1178 775 1359 823 autem
1400 768 1647 823 omnium
1684 766 1852 823 simul

256 845 546 899 stellarum
573 850 656 899 est
683 843 1006 907 laterculus,
1049 841 1241 898 ordine
1266 859 1644 908 numerorum,
1686 844 1855 898 ratio-

256 937 395 974 num
423 927 477 974 et
505 919 858 975 collationum
885 920 1271 983 concinnatus,
1321 917 1457 974 haec
1486 925 1568 973 est
1600 926 1853 972 constans

257 996 610 1065 incorporeae
635 995 842 1066 speciei
871 993 1181 1048 similitudo
1208 1001 1263 1048 et
1292 991 1483 1048 forma.
1563 991 1853 1065 Siquidem

255 1068 637 1140 intelligibilis
657 1069 794 1126 caeli
814 1068 1081 1124 sensibile
1099 1067 1203 1122 hoc
1214 1077 1377 1141 typus
1398 1077 1479 1123 est
1496 1085 1671 1140 purus
1690 1077 1745 1123 et
1766 1068 1853 1122 lu-

257 1144 424 1198 cidus
443 1144 666 1199 omnino
680 1185 694 1209 ‚
717 1144 872 1199 illius
887 1185 900 1208 ‚
925 1160 1093 1214 quam
1112 1143 1441 1214 iampridem
1460 1143 1583 1198 dixi
1603 1143 1853 1198 divinam

255 1219 557 1275 essentiam
592 1235 654 1273 ac
689 1220 995 1290 portionem
1033 1219 1322 1274 meruisse.
1400 1218 1577 1286 Quare
1616 1217 1845 1273 dicitur:

255 1299 413 1365 quasi
445 1299 636 1363 species
658 1299 966 1365 firmamenti
997 1300 1253 1363 puritate,·
1300 1294 1561 1365 quoniam
1596 1294 1851 1366 incorpo-

255 1387 382 1424 reae
422 1369 634 1442 species
673 1368 972 1425 lucidiores
1011 1377 1141 1424 sunt
1178 1378 1233 1424 et
1270 1371 1547 1442 puriores,
1598 1385 1663 1424 eo
1700 1369 1849 1440 quod

252 1446 525 1500 essentiae
544 1446 814 1500 mixtione
835 1445 1069 1500 carentis
1090 1452 1144 1500 et
1167 1445 1523 1516 simplicioris
1550 1445 1850 1517 participa-

252 1521 460 1576 tionem
508 1521 726 1575 sortitae
779 1519 1002 1586 fuerint.
1092 1518 1367 1576 Sensibile
1402 1522 1575 1594 igitur
1611 1520 1843 1584 caelum,

249 1595 656 1650 firmamentum
683 1603 959 1660 vocatum,
1001 1594 1140 1650 dicit
1159 1595 1479 1652 distinctum
1506 1613 1536 1651 a
1554 1597 1739 1669 specie
1759 1597 1850 1650 in-

247 1670 540 1743 telligibili
557 1670 628 1724 ob
647 1670 960 1742 puritatem.

338 1809 413 1875 [¹³]
491 1808 653 1868 Quare
686 1809 824 1861 dicit.-
879 1849 912 1876 ,‚
927 1811 1008 1862 De
1042 1811 1199 1861 electris
1232 1809 1495 1860 videntibus
1528 1826 1658 1860 nemo
1690 1827 1764 1860 re-

543 1879 680 1927 cessit
715 1880 782 1943 (8.
821 1879 1136 1946 discrepavit)
1150 1877 1280 1942 ¹⁸)“?
1314 1879 1421 1944 (24,
1454 1879 1561 1937 11.)

367 1979 453 2030 38.
511 1977 714 2032 Littera
744 1979 1139 2047 expositionem
1176 1973 1441 2048 habet**)
1476 1974 1838 2031 manifestam.

249 2050 402 2123 quod
421 2068 610 2107 omnes
631 2053 1054 2126 integriservati
1076 2052 1298 2107 fuerint.
1375 2049 1459 2105 Ad
1486 2058 1721 2106 mentem
1744 2068 1843 2106 au-

249 2136 362 2182 tem
399 2131 560 2184 electa
594 2118 719 2198 §ens
757 2129 1065 2183 secundum
1104 2128 1341 2182 animam
1379 2126 1701 2181 immortalis
1736 2135 1837 2189 est,

247 2219 360 2274 quo
380 2201 457 2275 (in
477 2202 664 2276 quam)
694 2203 948 2275 pervenit
976 2203 1245 2275 sapientia
1272 2208 1325 2257 et
1344 2201 1522 2256 omnis
1542 2202 1745 2266 virtus,
1789 2210 1843 2255 et

349 2342 392 2390 ¹)
445 2343 514 2383 Sic
540 2345 636 2385 cod.
663 2345 722 2392 133
778 2345 824 2384 id
848 2345 1000 2394 probat
1025 2347 1070 2384 et
1095 2343 1303 2393 Georgius
1327 2345 1372 2383 in
1396 2342 1691 2392 supplemento
1719 2340 1840 2381 Glos-

247 2393 373 2440 sarm
423 2405 574 2434 verum
609 2396 704 2435 cod.
739 2394 774 2435 0
809 2405 894 2434 uns
934 2405 1030 2435 cum
1072 2397 1178 2434 text.
1220 2396 1338 2435 Arm.
1384 2393 1537 2434 Genea.
1578 2393 1609 2432 l.
1650 2393 1681 2432 1.
1722 2402 1840 2432 uerno

243 2449 504 2494 consumatus
533 2450 606 2486 est.
659 2446 711 2484 Id
735 2449 860 2490 notat
891 2451 936 2486 et
969 2446 1041 2486 Gr.
1070 2439 1119 2485 ου’
1146 2443 1419 2498 eremmon,
1461 2444 1631 2493 proprie
1656 2453 1835 2483 sonans:

244 2506 328 2534 non
362 2497 610 2544 discrepavit
642 2507 757 2544 voce,
804 2500 853 2536 nt
886 2498 1039 2546 accipit
1072 2497 1208 2535 Philo.
1268 2497 1349 2534 Pro
1382 2498 1526 2534 autem
1556 2495 1713 2541 Israel,
1765 2496 1841 2543 qni

243 2545 376 2593 vulgo
403 2548 630 2594 exponitur
653 2549 794 2586 videm
823 2549 954 2594 deam,
999 2557 1026 2586 a
1048 2547 1228 2586 Philone
1254 2545 1523 2586 substituitur
1546 2547 1708 2591 videns,
1749 2549 1837 2585 tam

241 2597 336 2644 hic,
389 2607 518 2644 qnam
560 2599 670 2636 iun-a
712 2599 750 2646 §-
793 2599 858 2637 47.
925 2598 1044 2637 Sicut
1085 2599 1213 2636 etiam
1256 2598 1370 2646 apud
1412 2597 1644 2636 Eusebium
1685 2597 1835 2646 Praep.

242 2647 414 2722 Emi&
437 2647 518 2737 lg}
541 2649 790 2747 lsspciatextfrtle·
812 2649 905 2738 ipae
929 2649 1251 2747 {hlssadmnu
1286 2647 1309 2688 ὁ
1336 2647 1441 2700 ὀρῦν
1461 2644 1627 2701 Ἰσραήλ.
1674 2648 1834 2689 Anch.

401 2715 416 2744 J
515 2725 526 2737 ι
793 2725 806 2738 ο
895 2726 908 2738 ο
966 2726 977 2739 a
1082 2725 1094 2737 a
