2125 3084
370 168 462 217 ⁴08
588 170 786 215 PHIL.
826 168 980 214 1111).
1023 168 1351 226 QUAEST.
1394 168 1493 213 ET
1532 169 1695 215 SOL.
1732 164 1998 233 [11,290.]

363 272 449 326 Ad
470 280 706 325 mentem
729 286 860 325 vero
875 310 888 333 ,
912 287 1069 323 mens
1090 277 1347 324 constans
1368 270 1615 323 imitatur
1636 270 1815 325 solum
1836 290 1995 328 con-
2089 264 2090 271 ἵ

365 353 600 401 stantem
621 345 816 401 deum:
869 354 922 399 et
942 362 1071 399 ecce
1092 344 1441 399 invariabilis
1462 353 1627 415 etque
1647 346 1995 403 immutabi—

365 422 436 475 lis
465 420 670 486 factm,
714 438 890 492 quum
919 421 1331 475 circumstantia
1360 420 1545 473 omnia
1566 421 1984 492 circumspicit,
2089 460 2090 491 3

363 513 506 567 quae
535 496 851 560 sensibilia,
897 496 1139 551 carnalia
1169 504 1333 565 atque
1362 492 1767 565 cupiditatibus
1794 497 1990 553 obno—
2089 500 2090 541 ἐ

363 572 458 626 xia
485 581 615 626 sunt
642 572 929 634 universa,
979 571 1367 626 universorum
1396 570 1701 625 substantia
1744 582 1986 643 apparet

363 656 426 701 ut
445 665 616 718 vapor
630 686 643 711 ‚
687 646 881 701 fornax
901 654 954 701 et
973 645 1179 701 fumus.
1260 646 1477 699 Fornax
1494 647 1645 699 enim
1666 654 1749 700 est
1770 647 1979 706 ardens

365 740 564 793 corpus
587 721 738 776 istud
759 731 813 775 et
833 720 1111 776 exhalatio
1131 738 1202 774 ex
1220 719 1479 775 sensibus
1495 762 1507 785 ‚
1549 720 1704 775 velut
1730 720 1801 775 de
1824 730 1977 777 terra

364 814 536 868 vapor
555 805 610 851 et
629 796 842 863 fumus;
893 813 1038 867 quae
1068 813 1199 851 vero
1228 792 1465 849 flammis
1494 794 1840 851 circumdant
1867 814 1975 852 nos

365 879 419 927 et
448 880 794 925 concremant
824 872 988 936 vitia,
1031 872 1180 944 ignis
1210 869 1277 941 (ε.
1308 869 1461 942 odor)
1500 878 1553 925 et
1592 888 1743 925 aura.
1824 874 1975 927 Haec

368 955 550 1000 autem
572 945 689 999 fieri
712 962 819 1001 non
840 954 1045 1017 potest,
1072 954 1133 999 ut
1152 962 1343 1001 omnes
1364 946 1695 999 sciscitando
1718 954 1975 1001 scruten-

363 1033 454 1076 tur
484 1030 538 1075 et
566 1038 694 1075 vere
723 1020 1008 1076 advertant
1043 1019 1379 1096 videantque
1410 1037 1439 1073 a
1469 1021 1613 1075 malo
1641 1024 1965 1091 provenire3

365 1096 470 1152 soli
491 1098 640 1151 enim
661 1098 896 1167 sapienti
919 1104 1042 1150 nota
1065 1104 1195 1149 sunt
1216 1112 1278 1149 ac
1298 1102 1469 1159 certa,
1510 1097 1751 1151 maxime
1771 1098 1973 1169 singu-

368 1172 543 1226 larum
563 1171 806 1243 partium
828 1169 1237 1241 praedictarum
1258 1171 1493 1241 species.

369 1384 443 1448 [Ἴ
495 1383 682 1444 Quare,
729 1401 830 1435 cum
866 1384 1040 1434 deleret
1084 1387 1528 1440 circumhabitantes
1570 1385 1965 1449 Sodomacorum‚

500 1451 777 1505 recordatus
819 1462 887 1501 cst
921 1452 1036 1503 deus
1059 1453 1292 1507 Abrahae
1320 1464 1366 1505 ct
1392 1454 1565 1507 dimas-it
1598 1455 1774 1517 procul
1804 1454 1905 1505 Lot
1945 1472 1971 1503 c

501 1518 652 1572 medio
689 1519 1034 1575 subversionis?
1068 1524 1177 1587 (19,
1210 1523 1319 1581 29.)

478 1639 564 1692 54.
609 1638 868 1695 Litteram
898 1639 1057 1695 vides
1074 1680 1087 1704 ,
1130 1639 1407 1711 quomodo
1435 1656 1496 1695 se
1523 1638 1717 1694 habet:
1786 1640 1972 1711 siqui-

367 1711 494 1767 dem
513 1712 613 1768 Lot
641 1731 748 1769 non
777 1722 999 1788 propter
1027 1732 1089 1769 se
1108 1715 1293 1786 potius
1314 1731 1481 1785 quam
1502 1723 1724 1785 propter
1743 1718 1972 1787 sapien—

364 1797 475 1841 tem
503 1789 876 1846 Abrahamum
903 1792 1177 1853 salvatur,
1218 1790 1325 1844 isto
1353 1807 1453 1861 pro
1474 1790 1571 1844 illo
1590 1790 1967 1861 supplicante.

362 1862 448 1917 Ad
467 1874 707 1921 mentem
727 1884 857 1922 vero
871 1908 883 1930 ‚
904 1866 1128 1938 quando
1148 1874 1303 1937 pater
1323 1864 1639 1920 recordatur
1658 1867 1972 1937 generatio—

366 1940 453 1993 nis
474 1940 747 2010 perfectae
759 1982 773 2005 ,
797 1942 975 1996 salvat
994 1942 1158 1998 etiam
1179 1948 1435 2013 cognatos
1454 1942 1578 1995 eius
1598 1948 1653 1995 et
1670 1941 1969 2012 proficien-

363 2020 495 2065 tem.
573 2015 736 2067 Porro
773 2016 977 2086 optime
1017 2034 1079 2079 se
1118 2015 1285 2071 habet
1310 2032 1375 2071 ac
1402 2016 1680 2088 sapienter
1705 2016 1853 2072 illud
1880 2017 1972 2071 di-

365 2094 514 2139 ctum
529 2126 542 2151 ‚
575 2104 602 2139 e
619 2090 785 2141 medio
811 2093 1159 2145 subversionis
1186 2096 1440 2146 dimisisse
1460 2093 1579 2154 Lot,
1614 2108 1723 2148 non
1746 2109 1877 2147 voro
1898 2092 1970 2147 ab

363 2160 514 2214 omni
536 2158 897 2245 (discrimine)
914 2181 926 2229 ;
980 2166 1243 2234 quoniam
1262 2165 1603 2238 proficientis
1622 2170 1971 2222 conversatio

363 2250 473 2287 nnn
491 2250 644 2288 omni
661 2251 732 2289 ex
755 2244 910 2306 par-te
937 2246 1085 2293 recte
1111 2240 1385 2305 ambulat,
1429 2241 1531 2297 sed
1558 2242 1833 2297 claudicat
1864 2242 1971 2296 ali-

363 2316 636 2380 quatenus
666 2318 829 2381 atque
859 2312 1140 2385 impingit.
1237 2316 1425 2371 Partes
1453 2325 1636 2372 autem
1674 2318 1798 2371 cius
1838 2325 1969 2372 sunt

363 2384 668 2441 mediocres
695 2387 754 2440 in
780 2386 1097 2458 principatu
1118 2389 1501 2447 conductrices
1520 2393 1578 2447 in
1600 2390 1961 2458 rectitudine;

363 2477 534 2530 quare
563 2461 706 2519 bona
734 2460 939 2534 gaudet
957 2479 1058 2533 spe
1072 2504 1085 2527 ‚
1127 2472 1191 2519 ut
1210 2474 1430 2537 regatur
1452 2475 1506 2521 et
1526 2466 1595 2522 ad
1616 2476 1857 2524 caeteras
1878 2484 1966 2521 res

363 2535 686 2607 dirigendas
705 2545 1079 2609 praeparetur.
1148 2539 1331 2606 Quum
1352 2542 1503 2595 enim
1520 2558 1685 2597 sanae
1706 2543 1819 2596 sint
1837 2558 1966 2613 par-

363 2618 446 2662 tes
475 2612 654 2681 magis
681 2612 794 2665 sibi
812 2614 1067 2684 propriae
1081 2654 1093 2677 ‚
1136 2623 1317 2685 potest
1336 2616 1503 2669 etiam
1522 2617 1649 2669 aliis
1670 2615 1853 2670 adhuc
1874 2633 1966 2670 ae-

365 2685 711 2753 grotantibus
730 2696 1008 2757 praestare
1029 2690 1583 2744 communicationem
1604 2690 1820 2758 salutis.
