2125 3084
387 190 417 241 ι
869 194 1104 241 rinno
1141 191 1481 239 nunnus
1603 255 1620 273 ⁶
1749 184 1953 269 mer]
2055 135 2067 226 l

386 300 574 349 terius:
612 296 814 349 duabus
834 293 896 363 (e.
916 292 1074 364 duae)
1097 296 1334 347 velabant
1353 296 1548 355 vultus,
1591 301 1639 345 ct
1665 291 1852 345 duabus
1873 309 1960 345 ve-

386 373 565 424 labant
578 372 759 437 pedes,
786 377 835 423 et
851 372 1053 423 duabus
1072 371 1313 422 volabant
1335 374 1462 432 (Jes.
1487 376 1534 432 6,
1553 376 1582 418 1
1594 372 1707 432 ει).
1765 364 1962 421 Cheru-

386 444 503 499 bim
541 444 834 515 'exponitur
868 453 1019 511 typus
1046 440 1136 496 vel
1163 446 1480 503 incendium,
1523 440 1740 495 nomina
1771 439 1964 495 directe

386 518 689 574 virtutihus
716 525 867 588 apta3
936 515 1142 571 formae
1173 516 1321 570 enim
1347 524 1402 569 et
1427 516 1548 589 typi
1575 522 1730 585 sunt,
1769 514 1963 585 quibus

386 592 594 649 creator
622 591 892 647 mundum
922 590 1206 663 figuravit,
1248 591 1476 663 signans
1504 606 1568 644 ac
1587 589 1834 662 sigillans
1852 591 1966 643 sin-

386 668 545 741 gulas
566 658 635 721 in‘
644 667 811 722 rebus
832 666 1129 737 dispositas
1148 665 1468 737 qualitates:
1529 664 1656 719 ideo
1676 665 1852 735 itaque
1869 681 1966 735 ap—

385 742 576 814 pellati
614 750 744 796 sunt
782 746 910 809 typi.
996 742 1294 797 Incendium
1324 756 1452 795 vero
1488 748 1797 811 propterea,
1839 739 1966 811 quia

386 824 717 873 consumunt
735 815 1098 888 privationem
1119 814 1190 869 ab
1209 813 1402 869 ordine
1415 855 1428 877 ,
1451 815 1573 869 sive
1590 814 1966 868 informitatem

388 891 672 957 materiae,
714 891 772 945 in
800 890 1051 945 ordinem
1078 907 1198 946 eam
1223 888 1546 944 reducentes
1567 896 1622 943 et
1641 904 1966 959 consequen-

386 977 469 1023 ter
482 966 785 1029 ,informem
811 965 871 1019 in
901 964 1128 1019 formam
1145 1007 1158 1028 ,
1201 972 1255 1018 et
1282 965 1592 1019 inornatum
1619 964 1679 1018 in
1707 970 1963 1017 ornatum.

387 1042 656 1109 Quoniam
678 1058 785 1096 non
815 1040 1192 1111 corruptibilis
1217 1039 1367 1111 ignis
1399 1048 1552 1093 erant
1580 1039 1837 1102 virtutes,
1876 1037 1972 1092 sed

388 1117 643 1172 salutaris
660 1156 673 1180 ‚
730 1132 831 1187 per
866 1132 1033 1187 quem
1071 1114 1255 1169 omnia
1303 1113 1594 1169 artificiose
1641 1112 1784 1167 facta
1827 1121 1969 1167 sunt.

387 1192 592 1258 Quare,
636 1198 697 1245 ut
716 1189 856 1245 mihi
877 1189 1124 1255 videtur,
1165 1189 1329 1245 etiam
1351 1188 1602 1244 nonnulli
1620 1188 1976 1260 philosopho·
2072 1238 2073 1259 ἓ

390 1283 512 1320 rum
540 1266 727 1337 ignem
756 1264 1098 1320 artificialem
1125 1280 1407 1319 asseruere
1435 1264 1494 1317 in
1526 1264 1675 1319 viam
1697 1263 1892 1318 cadere
1911 1262 1981 1317 ad
2072 1294 2073 1297 =

387 1336 599 1394 semina
620 1340 678 1393 in
700 1341 1105 1411 generationem
1126 1338 1500 1411 producenda.
1571 1337 1868 1409 Siquidem
1887 1355 1983 1393 ex-
2072 1374 2073 1381 κ

387 1423 603 1469 tensum
625 1412 767 1468 inud
788 1414 929 1469 lucis
952 1414 1228 1478 volumen,
1253 1415 1494 1486 corporis
1515 1412 1838 1468 conceditur
1853 1431 1987 1469 ocu-

388 1488 459 1543 lis
474 1530 486 1553 ,
510 1486 943 1543 evidensautem
964 1489 1023 1565 in
1044 1489 1428 1546 invisibilibus
1450 1497 1643 1561 natura
1657 1529 1670 1553 ,
1699 1506 1813 1561 qua
1835 1506 1993 1544 crea-

386 1571 475 1617 tur
503 1562 875 1636 formaturque
904 1565 1156 1629 materia,
1199 1566 1399 1619 mentis
1418 1563 1768 1619 velocissime
1787 1564 1997 1619 viden-—

386 1638 539 1693 tibus
564 1638 767 1703 oculis,
808 1639 907 1712 qui
934 1639 1161 1697 densam
1190 1638 1997 1710 crassitudinem‘aperuerunt.

390 1713 855 1785 circumspiciens
896 1722 1077 1770 autem
1117 1714 1457 1775 artificialem
1483 1714 1882 1785 illum-ignem
1911 1716 2001 1770 vi-

388 1789 498 1855 dit,
531 1790 630 1861 qui
651 1789 821 1846 efficit
841 1789 1061 1845 divinas
1083 1790 1384 1863 imagines,
1421 1806 1530 1844 non
1552 1789 1836 1844 inanimes
1853 1831 1869 1855 ,
1903 1788 2004 1845 sed

390 1867 655 1919 animatas
676 1874 730 1921 et
748 1866 1061 1922 rationales.

497 1971 551 2024 7.
600 1972 779 2027 Moses
814 1988 945 2026 vero
982 1970 1162 2043 magis
1192 1968 1378 2024 lucide
1411 1968 1582 2029 dixit:
1629 1963 1703 2043 [Ἴ
1736 1968 2012 2023 Dominus

386 2048 511 2099 deus
530 2054 649 2100 tuus
668 2052 803 2115 iynis
824 2062 1121 2101 consumens
1139 2053 1214 2101 eat
1233 2052 1405 2111 (Dent.
1432 2054 1482 2108 4,
1514 2048 1602 2108 24)
1617 2083 1630 2107 ,
1655 2060 2018 2099 consumens

388 2136 496 2173 non
515 2116 1118 2197 modo'corrumpendi,
1158 2118 1257 2173 sed
1283 2118 1756 2185 salutificatione3⁴
1773 2120 2024 2174 salvare

388 2195 555 2258 enim,
582 2212 688 2250 non
711 2204 893 2250 autem
913 2210 1261 2266 corrumpere
1280 2194 1584 2270 proprietas
1606 2201 1688 2255 est
1701 2192 1828 2248 dei.
1877 2196 2030 2249 Por-

387 2284 447 2321 ro
466 2267 793 2325 desideratis
815 2270 1041 2325 fortasse
1053 2269 1244 2324 audire
1253 2270 1538 2334 rationem,
1562 2285 1691 2339 qua,
1719 2286 1871 2324 cum
1882 2287 2038 2325 oon-

387 2358 605 2396 sumere
631 2352 882 2414 putatur,
930 2346 1208 2417 integrum
1244 2351 1450 2410 servat3
1497 2342 1658 2398 facile
1693 2350 1911 2400 tamen
1957 2362 2046 2399 ex

388 2416 657 2485 exemplis
678 2426 761 2471 est
779 2418 1011 2471 discere.
1089 2417 1319 2483 Quando
1345 2418 1584 2473 dicimus
1610 2420 2048 2492 zoographum

387 2492 795 2569 consumpsisse
830 2490 969 2562 (sive
995 2492 1354 2565 impendisse)
1393 2493 1658 2547 tincturas
1698 2510 1931 2550 omnes
1973 2497 2056 2550 in

387 2568 657 2639 picturam
675 2564 1063 2632 perficiendam
1081 2604 1094 2628 ‚
1137 2576 1229 2620 aut
1257 2583 1287 2619 a
1315 2570 1577 2623 statuario
1595 2579 2073 2643 consumptum¹

389 2626 559 2709 fulsse
586 2650 827 2690 aeneum.
845 2638 903 2691 in
933 2646 1194 2702 statuam,
1238 2649 1332 2694 aut
1359 2658 1388 2695 a
1419 2640 1575 2696 fabro
1605 2642 1766 2714 ligna
1793 2654 1867 2700 et
1889 2664 2073 2701 saxa

389 2714 445 2748 in
482 2700 733 2769 domum.
784 2710 871 2764 vel
908 2713 1213 2783 generatim
1247 2712 1317 2767 ab
1352 2715 1561 2770 artifice
1597 2720 1943 2777 materiam
1991 2724 2073 2777 iu
