2125 3084
118 627 163 646 ‘Q

102 161 117 171 .
214 128 531 199 [nuum]
623 135 757 188 ΜΒ,
796 135 895 184 ΒΕ
940 134 1426 186 Alamannus,
1727 129 1824 186 ⁴37

344 236 429 294 m.
480 234 765 298 Caeterum
793 233 965 296 multa
992 239 1124 292 sunt
1149 241 1204 292 et
1229 233 1336 290 alia
1367 235 1630 296 relatione
1653 235 1826 312 digna

220 313 303 371 de
332 311 630 383 sapientia,
672 327 782 381 qua
809 316 1039 368 utuntur
1074 307 1360 374 animalia;
1424 309 1708 370 sufficiunt
1743 321 1828 370 ta-

221 404 361 447 men
380 387 493 448 iam
512 385 679 446 diota.
754 382 1086 444 Addendum
1109 380 1184 457 [*]
1211 390 1382 448 esset,
1406 385 1556 455 quod
1577 401 1686 440 non
1706 392 1828 446 tan-

224 472 353 518 tum
378 461 709 542 sapientiae.
750 458 853 518 sed
878 459 1043 517 etiam
1069 457 1382 517 sobrietatis
1410 459 1709 532 participes
1730 460 1828 518 be-

228 537 374 593 stiae
411 543 559 592 sunt.
636 535 793 603 Quod
828 535 878 588 si
906 550 1047 604 opus
1079 535 1183 587 erit
1210 533 1396 588 verbis
1423 550 1524 604 pro
1551 533 1718 588 rebus
1747 537 1828 591 eis

228 611 563 667 necessariis
578 651 591 675 ‚
635 626 826 665 vocem
854 609 1131 666 emittunt.
1207 607 1347 674 Quis
1375 623 1507 663 vero
1535 607 1682 680 apud
1701 610 1828 666 illas

234 694 529 759 apparatus
538 685 787 758 dapium,
803 691 1045 754 autquae
1054 683 1377 747 vinolentia,
1394 691 1488 738 aut
1495 701 1638 754 quae
1647 685 1831 740 ebrie·

228 770 339 825 tas,
359 769 451 816 aut
468 777 611 832 quae
632 773 929 830 eoquorum
948 759 1330 829 pistorumque
1345 775 1512 830 opera
1529 758 1826 832 superflua,

234 843 379 891 artes
399 835 589 890 miseri
616 834 825 890 ventris
853 849 1070 896 eorum,
1113 833 1213 904 qui
1243 833 1534 892 nobiscum
1559 835 1830 906 voluptati

232 909 411 966 dediti
438 908 603 968 sunt?
656 911 887 979 Insuper
915 907 1210 980 superbiae
1235 908 1496 980 proeellie
1525 925 1624 964 nos
1661 912 1848 966 iacta--

229 987 307 1050 ti,
348 993 550 1057 quanta
576 1000 708 1044 eane
736 991 920 1055 aperto
944 999 1037 1038 ore
1054 983 1256 1037 mirari
1284 1000 1392 1039 non
1427 984 1824 1049 erubescimus,

229 1061 557 1134 praesertim
594 1074 769 1130 quum
803 1059 1100 1129 supet-eilia
1139 1058 1519 1114 contrahentes
1557 1061 1829 1115 eervices-

232 1151 346 1208 que
364 1133 687 1194 extollentes
702 1175 715 1200 ‚
756 1133 1021 1190 belluinis
1040 1134 1332 1188 sententiis
1351 1133 1581 1199 tumidi,
1623 1134 1828 1190 deserti

231 1211 511 1282 vacuique
536 1218 743 1274 mente,
786 1209 1015 1264 remisso
1047 1207 1190 1264 fastu
1209 1208 1340 1264 elati
1361 1217 1678 1281 reputamus
1699 1227 1830 1266 nos-

232 1292 348 1341 met
385 1285 561 1358 ipson,
602 1293 664 1339 ut
698 1291 889 1356 poetae
926 1283 1146 1348 dieunt,
1187 1282 1300 1338 diis
1337 1286 1618 1358 proximos
1659 1285 1830 1341 factos

234 1359 423 1415 fuisse·
447 1360 659 1416 semine
692 1369 747 1414 et
782 1359 1122 1434 propinquos
1189 1359 1502 1414 enei-atione
1516 1401 1531 1425 .
1573 1376 1767 1416 verum
1799 1379 1830 1416 a

234 1433 363 1490 cibo
380 1435 583 1510 exiguo
602 1441 845 1514 potuque
864 1434 1108 1506 superati
1123 1475 1136 1499 ,
1207 1435 1324 1490 umi
1341 1435 1605 1502 iacemus,
1631 1435 1700 1491 ab
1723 1436 1830 1492 alto

232 1510 388 1566 eaelo
424 1510 701 1565 cadentes.
778 1509 918 1564 Eece
944 1509 1100 1565 illico
1124 1509 1351 1565 obnoxii
1382 1526 1574 1566 sumus
1604 1527 1712 1566 non
1738 1528 1831 1567 eo-

233 1586 353 1642 lum
373 1585 574 1658 pudori
588 1625 601 1649 ,
638 1599 827 1640 verum
846 1585 1010 1638 etiam
1030 1586 1274 1657 eoi-poris
1302 1585 1635 1641 infirmitati:
1696 1587 1830 1657 quia

234 1659 557 1718 aviditatem
578 1666 630 1714 et
648 1659 835 1732 gulam
854 1668 1162 1731 sequuntur
1178 1660 1384 1725 morbi,
1423 1662 1683 1733 exiguam
1699 1662 1830 1734 qui-

234 1735 365 1790 dem
384 1735 619 1790 minores
632 1774 646 1798 ‚
676 1737 974 1812 niaximum
993 1751 1123 1790 vero
1145 1735 1602 1793 irremediabiles.

350 1827 436 1895 18.
484 1836 554 1894 At
582 1837 816 1906 bestiae,
847 1855 988 1916 quae
1008 1839 1332 1914 parcitatem
1350 1840 1596 1900 alimenti
1617 1839 1829 1914 abipsa

234 1914 519 1976 nativitate
538 1922 842 1974 statuerunt
860 1913 971 1970 sibi
993 1914 1301 1975 adsciscere
1316 1955 1329 1982 ,
1373 1914 1562 1974 herbis
1585 1932 1830 1986 pascun-

231 1998 325 2048 tur
352 1997 407 2048 et
435 1990 655 2066 exiguis
684 1996 967 2050 contentae
994 1996 1146 2047 sunt.
1221 1988 1465 2058 Quarum
1489 1998 1652 2064 potus
1688 2007 1830 2064 aqua

233 2072 336 2130 est,
362 2082 470 2126 non
493 2073 675 2125 tamen
696 2064 976 2135 frequens,
997 2063 1098 2126 sed
1118 2063 1290 2125 semel
1310 2067 1369 2124 in
1390 2065 1501 2130 die,
1532 2065 1828 2142 aliquando

233 2139 401 2197 etiam
418 2148 542 2218 post
570 2139 771 2199 multos
798 2155 1015 2198 menses
1042 2147 1344 2221 peractos.l
1391 2142 1531 2198 Nam
1555 2139 1828 2212 quaedam

234 2213 486 2270 hibernie
505 2211 923 2285 tempestatibus
944 2213 1044 2270 vix
1073 2213 1299 2280 bibunt,
1343 2231 1518 2288 aquae
1547 2213 1665 2272 loco
1691 2217 1826 2286 satie

237 2287 502 2344 habentes
532 2288 602 2343 fri
741 2289 880 2342 ae'ris
909 2295 962 2342 et
981 2285 1182 2343 viridis
1201 2295 1391 2358 pastus
1412 2288 1695 2342 humorem
1720 2288 1827 2344 hu-

235 2363 471 2422 midum.
549 2363 596 2422 A
638 2363 774 2424 haee
793 2363 1019 2434 prurigo
1038 2363 1138 2423 illa
1155 2381 1227 2422 ex
1247 2362 1572 2421 humiditate
1590 2370 1710 2418 orta
1727 2380 1827 2418 ou-

236 2437 553 2510 piditasque
594 2438 701 2496 nub
736 2445 927 2498 ventre
962 2438 1236 2498 exsistens
1277 2436 1514 2495 nimium
1549 2437 1728 2494 minor
1773 2447 1828 2495 et

154 2560 161 2570 .
236 2513 439 2600 exigua
460 2510 535 2587 [*]
556 2512 673 2572 illis
699 2521 802 2568 est.
878 2513 1186 2571 Nonnullae
1204 2512 1353 2568 enim
1372 2526 1541 2568 verno
1560 2519 1822 2585 tempore,

238 2588 377 2648 alme
396 2588 703 2649 autumnali
722 2586 971 2648 feruntur
989 2585 1063 2644 ad
1080 2587 1311 2654 ooitum;
1353 2593 1485 2644 sunt
1503 2587 1666 2644 etiam
1683 2605 1827 2659 quae

237 2663 404 2722 semel
427 2663 487 2720 in
507 2679 649 2720 anno
674 2661 1117 2736 congrediantur.
1195 2661 1454 2720 Feminae
1481 2678 1612 2720 vero
1639 2679 1826 2720 earum
