2125 3084
180 166 261 232 tu,
292 161 408 229 531]
542 167 622 213 m
659 166 995 213 Exontm.
1043 168 1298 214 emmo
1335 170 1398 215 11.
1669 164 1770 217 375

261 300 389 359 Quid
420 310 491 350 est
521 336 556 363 ‚,
570 300 751 349 Facias
785 298 995 349 dividere
1024 300 1177 349 velum
1210 301 1332 351 inter
1364 299 1554 351 Sancta
1595 319 1704 353 εαυ-

706 369 962 417 σεοπιιηίίῖ
996 367 1106 433 (26,
1143 368 1254 431 33.)

291 465 376 517 94.
424 462 580 526 Dixi,
624 459 774 532 quod
803 458 1083 531 simplicia
1101 458 1300 514 Sancta
1328 460 1622 515 constituta
1649 471 1780 517 sunt

182 536 483 593 secundum
525 534 792 591 sensibile
816 534 1075 599 ·caelum,
1130 534 1390 589 interiora
1425 551 1584 599 vero,
1635 552 1780 606 quae

180 614 376 670 Sancta
395 621 699 677 sanctorum,
713 617 1004 674 vocantur,
1034 608 1341 664 secundum
1362 608 1776 682 intelligibilem

182 685 472 743 mundum.
567 686 834 740 Distincte
879 686 1067 756 itaque
1104 691 1388 755 separetur
1423 684 1778 756 incorporeus

184 762 424 818 mundus
464 778 493 815 a
531 760 749 816 visibili
787 759 1053 815 mediocri
1093 759 1332 831 quadam
1372 760 1580 815 ratione
1625 760 1782 816 velut

182 838 325 894 velo.
406 837 561 891 Ratio
601 843 784 891 autem
822 834 958 890 haec
987 834 1215 891 fortasse
1241 834 1528 907 quaternio
1555 842 1664 900 est,
1709 835 1778 890 ad

178 914 341 968 cuius
356 910 579 966 modum
601 910 811 967 exstitit
838 927 1036 983 corpus
1067 909 1330 966 solidum.
1408 908 1677 977 Quoniam
1706 912 1780 965 il·

178 987 281 1044 lud
310 995 393 1041 est
421 984 706 1041 invisibile
730 984 1043 1041 ordinatum
1065 986 1209 1040 inter
1228 982 1641 1058 intelligibiles3
1696 987 1780 1040 al-

177 1071 361 1119 terum
379 1078 509 1115 vero
531 1062 589 1115 in
608 1062 711 1116 tria
733 1060 1078 1126 distinctum,
1102 1060 1439 1131 adhaeretin
1459 1058 1775 1127 sensibiles,
1857 1124 1864 1131 ,

174 1147 242 1194 ut
260 1136 415 1192 sitin
432 1136 613 1191 medio
632 1135 939 1192 invisibilis
960 1154 1023 1191 ao
1042 1136 1288 1191 visibilis
1307 1136 1598 1192 essentiae.

305 1275 467 1335 Quare
499 1260 633 1328 θεῖτ’-α
665 1277 814 1329 velum
848 1279 973 1329 iubet
1005 1295 1211 1327 mensam
1247 1288 1292 1329 et
1325 1277 1658 1331 candelabrum

298 1369 317 1391 ο
726 1346 925 1411 ponam?
962 1351 1067 1412 (26,
1100 1346 1210 1409 35.)

288 1451 374 1505 95.
432 1448 621 1506 Monui
658 1455 843 1513 antea,
885 1447 1037 1520 quod
1074 1466 1175 1521 per
1209 1466 1454 1507 mensam
1483 1450 1779 1507 obumbrat

176 1523 502 1581 sensibilem
529 1524 851 1588 essentiam,
882 1541 993 1595 Ῥει-
1020 1524 1411 1583 candelabrum
1443 1535 1625 1583 autem
1645 1544 1776 1582 sen-

172 1600 343 1656 sibile
361 1600 596 1655 caelum.
644 1600 831 1669 ltaque
850 1607 1001 1655 extra
1027 1600 1215 1655 velum
1235 1601 1597 1657 collocantur:
1641 1602 1776 1673 quia

172 1692 320 1747 quae
349 1676 411 1733 in
439 1673 797 1729 interioribus
825 1674 1005 1748 adytis
1032 1684 1190 1741 sunt,
1231 1676 1541 1731 invisibilia
1562 1685 1692 1730 sunt
1711 1692 1776 1730 ao

172 1748 589 1822 intelligibilia3
633 1764 775 1819 quae
795 1766 926 1805 vero
944 1751 1213 1805 exteriora
1233 1750 1324 1805 his
1342 1758 1472 1805 sunt
1485 1791 1499 1814 ‚
1523 1750 1772 1805 visibilia

172 1832 310 1885 sunt
330 1840 393 1879 ao
410 1822 719 1879 sensibilia.

177 1968 281 2018 Cur
316 1974 552 2016 exter-mm
584 2001 621 2029 „
636 1967 915 2031 opertorium
928 1968 965 1996 “
1008 1966 1038 2031 (
1040 1966 1104 2015 al.
1145 1964 1387 2015 tentorium
1428 1964 1506 2014 vel
1547 1963 1776 2013 adducto-

253 2034 405 2099 rium)
422 2033 558 2097 dimit,
584 2050 679 2084 non
694 2050 805 2085 vero
822 2052 887 2085 ve
899 2033 1006 2085 lum
1013 2037 1039 2097 ,'
1052 2034 1174 2083 sicut
1190 2033 1451 2083 internum?
1469 2034 1576 2097 (26,
1589 2032 1699 2093 36.)

291 2140 378 2193 96.
428 2134 698 2203 Quoniam
736 2136 995 2193 interiora
1034 2134 1105 2190 ad
1141 2143 1390 2190 naturam
1427 2135 1778 2207 incorporeo-

171 2230 303 2269 rum
343 2210 618 2267 volantem
654 2220 707 2267 et
744 2228 965 2267 sursum
992 2209 1307 2266 tendentem
1334 2208 1597 2265 inclinata
1624 2218 1771 2274 sunt,

168 2291 409 2343 istorum
429 2288 666 2343 essentia
684 2304 856 2359 prope
878 2286 947 2341 ad
966 2285 1133 2341 deum
1154 2293 1286 2353 stat3
1350 2284 1539 2339 velum
1569 2286 1718 2339 enim
1747 2302 1778 2339 a

174 2360 255 2439 [*]
278 2362 467 2418 volatu
477 2361 531 2436 ³¹⁵)
556 2361 931 2418 introductum
961 2370 1062 2416 est.
1141 2359 1213 2416 At
1240 2359 1574 2423 secundum,
1617 2367 1679 2415 ut
1707 2359 1778 2415 ad

170 2437 447 2494 exteriora
468 2437 757 2492 sensibilia
776 2440 1137 2509 propinquet,
1168 2441 1482 2505 opertorium
1507 2436 1630 2490 iure
1662 2443 1772 2503 est3

169 2512 447 2569 sensibile
486 2514 635 2568 enim
674 2513 775 2567 vix
812 2510 1110 2583 aliquando
1149 2510 1221 2566 ad
1257 2508 1540 2583 superiora
1578 2509 1774 2576 tendit,

169 2590 441 2660 quoniam
479 2596 533 2643 et
570 2588 755 2642 minus
793 2600 961 2659 quem
997 2588 1319 2659 incorporea
1365 2586 1470 2642 alis
1511 2586 1772 2643 donatur:

278 2728 326 2785 ξ)
350 2727 541 2769 Maxime
564 2730 611 2769 in
631 2727 807 2769 Graeoo.
860 2727 1023 2769 Aaou.
