<?xml version="1.0" encoding="UTF-8"?>
<!DOCTYPE html PUBLIC "-//W3C//DTD XHTML 1.0 Transitional//EN"
    "http://www.w3.org/TR/xhtml1/DTD/xhtml1-transitional.dtd">
<html xmlns="http://www.w3.org/1999/xhtml" xml:lang="en" lang="en">
 <head>
  <title>
</title>
<meta http-equiv="Content-Type" content="text/html;charset=utf-8" />
  <meta name='ocr-system' content='tesseract 3.04.00' />
  <meta name='ocr-capabilities' content='ocr_page ocr_carea ocr_par ocr_line ocrx_word'/>
</head>
<body>
  <div class='ocr_page' id='page_1' title='image "./philonisiudaeio00alejgoog_0539.png"; bbox 0 0 2125 3084; ppageno 0'>
   <div class='ocr_carea' id='block_1_1' title="bbox 338 156 2000 242">
    <p class='ocr_par' dir='ltr' id='par_1_1' title="bbox 338 156 2000 242">
     <span class='ocr_line' id='line_1_1' title="bbox 338 156 2000 242; baseline -0.001 -31"><span class='ocrx_word' id='word_1_1' title='bbox 338 160 405 211; x_wconf 82' lang='grc'><strong>66</strong></span> <span class='ocrx_word' id='word_1_2' title='bbox 796 162 1166 242; x_wconf 43' lang='lat' dir='ltr'><strong>rmnoupls</strong></span> <span class='ocrx_word' id='word_1_3' title='bbox 1205 160 1480 209; x_wconf 59' lang='lat' dir='ltr'><strong>mnam</strong></span> <span class='ocrx_word' id='word_1_4' title='bbox 1769 156 1844 222; x_wconf 88' lang='lat'><strong>[1,</strong></span> <span class='ocrx_word' id='word_1_5' title='bbox 1872 162 2000 227; x_wconf 76' lang='lat' dir='ltr'><strong>63.J</strong></span> 
     </span>
    </p>
   </div>
   <div class='ocr_carea' id='block_1_2' title="bbox 338 261 2000 1767">
    <p class='ocr_par' dir='ltr' id='par_1_2' title="bbox 338 261 2000 1767">
     <span class='ocr_line' id='line_1_2' title="bbox 338 261 2000 335; baseline 0 -14"><span class='ocrx_word' id='word_1_6' title='bbox 338 283 447 321; x_wconf 87' lang='lat' dir='ltr'><strong>non</strong></span> <span class='ocrx_word' id='word_1_7' title='bbox 476 262 638 319; x_wconf 76' lang='lat' dir='ltr'><strong>avet?</strong></span> <span class='ocrx_word' id='word_1_8' title='bbox 698 264 925 321; x_wconf 77' lang='lat' dir='ltr'><strong>Mortale</strong></span> <span class='ocrx_word' id='word_1_9' title='bbox 955 280 1156 335; x_wconf 79' lang='lat' dir='ltr'><strong>eorpus</strong></span> <span class='ocrx_word' id='word_1_10' title='bbox 1183 264 1364 319; x_wconf 87' lang='lat' dir='ltr'><strong>sortiti</strong></span> <span class='ocrx_word' id='word_1_11' title='bbox 1377 304 1391 327; x_wconf 89' lang='lat'>‚</span> <span class='ocrx_word' id='word_1_12' title='bbox 1435 261 1588 333; x_wconf 87' lang='lat' dir='ltr'><strong>pleni</strong></span> <span class='ocrx_word' id='word_1_13' title='bbox 1615 278 1826 319; x_wconf 84' lang='lat' dir='ltr'><strong>sumus</strong></span> <span class='ocrx_word' id='word_1_14' title='bbox 1858 264 2000 321; x_wconf 84' lang='lat' dir='ltr'><strong>hu·-</strong></span> 
     </span>
     <span class='ocr_line' id='line_1_3' title="bbox 340 338 1994 403; baseline 0.001 -8"><span class='ocrx_word' id='word_1_15' title='bbox 340 341 523 395; x_wconf 85' lang='lat' dir='ltr'><strong>manis</strong></span> <span class='ocrx_word' id='word_1_16' title='bbox 552 341 859 403; x_wconf 86' lang='lat' dir='ltr'><strong>aerumnis,</strong></span> <span class='ocrx_word' id='word_1_17' title='bbox 904 348 957 396; x_wconf 86' lang='lat' dir='ltr'><strong>et</strong></span> <span class='ocrx_word' id='word_1_18' title='bbox 986 340 1045 393; x_wconf 89' lang='lat' dir='ltr'><strong>in</strong></span> <span class='ocrx_word' id='word_1_19' title='bbox 1065 348 1214 395; x_wconf 81' lang='lat' dir='ltr'><strong>tanta</strong></span> <span class='ocrx_word' id='word_1_20' title='bbox 1233 338 1596 393; x_wconf 79' lang='lat' dir='ltr'><strong>multitudine</strong></span> <span class='ocrx_word' id='word_1_21' title='bbox 1615 338 1994 397; x_wconf 83' lang='lat' dir='ltr'><strong>iniuriarum</strong></span> 
     </span>
     <span class='ocr_line' id='line_1_4' title="bbox 340 414 1994 485; baseline 0.001 -14"><span class='ocrx_word' id='word_1_22' title='bbox 340 416 616 480; x_wconf 81' lang='lat' dir='ltr'><strong>vivimus,</strong></span> <span class='ocrx_word' id='word_1_23' title='bbox 660 432 897 485; x_wconf 85' lang='lat' dir='ltr'><strong>quarum</strong></span> <span class='ocrx_word' id='word_1_24' title='bbox 924 430 1108 485; x_wconf 88' lang='lat' dir='ltr'><strong>neque</strong></span> <span class='ocrx_word' id='word_1_25' title='bbox 1137 430 1432 469; x_wconf 85' lang='lat' dir='ltr'><strong>numerum</strong></span> <span class='ocrx_word' id='word_1_26' title='bbox 1459 414 1770 485; x_wconf 80' lang='lat' dir='ltr'><strong>comperire</strong></span> <span class='ocrx_word' id='word_1_27' title='bbox 1799 414 1994 473; x_wconf 80' lang='lat' dir='ltr'><strong>facile</strong></span> 
     </span>
     <span class='ocr_line' id='line_1_5' title="bbox 341 488 1987 563; baseline 0 -16"><span class='ocrx_word' id='word_1_28' title='bbox 341 494 435 547; x_wconf 87' lang='lat' dir='ltr'><strong>sit.</strong></span> <span class='ocrx_word' id='word_1_29' title='bbox 512 489 675 557; x_wconf 81' lang='lat' dir='ltr'><strong>Quod</strong></span> <span class='ocrx_word' id='word_1_30' title='bbox 692 491 743 545; x_wconf 84' lang='lat' dir='ltr'><strong>si</strong></span> <span class='ocrx_word' id='word_1_31' title='bbox 760 490 1054 563; x_wconf 81' lang='lat' dir='ltr'><strong>eontigerit</strong></span> <span class='ocrx_word' id='word_1_32' title='bbox 1067 532 1081 553; x_wconf 94' lang='lat'><strong>,</strong></span> <span class='ocrx_word' id='word_1_33' title='bbox 1105 498 1168 545; x_wconf 87' lang='lat' dir='ltr'><strong>ut</strong></span> <span class='ocrx_word' id='word_1_34' title='bbox 1187 488 1455 545; x_wconf 87' lang='lat' dir='ltr'><strong>damnum</strong></span> <span class='ocrx_word' id='word_1_35' title='bbox 1473 489 1709 545; x_wconf 85' lang='lat' dir='ltr'><strong>tulerint</strong></span> <span class='ocrx_word' id='word_1_36' title='bbox 1727 491 1987 547; x_wconf 83' lang='lat' dir='ltr'>insidiis</span> 
     </span>
     <span class='ocr_line' id='line_1_6' title="bbox 340 562 1982 639; baseline -0.001 -16"><span class='ocrx_word' id='word_1_37' title='bbox 340 567 557 623; x_wconf 75' lang='lat' dir='ltr'>obsessi</span> <span class='ocrx_word' id='word_1_38' title='bbox 576 565 751 638; x_wconf 86' lang='lat' dir='ltr'><strong>(iusti)</strong></span> <span class='ocrx_word' id='word_1_39' title='bbox 766 606 781 628; x_wconf 88' lang='lat'><strong>,</strong></span> <span class='ocrx_word' id='word_1_40' title='bbox 816 582 951 621; x_wconf 89' lang='lat' dir='ltr'><strong>num</strong></span> <span class='ocrx_word' id='word_1_41' title='bbox 972 582 1232 619; x_wconf 80' lang='lat' dir='ltr'><strong>accusare</strong></span> <span class='ocrx_word' id='word_1_42' title='bbox 1253 564 1419 619; x_wconf 85' lang='lat' dir='ltr'><strong>liceat</strong></span> <span class='ocrx_word' id='word_1_43' title='bbox 1433 562 1710 636; x_wconf 90' lang='lat' dir='ltr'><strong>(naturam</strong></span> <span class='ocrx_word' id='word_1_44' title='bbox 1731 566 1982 639; x_wconf 84' lang='lat' dir='ltr'><strong>ipsam),</strong></span> 
     </span>
     <span class='ocr_line' id='line_1_7' title="bbox 340 640 1984 714; baseline 0 -17"><span class='ocrx_word' id='word_1_45' title='bbox 340 658 517 714; x_wconf 85' lang='lat' dir='ltr'><strong>quum</strong></span> <span class='ocrx_word' id='word_1_46' title='bbox 556 657 755 711; x_wconf 84' lang='lat' dir='ltr'>nempe</span> <span class='ocrx_word' id='word_1_47' title='bbox 788 648 1063 711; x_wconf 74' lang='lat' dir='ltr'>oporteret</span> <span class='ocrx_word' id='word_1_48' title='bbox 1091 640 1390 695; x_wconf 76' lang='lat' dir='ltr'><strong>iniuriosus</strong></span> <span class='ocrx_word' id='word_1_49' title='bbox 1418 641 1572 710; x_wconf 87' lang='lat' dir='ltr'><strong>ipsos</strong></span> <span class='ocrx_word' id='word_1_50' title='bbox 1597 640 1984 699; x_wconf 75' lang='lat' dir='ltr'><strong>invasionem</strong></span> 
     </span>
     <span class='ocr_line' id='line_1_8' title="bbox 341 713 1978 786; baseline 0.001 -15"><span class='ocrx_word' id='word_1_51' title='bbox 341 716 605 773; x_wconf 76' lang='lat' dir='ltr'><strong>facientes</strong></span> <span class='ocrx_word' id='word_1_52' title='bbox 632 717 947 786; x_wconf 83' lang='lat' dir='ltr'><strong>vituperare</strong></span> <span class='ocrx_word' id='word_1_53' title='bbox 985 724 1041 771; x_wconf 89' lang='lat' dir='ltr'><strong>et</strong></span> <span class='ocrx_word' id='word_1_54' title='bbox 1079 713 1282 770; x_wconf 85' lang='lat' dir='ltr'><strong>malam</strong></span> <span class='ocrx_word' id='word_1_55' title='bbox 1322 715 1510 771; x_wconf 81' lang='lat' dir='ltr'><strong>dicere</strong></span> <span class='ocrx_word' id='word_1_56' title='bbox 1549 716 1978 774; x_wconf 75' lang='lat' dir='ltr'><strong>immanitatem</strong></span> 
     </span>
     <span class='ocr_line' id='line_1_9' title="bbox 340 790 1978 865; baseline 0 -18"><span class='ocrx_word' id='word_1_57' title='bbox 340 790 609 849; x_wconf 70' lang='lat' dir='ltr'><strong>istorum?</strong></span> <span class='ocrx_word' id='word_1_58' title='bbox 644 791 865 845; x_wconf 80' lang='lat' dir='ltr'><strong>Etenim</strong></span> <span class='ocrx_word' id='word_1_59' title='bbox 884 792 935 845; x_wconf 86' lang='lat' dir='ltr'><strong>si</strong></span> <span class='ocrx_word' id='word_1_60' title='bbox 956 791 1015 846; x_wconf 87' lang='lat' dir='ltr'><strong>in</strong></span> <span class='ocrx_word' id='word_1_61' title='bbox 1036 791 1162 845; x_wconf 69' lang='lat' dir='ltr'><strong>aere</strong></span> <span class='ocrx_word' id='word_1_62' title='bbox 1181 790 1420 845; x_wconf 74' lang='lat' dir='ltr'><strong>fuissent</strong></span> <span class='ocrx_word' id='word_1_63' title='bbox 1439 790 1752 865; x_wconf 76' lang='lat' dir='ltr'><strong>pestilenti,</strong></span> <span class='ocrx_word' id='word_1_64' title='bbox 1775 795 1978 849; x_wconf 87' lang='lat' dir='ltr'><strong>omni-</strong></span> 
     </span>
     <span class='ocr_line' id='line_1_10' title="bbox 340 865 1976 937; baseline -0.001 -13"><span class='ocrx_word' id='word_1_65' title='bbox 340 885 412 924; x_wconf 90' lang='lat' dir='ltr'><strong>no</strong></span> <span class='ocrx_word' id='word_1_66' title='bbox 438 884 665 923; x_wconf 82' lang='lat' dir='ltr'><strong>neeesse</strong></span> <span class='ocrx_word' id='word_1_67' title='bbox 694 874 811 921; x_wconf 84' lang='lat' dir='ltr'><strong>erat</strong></span> <span class='ocrx_word' id='word_1_68' title='bbox 824 907 837 931; x_wconf 87' lang='grc'>,</span> <span class='ocrx_word' id='word_1_69' title='bbox 882 872 943 921; x_wconf 86' lang='lat' dir='ltr'><strong>ut</strong></span> <span class='ocrx_word' id='word_1_70' title='bbox 970 865 1162 929; x_wconf 83' lang='lat' dir='ltr'><strong>morbo</strong></span> <span class='ocrx_word' id='word_1_71' title='bbox 1191 865 1559 921; x_wconf 76' lang='lat' dir='ltr'><strong>laborassent:</strong></span> <span class='ocrx_word' id='word_1_72' title='bbox 1637 868 1800 937; x_wconf 87' lang='lat' dir='ltr'><strong>atqui</strong></span> <span class='ocrx_word' id='word_1_73' title='bbox 1831 886 1976 923; x_wconf 83' lang='lat' dir='ltr'><strong>eon-</strong></span> 
     </span>
     <span class='ocr_line' id='line_1_11' title="bbox 340 940 1967 1013; baseline 0.001 -15"><span class='ocrx_word' id='word_1_74' title='bbox 340 944 551 998; x_wconf 88' lang='lat' dir='ltr'><strong>ditione</strong></span> <span class='ocrx_word' id='word_1_75' title='bbox 590 958 723 999; x_wconf 88' lang='lat' dir='ltr'><strong>sane</strong></span> <span class='ocrx_word' id='word_1_76' title='bbox 760 942 900 997; x_wconf 76' lang='lat' dir='ltr'><strong>a‘eri&#39;s</strong></span> <span class='ocrx_word' id='word_1_77' title='bbox 938 940 1204 1013; x_wconf 77' lang='lat' dir='ltr'><strong>pestifera</strong></span> <span class='ocrx_word' id='word_1_78' title='bbox 1239 941 1424 997; x_wconf 84' lang='lat' dir='ltr'><strong>adhuc</strong></span> <span class='ocrx_word' id='word_1_79' title='bbox 1459 940 1798 997; x_wconf 74' lang='lat' dir='ltr'><strong>deteriorem</strong></span> <span class='ocrx_word' id='word_1_80' title='bbox 1841 961 1967 999; x_wconf 80' lang='grc' dir='ltr'>σοι·-</span> 
     </span>
     <span class='ocr_line' id='line_1_12' title="bbox 339 1015 1963 1091; baseline -0.001 -16"><span class='ocrx_word' id='word_1_81' title='bbox 339 1020 653 1091; x_wconf 85' lang='lat' dir='ltr'><strong>ruptionem</strong></span> <span class='ocrx_word' id='word_1_82' title='bbox 672 1018 931 1089; x_wconf 85' lang='lat' dir='ltr'><strong>importat</strong></span> <span class='ocrx_word' id='word_1_83' title='bbox 954 1016 1186 1071; x_wconf 85' lang='lat' dir='ltr'><strong>malitia.</strong></span> <span class='ocrx_word' id='word_1_84' title='bbox 1227 1015 1710 1082; x_wconf 74' lang='lat' dir='ltr'><strong>Quemadmodum</strong></span> <span class='ocrx_word' id='word_1_85' title='bbox 1729 1019 1963 1089; x_wconf 88' lang='lat' dir='ltr'><strong>qnando</strong></span> 
     </span>
     <span class='ocr_line' id='line_1_13' title="bbox 340 1091 1958 1169; baseline 0 -20"><span class='ocrx_word' id='word_1_86' title='bbox 340 1095 513 1166; x_wconf 86' lang='lat' dir='ltr'><strong>pluit,</strong></span> <span class='ocrx_word' id='word_1_87' title='bbox 556 1110 783 1169; x_wconf 74' lang='lat' dir='ltr'><strong>neeesse</strong></span> <span class='ocrx_word' id='word_1_88' title='bbox 810 1100 895 1147; x_wconf 87' lang='lat' dir='ltr'><strong>est</strong></span> <span class='ocrx_word' id='word_1_89' title='bbox 919 1093 1255 1163; x_wconf 77' lang='lat' dir='ltr'><strong>sapientem,</strong></span> <span class='ocrx_word' id='word_1_90' title='bbox 1298 1093 1350 1147; x_wconf 88' lang='lat' dir='ltr'><strong>si</strong></span> <span class='ocrx_word' id='word_1_91' title='bbox 1370 1092 1477 1147; x_wconf 88' lang='lat' dir='ltr'><strong>sub</strong></span> <span class='ocrx_word' id='word_1_92' title='bbox 1497 1091 1594 1147; x_wconf 90' lang='lat' dir='ltr'><strong>dio</strong></span> <span class='ocrx_word' id='word_1_93' title='bbox 1612 1094 1958 1159; x_wconf 75' lang='lat' dir='ltr'><strong>versabitur,</strong></span> 
     </span>
     <span class='ocr_line' id='line_1_14' title="bbox 340 1166 1963 1241; baseline 0.001 -19"><span class='ocrx_word' id='word_1_94' title='bbox 340 1169 550 1231; x_wconf 83' lang='lat' dir='ltr'><strong>imbui,</strong></span> <span class='ocrx_word' id='word_1_95' title='bbox 580 1176 675 1223; x_wconf 88' lang='lat' dir='ltr'><strong>aut</strong></span> <span class='ocrx_word' id='word_1_96' title='bbox 694 1169 745 1222; x_wconf 88' lang='lat' dir='ltr'><strong>si</strong></span> <span class='ocrx_word' id='word_1_97' title='bbox 764 1170 857 1223; x_wconf 64' lang='lat' dir='ltr'><strong>aer</strong></span> <span class='ocrx_word' id='word_1_98' title='bbox 874 1168 1116 1223; x_wconf 86' lang='lat' dir='ltr'><strong>borealis</strong></span> <span class='ocrx_word' id='word_1_99' title='bbox 1135 1166 1378 1239; x_wconf 82' lang='lat' dir='ltr'><strong>frigidus</strong></span> <span class='ocrx_word' id='word_1_100' title='bbox 1397 1168 1590 1239; x_wconf 83' lang='lat' dir='ltr'><strong>spiret,</strong></span> <span class='ocrx_word' id='word_1_101' title='bbox 1614 1166 1828 1241; x_wconf 82' lang='lat' dir='ltr'><strong>frigore</strong></span> <span class='ocrx_word' id='word_1_102' title='bbox 1849 1179 1963 1225; x_wconf 91' lang='lat' dir='ltr'><strong>tre-</strong></span> 
     </span>
     <span class='ocr_line' id='line_1_15' title="bbox 340 1240 1958 1317; baseline 0.002 -20"><span class='ocrx_word' id='word_1_103' title='bbox 340 1259 519 1306; x_wconf 84' lang='lat' dir='ltr'><strong>mere,</strong></span> <span class='ocrx_word' id='word_1_104' title='bbox 564 1240 641 1317; x_wconf 76' lang='lat'><strong>[*]</strong></span> <span class='ocrx_word' id='word_1_105' title='bbox 682 1242 933 1297; x_wconf 82' lang='lat' dir='ltr'><strong>contrahi</strong></span> <span class='ocrx_word' id='word_1_106' title='bbox 972 1260 1037 1297; x_wconf 87' lang='lat' dir='ltr'><strong>ae</strong></span> <span class='ocrx_word' id='word_1_107' title='bbox 1077 1242 1264 1316; x_wconf 79' lang='lat' dir='ltr'><strong>algore</strong></span> <span class='ocrx_word' id='word_1_108' title='bbox 1303 1243 1512 1315; x_wconf 81' lang='lat' dir='ltr'><strong>rigere,</strong></span> <span class='ocrx_word' id='word_1_109' title='bbox 1573 1252 1786 1299; x_wconf 84' lang='lat' dir='ltr'><strong>aestate</strong></span> <span class='ocrx_word' id='word_1_110' title='bbox 1827 1262 1958 1300; x_wconf 84' lang='lat' dir='ltr'><strong>vero</strong></span> 
     </span>
     <span class='ocr_line' id='line_1_16' title="bbox 340 1317 1956 1388; baseline 0.001 -17"><span class='ocrx_word' id='word_1_111' title='bbox 340 1318 767 1388; x_wconf 82' lang='lat' dir='ltr'><strong>superveniente</strong></span> <span class='ocrx_word' id='word_1_112' title='bbox 804 1326 1053 1372; x_wconf 78' lang='lat' dir='ltr'><strong>aestuare</strong></span> <span class='ocrx_word' id='word_1_113' title='bbox 1091 1348 1168 1359; x_wconf 93' lang='lat'><strong>—</strong></span> <span class='ocrx_word' id='word_1_114' title='bbox 1201 1317 1512 1373; x_wconf 83' lang='lat' dir='ltr'><strong>secundum</strong></span> <span class='ocrx_word' id='word_1_115' title='bbox 1549 1318 1704 1373; x_wconf 87' lang='lat' dir='ltr'><strong>enim</strong></span> <span class='ocrx_word' id='word_1_116' title='bbox 1743 1338 1956 1375; x_wconf 86' lang='lat' dir='ltr'><strong>annuas</strong></span> 
     </span>
     <span class='ocr_line' id='line_1_17' title="bbox 342 1392 1958 1465; baseline 0.001 -18"><span class='ocrx_word' id='word_1_117' title='bbox 342 1392 673 1447; x_wconf 85' lang='lat' dir='ltr'><strong>mutationes</strong></span> <span class='ocrx_word' id='word_1_118' title='bbox 710 1409 911 1464; x_wconf 81' lang='lat' dir='ltr'><strong>eorpus</strong></span> <span class='ocrx_word' id='word_1_119' title='bbox 960 1394 1130 1449; x_wconf 88' lang='lat' dir='ltr'><strong>simul</strong></span> <span class='ocrx_word' id='word_1_120' title='bbox 1179 1394 1296 1465; x_wconf 87' lang='lat' dir='ltr'><strong>pati</strong></span> <span class='ocrx_word' id='word_1_121' title='bbox 1343 1393 1670 1449; x_wconf 82' lang='lat' dir='ltr'><strong>naturaliter</strong></span> <span class='ocrx_word' id='word_1_122' title='bbox 1717 1412 1958 1449; x_wconf 84' lang='lat' dir='ltr'><strong>eonsue-</strong></span> 
     </span>
     <span class='ocr_line' id='line_1_18' title="bbox 338 1466 1958 1543; baseline 0.003 -22"><span class='ocrx_word' id='word_1_123' title='bbox 338 1468 425 1521; x_wconf 77' lang='lat' dir='ltr'><strong>vit</strong></span> <span class='ocrx_word' id='word_1_124' title='bbox 450 1496 551 1530; x_wconf 84' lang='lat'><strong>-·,</strong></span> <span class='ocrx_word' id='word_1_125' title='bbox 596 1466 793 1521; x_wconf 86' lang='lat' dir='ltr'><strong>eodem</strong></span> <span class='ocrx_word' id='word_1_126' title='bbox 820 1466 1011 1533; x_wconf 87' lang='lat' dir='ltr'><strong>modo,</strong></span> <span class='ocrx_word' id='word_1_127' title='bbox 1050 1470 1152 1539; x_wconf 89' lang='lat' dir='ltr'><strong>qui</strong></span> <span class='ocrx_word' id='word_1_128' title='bbox 1182 1470 1242 1523; x_wconf 89' lang='lat' dir='ltr'><strong>in</strong></span> <span class='ocrx_word' id='word_1_129' title='bbox 1273 1468 1596 1524; x_wconf 86' lang='lat' dir='ltr'><strong>huiusmodi</strong></span> <span class='ocrx_word' id='word_1_130' title='bbox 1629 1469 1771 1543; x_wconf 57' lang='lat' dir='ltr'><strong>loeis</strong></span> <span class='ocrx_word' id='word_1_131' title='bbox 1792 1470 1958 1526; x_wconf 86' lang='lat' dir='ltr'><strong>habi-</strong></span> 
     </span>
     <span class='ocr_line' id='line_1_19' title="bbox 340 1541 1956 1617; baseline 0 -18"><span class='ocrx_word' id='word_1_132' title='bbox 340 1550 457 1599; x_wconf 81' lang='lat' dir='ltr'><strong>tant</strong></span> <span class='ocrx_word' id='word_1_133' title='bbox 469 1583 483 1607; x_wconf 92' lang='lat'><strong>,</strong></span> <span class='ocrx_word' id='word_1_134' title='bbox 514 1541 619 1597; x_wconf 90' lang='lat' dir='ltr'><strong>ubi</strong></span> <span class='ocrx_word' id='word_1_135' title='bbox 638 1542 837 1597; x_wconf 84' lang='lat' dir='ltr'><strong>caedes</strong></span> <span class='ocrx_word' id='word_1_136' title='bbox 854 1542 1112 1615; x_wconf 87' lang='lat' dir='ltr'><strong>aliaeque</strong></span> <span class='ocrx_word' id='word_1_137' title='bbox 1131 1544 1452 1617; x_wconf 67' lang='lat' dir='ltr'><strong>huiusmodi</strong></span> <span class='ocrx_word' id='word_1_138' title='bbox 1473 1560 1680 1615; x_wconf 82' lang='lat' dir='ltr'><strong>pravae</strong></span> <span class='ocrx_word' id='word_1_139' title='bbox 1701 1548 1956 1617; x_wconf 81' lang='lat' dir='ltr'><strong>gentium</strong></span> 
     </span>
     <span class='ocr_line' id='line_1_20' title="bbox 342 1617 1954 1691; baseline 0.002 -18"><span class='ocrx_word' id='word_1_140' title='bbox 342 1617 773 1673; x_wconf 81' lang='lat' dir='ltr'><strong>eonsuetudines</strong></span> <span class='ocrx_word' id='word_1_141' title='bbox 801 1618 1023 1691; x_wconf 80' lang='lat' dir='ltr'><strong>vigent,</strong></span> <span class='ocrx_word' id='word_1_142' title='bbox 1067 1619 1130 1673; x_wconf 88' lang='lat' dir='ltr'><strong>in</strong></span> <span class='ocrx_word' id='word_1_143' title='bbox 1157 1636 1218 1673; x_wconf 85' lang='lat' dir='ltr'><strong>se</strong></span> <span class='ocrx_word' id='word_1_144' title='bbox 1245 1620 1494 1691; x_wconf 80' lang='lat' dir='ltr'><strong>recipere</strong></span> <span class='ocrx_word' id='word_1_145' title='bbox 1521 1620 1850 1677; x_wconf 88' lang='lat' dir='ltr'><strong>istiusmodi</strong></span> <span class='ocrx_word' id='word_1_146' title='bbox 1867 1639 1954 1677; x_wconf 87' lang='lat' dir='ltr'><strong>re-</strong></span> 
     </span>
     <span class='ocr_line' id='line_1_21' title="bbox 340 1702 1059 1767; baseline -0.004 -17"><span class='ocrx_word' id='word_1_147' title='bbox 340 1712 463 1751; x_wconf 89' lang='lat' dir='ltr'><strong>rum</strong></span> <span class='ocrx_word' id='word_1_148' title='bbox 484 1710 691 1767; x_wconf 85' lang='lat' dir='ltr'><strong>poenas</strong></span> <span class='ocrx_word' id='word_1_149' title='bbox 710 1710 934 1748; x_wconf 87' lang='lat' dir='ltr'><strong>necesse</strong></span> <span class='ocrx_word' id='word_1_150' title='bbox 956 1702 1059 1749; x_wconf 90' lang='lat' dir='ltr'><strong>est.</strong></span> 
     </span>
    </p>
   </div>
   <div class='ocr_carea' id='block_1_3' title="bbox 339 1785 1948 2311">
    <p class='ocr_par' dir='ltr' id='par_1_3' title="bbox 339 1785 1948 2311">
     <span class='ocr_line' id='line_1_22' title="bbox 374 1785 1948 1860; baseline -0.001 -17"><span class='ocrx_word' id='word_1_151' title='bbox 374 1790 381 1797; x_wconf 86' lang='grc'><em>’</em></span> <span class='ocrx_word' id='word_1_152' title='bbox 453 1791 540 1843; x_wconf 79' lang='lat'><strong>25.</strong></span> <span class='ocrx_word' id='word_1_153' title='bbox 588 1786 917 1843; x_wconf 87' lang='lat' dir='ltr'><strong>Nullatenus</strong></span> <span class='ocrx_word' id='word_1_154' title='bbox 938 1803 1069 1860; x_wconf 83' lang='lat' dir='ltr'><strong>ergo</strong></span> <span class='ocrx_word' id='word_1_155' title='bbox 1089 1786 1248 1841; x_wconf 87' lang='lat' dir='ltr'><strong>decet</strong></span> <span class='ocrx_word' id='word_1_156' title='bbox 1267 1802 1361 1841; x_wconf 89' lang='lat' dir='ltr'><strong>eos</strong></span> <span class='ocrx_word' id='word_1_157' title='bbox 1383 1785 1575 1841; x_wconf 83' lang='lat' dir='ltr'><strong>felices</strong></span> <span class='ocrx_word' id='word_1_158' title='bbox 1595 1796 1793 1859; x_wconf 88' lang='lat' dir='ltr'><strong>putare</strong></span> <span class='ocrx_word' id='word_1_159' title='bbox 1809 1828 1822 1853; x_wconf 88' lang='lat'><strong>‚</strong></span> <span class='ocrx_word' id='word_1_160' title='bbox 1853 1789 1948 1859; x_wconf 88' lang='lat' dir='ltr'><strong>qui</strong></span> 
     </span>
     <span class='ocr_line' id='line_1_23' title="bbox 339 1860 1947 1937; baseline -0.001 -19"><span class='ocrx_word' id='word_1_161' title='bbox 339 1864 508 1937; x_wconf 85' lang='lat' dir='ltr'><strong>paulo</strong></span> <span class='ocrx_word' id='word_1_162' title='bbox 529 1872 653 1919; x_wconf 83' lang='lat' dir='ltr'><strong>ante</strong></span> <span class='ocrx_word' id='word_1_163' title='bbox 676 1864 959 1918; x_wconf 87' lang='lat' dir='ltr'><strong>memorati</strong></span> <span class='ocrx_word' id='word_1_164' title='bbox 988 1872 1120 1918; x_wconf 87' lang='lat' dir='ltr'><strong>sunt</strong></span> <span class='ocrx_word' id='word_1_165' title='bbox 1148 1862 1435 1936; x_wconf 77' lang='lat' dir='ltr'><strong>(tyranni),</strong></span> <span class='ocrx_word' id='word_1_166' title='bbox 1479 1863 1586 1916; x_wconf 87' lang='lat' dir='ltr'><strong>etsi</strong></span> <span class='ocrx_word' id='word_1_167' title='bbox 1617 1860 1838 1919; x_wconf 76' lang='lat' dir='ltr'><strong>fortuna</strong></span> <span class='ocrx_word' id='word_1_168' title='bbox 1864 1865 1947 1917; x_wconf 89' lang='lat' dir='ltr'><strong>iu—</strong></span> 
     </span>
     <span class='ocr_line' id='line_1_24' title="bbox 342 1936 1944 2011; baseline -0.001 -18"><span class='ocrx_word' id='word_1_169' title='bbox 342 1956 471 1995; x_wconf 74' lang='lat' dir='ltr'><strong>vare</strong></span> <span class='ocrx_word' id='word_1_170' title='bbox 494 1956 587 1994; x_wconf 89' lang='lat' dir='ltr'><strong>eos</strong></span> <span class='ocrx_word' id='word_1_171' title='bbox 608 1938 885 1995; x_wconf 86' lang='lat' dir='ltr'><strong>videatur.</strong></span> <span class='ocrx_word' id='word_1_172' title='bbox 963 1938 1275 2011; x_wconf 81' lang='lat' dir='ltr'><strong>Polycrates</strong></span> <span class='ocrx_word' id='word_1_173' title='bbox 1287 1936 1340 2010; x_wconf 80' lang='lat'><strong>*)</strong></span> <span class='ocrx_word' id='word_1_174' title='bbox 1355 1978 1368 2002; x_wconf 91' lang='lat'><strong>,</strong></span> <span class='ocrx_word' id='word_1_175' title='bbox 1411 1936 1688 2010; x_wconf 82' lang='lat' dir='ltr'><strong>condigne</strong></span> <span class='ocrx_word' id='word_1_176' title='bbox 1715 1940 1790 1993; x_wconf 89' lang='lat' dir='ltr'><strong>iis</strong></span> <span class='ocrx_word' id='word_1_177' title='bbox 1812 1956 1944 2011; x_wconf 86' lang='lat' dir='ltr'><strong>quae</strong></span> 
     </span>
     <span class='ocr_line' id='line_1_25' title="bbox 340 2013 1945 2085; baseline -0.001 -16"><span class='ocrx_word' id='word_1_178' title='bbox 340 2022 651 2085; x_wconf 85' lang='lat' dir='ltr'><strong>patraverat</strong></span> <span class='ocrx_word' id='word_1_179' title='bbox 670 2016 863 2085; x_wconf 87' lang='lat' dir='ltr'><strong>inique</strong></span> <span class='ocrx_word' id='word_1_180' title='bbox 884 2013 1168 2084; x_wconf 86' lang='lat' dir='ltr'><strong>impieque</strong></span> <span class='ocrx_word' id='word_1_181' title='bbox 1187 2020 1248 2066; x_wconf 87' lang='lat' dir='ltr'><strong>ut</strong></span> <span class='ocrx_word' id='word_1_182' title='bbox 1267 2030 1458 2068; x_wconf 87' lang='lat' dir='ltr'><strong>eorum</strong></span> <span class='ocrx_word' id='word_1_183' title='bbox 1477 2022 1758 2084; x_wconf 88' lang='lat' dir='ltr'><strong>promotor</strong></span> <span class='ocrx_word' id='word_1_184' title='bbox 1779 2024 1833 2071; x_wconf 90' lang='lat' dir='ltr'><strong>et</strong></span> <span class='ocrx_word' id='word_1_185' title='bbox 1852 2031 1945 2068; x_wconf 88' lang='lat' dir='ltr'><strong>au—</strong></span> 
     </span>
     <span class='ocr_line' id='line_1_26' title="bbox 342 2087 1942 2160; baseline -0.001 -15"><span class='ocrx_word' id='word_1_186' title='bbox 342 2098 457 2145; x_wconf 83' lang='lat' dir='ltr'><strong>ctor</strong></span> <span class='ocrx_word' id='word_1_187' title='bbox 471 2130 483 2150; x_wconf 87' lang='lat'><strong>.</strong></span> <span class='ocrx_word' id='word_1_188' title='bbox 528 2090 755 2145; x_wconf 87' lang='lat' dir='ltr'><strong>sortitus</strong></span> <span class='ocrx_word' id='word_1_189' title='bbox 777 2098 859 2143; x_wconf 86' lang='lat' dir='ltr'><strong>est</strong></span> <span class='ocrx_word' id='word_1_190' title='bbox 880 2088 1169 2143; x_wconf 89' lang='lat' dir='ltr'><strong>deterioris</strong></span> <span class='ocrx_word' id='word_1_191' title='bbox 1188 2089 1336 2143; x_wconf 85' lang='lat' dir='ltr'><strong>vitae</strong></span> <span class='ocrx_word' id='word_1_192' title='bbox 1356 2087 1754 2153; x_wconf 78' lang='lat' dir='ltr'><strong>infortunium,</strong></span> <span class='ocrx_word' id='word_1_193' title='bbox 1789 2097 1942 2160; x_wconf 85' lang='lat' dir='ltr'><strong>atque</strong></span> 
     </span>
     <span class='ocr_line' id='line_1_27' title="bbox 342 2162 1944 2241; baseline 0 -22"><span class='ocrx_word' id='word_1_194' title='bbox 342 2165 501 2219; x_wconf 89' lang='lat' dir='ltr'><strong>iussu</strong></span> <span class='ocrx_word' id='word_1_195' title='bbox 528 2166 717 2237; x_wconf 79' lang='lat' dir='ltr'><strong>magni</strong></span> <span class='ocrx_word' id='word_1_196' title='bbox 746 2166 896 2236; x_wconf 81' lang='lat' dir='ltr'><strong>regis</strong></span> <span class='ocrx_word' id='word_1_197' title='bbox 926 2162 1027 2219; x_wconf 90' lang='lat' dir='ltr'><strong>diu</strong></span> <span class='ocrx_word' id='word_1_198' title='bbox 1059 2171 1232 2219; x_wconf 86' lang='lat' dir='ltr'><strong>tortus</strong></span> <span class='ocrx_word' id='word_1_199' title='bbox 1260 2172 1314 2217; x_wconf 91' lang='lat' dir='ltr'><strong>et</strong></span> <span class='ocrx_word' id='word_1_200' title='bbox 1345 2163 1520 2218; x_wconf 87' lang='lat' dir='ltr'><strong>clavis</strong></span> <span class='ocrx_word' id='word_1_201' title='bbox 1549 2164 1806 2241; x_wconf 74' lang='lat' dir='ltr'><strong>confixus</strong></span> <span class='ocrx_word' id='word_1_202' title='bbox 1826 2182 1944 2220; x_wconf 89' lang='lat' dir='ltr'><strong>cru-</strong></span> 
     </span>
     <span class='ocr_line' id='line_1_28' title="bbox 340 2238 1943 2311; baseline -0.001 -17"><span class='ocrx_word' id='word_1_203' title='bbox 340 2239 541 2295; x_wconf 87' lang='lat' dir='ltr'><strong>deliter</strong></span> <span class='ocrx_word' id='word_1_204' title='bbox 584 2247 997 2295; x_wconf 83' lang='lat' dir='ltr'><strong>consummatus</strong></span> <span class='ocrx_word' id='word_1_205' title='bbox 1038 2247 1141 2294; x_wconf 85' lang='lat' dir='ltr'><strong>est.</strong></span> <span class='ocrx_word' id='word_1_206' title='bbox 1230 2238 1330 2295; x_wconf 87' lang='lat' dir='ltr'><strong>Illa</strong></span> <span class='ocrx_word' id='word_1_207' title='bbox 1371 2256 1502 2309; x_wconf 87' lang='lat' dir='ltr'><strong>vero</strong></span> <span class='ocrx_word' id='word_1_208' title='bbox 1533 2238 1943 2311; x_wconf 78' lang='lat' dir='ltr'><strong>(phantasmata</strong></span> 
     </span>
    </p>
   </div>
   <div class='ocr_carea' id='block_1_4' title="bbox 340 2412 1944 2665">
    <p class='ocr_par' dir='ltr' id='par_1_4' title="bbox 340 2412 1944 2665">
     <span class='ocr_line' id='line_1_29' title="bbox 442 2412 1944 2460; baseline -0.001 -7"><span class='ocrx_word' id='word_1_209' title='bbox 442 2416 485 2460; x_wconf 73' lang='lat'><strong>⁸¹)</strong></span> <span class='ocrx_word' id='word_1_210' title='bbox 518 2416 653 2453; x_wconf 72' lang='lat' dir='ltr'><strong>Linea</strong></span> <span class='ocrx_word' id='word_1_211' title='bbox 672 2424 759 2453; x_wconf 81' lang='lat' dir='ltr'><strong>nna</strong></span> <span class='ocrx_word' id='word_1_212' title='bbox 783 2414 854 2453; x_wconf 77' lang='lat' dir='ltr'><strong>vel</strong></span> <span class='ocrx_word' id='word_1_213' title='bbox 879 2415 1015 2454; x_wconf 79' lang='lat' dir='ltr'><strong>altera</strong></span> <span class='ocrx_word' id='word_1_214' title='bbox 1036 2414 1306 2453; x_wconf 81' lang='lat' dir='ltr'><strong>desideratur</strong></span> <span class='ocrx_word' id='word_1_215' title='bbox 1329 2413 1374 2453; x_wconf 81' lang='lat' dir='ltr'><strong>in</strong></span> <span class='ocrx_word' id='word_1_216' title='bbox 1399 2412 1473 2451; x_wconf 82' lang='lat' dir='ltr'><strong>Gr.</strong></span> <span class='ocrx_word' id='word_1_217' title='bbox 1496 2414 1670 2453; x_wconf 61' lang='lat' dir='ltr'><strong>aewiee</strong></span> <span class='ocrx_word' id='word_1_218' title='bbox 1687 2424 1816 2453; x_wconf 78' lang='lat' dir='ltr'><strong>versa</strong></span> <span class='ocrx_word' id='word_1_219' title='bbox 1829 2414 1944 2453; x_wconf 74' lang='lat' dir='ltr'><strong>deest</strong></span> 
     </span>
     <span class='ocr_line' id='line_1_30' title="bbox 342 2462 1944 2514; baseline 0.001 -14"><span class='ocrx_word' id='word_1_220' title='bbox 342 2465 386 2501; x_wconf 85' lang='lat' dir='ltr'><strong>ln</strong></span> <span class='ocrx_word' id='word_1_221' title='bbox 418 2464 539 2503; x_wconf 82' lang='lat' dir='ltr'><strong>Arm.</strong></span> <span class='ocrx_word' id='word_1_222' title='bbox 576 2476 731 2504; x_wconf 89' lang='lat' dir='ltr'><strong>nomen</strong></span> <span class='ocrx_word' id='word_1_223' title='bbox 758 2466 995 2514; x_wconf 66' lang='lat' dir='ltr'><strong>Polycrates</strong></span> <span class='ocrx_word' id='word_1_224' title='bbox 1024 2466 1248 2512; x_wconf 67' lang='lat' dir='ltr'><strong>explicite:</strong></span> <span class='ocrx_word' id='word_1_225' title='bbox 1301 2474 1471 2513; x_wconf 82' lang='lat' dir='ltr'><strong>vereor,</strong></span> <span class='ocrx_word' id='word_1_226' title='bbox 1505 2475 1561 2503; x_wconf 88' lang='lat' dir='ltr'><strong>ne</strong></span> <span class='ocrx_word' id='word_1_227' title='bbox 1587 2475 1666 2513; x_wconf 84' lang='lat' dir='ltr'><strong>pro</strong></span> <span class='ocrx_word' id='word_1_228' title='bbox 1694 2466 1782 2505; x_wconf 66' lang='grc' dir='ltr'><strong>ἐπεὶ</strong></span> <span class='ocrx_word' id='word_1_229' title='bbox 1807 2462 1944 2505; x_wconf 65' lang='lat' dir='ltr'><strong>Helv-</strong></span> 
     </span>
     <span class='ocr_line' id='line_1_31' title="bbox 341 2510 1942 2565; baseline 0.004 -18"><span class='ocrx_word' id='word_1_230' title='bbox 341 2510 477 2561; x_wconf 66' lang='grc' dir='ltr'><strong>κράτει</strong></span> <span class='ocrx_word' id='word_1_231' title='bbox 512 2527 555 2561; x_wconf 73' lang='grc' dir='ltr'><strong>γε</strong></span> <span class='ocrx_word' id='word_1_232' title='bbox 587 2516 787 2553; x_wconf 76' lang='lat' dir='ltr'><strong>habuerit</strong></span> <span class='ocrx_word' id='word_1_233' title='bbox 819 2516 863 2553; x_wconf 90' lang='lat' dir='ltr'><strong>ln</strong></span> <span class='ocrx_word' id='word_1_234' title='bbox 896 2516 1163 2563; x_wconf 70' lang='lat' dir='ltr'><strong>autographo</strong></span> <span class='ocrx_word' id='word_1_235' title='bbox 1197 2524 1298 2552; x_wconf 86' lang='lat' dir='ltr'><strong>suo:</strong></span> <span class='ocrx_word' id='word_1_236' title='bbox 1361 2514 1448 2552; x_wconf 66' lang='grc' dir='ltr'><strong>ἐπεὶ</strong></span> <span class='ocrx_word' id='word_1_237' title='bbox 1481 2510 1588 2553; x_wconf 76' lang='grc' dir='ltr'><strong><em>πολὺ</em></strong></span> <span class='ocrx_word' id='word_1_238' title='bbox 1621 2512 1763 2565; x_wconf 68' lang='grc' dir='ltr'><em>κράτει</em></span> <span class='ocrx_word' id='word_1_239' title='bbox 1796 2528 1856 2563; x_wconf 74' lang='grc' dir='ltr'><strong>γε,</strong></span> <span class='ocrx_word' id='word_1_240' title='bbox 1899 2518 1942 2553; x_wconf 87' lang='lat' dir='ltr'><strong>et</strong></span> 
     </span>
     <span class='ocr_line' id='line_1_32' title="bbox 341 2566 1939 2613; baseline 0.004 -17"><span class='ocrx_word' id='word_1_241' title='bbox 341 2568 649 2608; x_wconf 83' lang='lat' dir='ltr'><strong>consequenter</strong></span> <span class='ocrx_word' id='word_1_242' title='bbox 682 2566 933 2604; x_wconf 81' lang='lat' dir='ltr'><strong>reddiderit:</strong></span> <span class='ocrx_word' id='word_1_243' title='bbox 980 2575 1063 2613; x_wconf 79' lang='lat' dir='ltr'><strong>per</strong></span> <span class='ocrx_word' id='word_1_244' title='bbox 1095 2566 1267 2603; x_wconf 78' lang='lat' dir='ltr'><strong>multum</strong></span> <span class='ocrx_word' id='word_1_245' title='bbox 1296 2566 1489 2613; x_wconf 69' lang='lat' dir='ltr'><strong>temporis</strong></span> <span class='ocrx_word' id='word_1_246' title='bbox 1521 2569 1642 2604; x_wconf 73' lang='lat' dir='ltr'><strong>tenet.</strong></span> <span class='ocrx_word' id='word_1_247' title='bbox 1697 2566 1939 2612; x_wconf 84' lang='lat' dir='ltr'><strong>Fatendum,</strong></span> 
     </span>
     <span class='ocr_line' id='line_1_33' title="bbox 340 2610 1942 2665; baseline 0.007 -21"><span class='ocrx_word' id='word_1_248' title='bbox 340 2610 453 2655; x_wconf 84' lang='lat' dir='ltr'><strong>quod</strong></span> <span class='ocrx_word' id='word_1_249' title='bbox 480 2613 609 2665; x_wconf 47' lang='lat' dir='ltr'><strong>etlam</strong></span> <span class='ocrx_word' id='word_1_250' title='bbox 636 2617 859 2662; x_wconf 66' lang='lat' dir='ltr'><strong>sequentia</strong></span> <span class='ocrx_word' id='word_1_251' title='bbox 884 2618 928 2655; x_wconf 84' lang='lat' dir='ltr'><strong>in</strong></span> <span class='ocrx_word' id='word_1_252' title='bbox 954 2618 1100 2653; x_wconf 78' lang='lat' dir='ltr'><strong>nostra</strong></span> <span class='ocrx_word' id='word_1_253' title='bbox 1125 2616 1310 2655; x_wconf 83' lang='lat' dir='ltr'><strong>lectione</strong></span> <span class='ocrx_word' id='word_1_254' title='bbox 1337 2617 1646 2655; x_wconf 76' lang='lat' dir='ltr'><strong>obscuritatem</strong></span> <span class='ocrx_word' id='word_1_255' title='bbox 1671 2627 1776 2665; x_wconf 80' lang='lat' dir='ltr'><strong>prae</strong></span> <span class='ocrx_word' id='word_1_256' title='bbox 1808 2626 1851 2656; x_wconf 74' lang='lat' dir='ltr'><strong>se</strong></span> <span class='ocrx_word' id='word_1_257' title='bbox 1883 2618 1942 2655; x_wconf 74' lang='lat' dir='ltr'><strong>te-</strong></span> 
     </span>
    </p>
   </div>
   <div class='ocr_carea' id='block_1_5' title="bbox 338 2660 1942 2754">
    <p class='ocr_par' dir='ltr' id='par_1_5' title="bbox 338 2660 1942 2754">
     <span class='ocr_line' id='line_1_34' title="bbox 339 2660 1942 2717; baseline 0.007 -21"><span class='ocrx_word' id='word_1_258' title='bbox 339 2660 460 2717; x_wconf 62' lang='lat' dir='ltr'><strong>rent,</strong></span> <span class='ocrx_word' id='word_1_259' title='bbox 490 2668 599 2705; x_wconf 78' lang='lat' dir='ltr'><strong>quaa</strong></span> <span class='ocrx_word' id='word_1_260' title='bbox 622 2665 935 2709; x_wconf 78' lang='lat' dir='ltr'><strong>quodammodo</strong></span> <span class='ocrx_word' id='word_1_261' title='bbox 962 2676 1018 2704; x_wconf 82' lang='lat' dir='ltr'><strong>ex</strong></span> <span class='ocrx_word' id='word_1_262' title='bbox 1050 2666 1257 2706; x_wconf 79' lang='lat' dir='ltr'><strong>hodierno</strong></span> <span class='ocrx_word' id='word_1_263' title='bbox 1279 2667 1442 2707; x_wconf 76' lang='lat' dir='ltr'><strong>Graeco</strong></span> <span class='ocrx_word' id='word_1_264' title='bbox 1469 2670 1614 2715; x_wconf 80' lang='lat' dir='ltr'><strong>potest</strong></span> <span class='ocrx_word' id='word_1_265' title='bbox 1639 2667 1856 2708; x_wconf 82' lang='lat' dir='ltr'><strong>declarare</strong></span> <span class='ocrx_word' id='word_1_266' title='bbox 1878 2678 1942 2707; x_wconf 82' lang='lat' dir='ltr'><strong>sa·</strong></span> 
     </span>
     <span class='ocr_line' id='line_1_35' title="bbox 338 2708 848 2754; baseline 0.02 -11"><span class='ocrx_word' id='word_1_267' title='bbox 338 2716 461 2753; x_wconf 72' lang='lat' dir='ltr'><strong>piens</strong></span> <span class='ocrx_word' id='word_1_268' title='bbox 488 2708 635 2749; x_wconf 84' lang='lat' dir='ltr'><strong>lector.</strong></span> <span class='ocrx_word' id='word_1_269' title='bbox 687 2713 848 2754; x_wconf 76' lang='lat' dir='ltr'><strong>Auch.</strong></span> 
     </span>
    </p>
   </div>
  </div>
 </body>
</html>
