2125 3084
37 26 234 33 ——-—--v
243 28 250 30 .
263 28 280 30 -,

188 178 421 249 [11,313.]
537 183 619 229 ΙΝ
660 170 1010 229 GENEsm.
1055 186 1308 231 sunno
1345 188 1430 233 lv.
1697 180 1792 233 ⁴29

192 288 302 341 lem
332 284 747 347 necessitatem,
790 300 854 338 eo
881 284 1029 354 quod
1059 286 1226 339 sentit
1251 285 1608 355 conceditque
1629 302 1690 339 se
1711 285 1796 339 fa-

194 370 344 415 ctum
368 376 398 412 a
420 358 651 423 factore,
684 366 848 430 negat
866 366 1049 413 tamen
1071 374 1230 413 nosse
1249 358 1533 413 dominum
1548 400 1560 423 ,
1592 370 1794 431 putans

195 452 323 490 cura
349 450 537 487 carere
555 432 829 487 mundum
842 474 855 497 ‚
888 442 942 487 et
960 432 1234 505 quicquid
1255 434 1314 487 in
1335 434 1538 488 mundo
1559 444 1659 489 est.

201 598 365 657 Quare
400 615 495 647 non
532 598 630 661 ipsi
648 598 761 659 filio
790 598 1055 661 praecipit,
1103 615 1162 647 ne
1199 598 1410 661 accipiat
1446 609 1634 647 uxorem
1674 598 1798 647 Cha-

330 682 537 783 Ζιὲγὲἰιξη
548 666 727 796 ,(ἰξζατ
755 664 1048 729 postmodum
1081 664 1263 715 Iacobo
1287 673 1518 729 parentes
1553 666 1672 727 eius,
1719 666 1804 714 sed

308 838 397 889 88.
436 832 683 888 Profecto
704 832 1122 888 haesitationem
1141 832 1300 888 dubii
1323 841 1486 905 atque
1507 835 1804 890 consilium

194 908 640 965 consideratione
660 908 893 980 dignum
915 908 1082 962 habet
1102 908 1308 975 littera3
1339 911 1601 980 quoniam
1622 908 1805 982 perfe-

197 994 323 1039 ctus
344 992 426 1037 est
448 988 619 1037 aetate
638 984 789 1037 Isaac
804 1024 816 1047 ,
861 982 1146 1037 sufficiens
1174 982 1244 1037 ad
1266 990 1466 1039 statum
1493 982 1564 1059 [³¹⁶]
1591 987 1800 1056 sponsi,

197 1075 382 1129 neque
404 1066 519 1111 erat
539 1056 645 1111 sub
663 1056 909 1111 dominio
928 1058 1097 1111 servi.
1170 1058 1354 1112 Unum
1375 1076 1445 1112 ex
1467 1057 1684 1114 duobus
1708 1060 1807 1114 ad-

198 1141 344 1188 erat:
373 1140 467 1187 aut
486 1132 881 1196 consentiebat,
907 1140 999 1187 aut
1021 1132 1434 1187 adversabatur.
1487 1133 1655 1203 Atqui
1677 1151 1808 1189 con-

198 1208 463 1262 sentienti
493 1206 690 1264 vadem
720 1224 779 1261 se
813 1215 1092 1277 praestare
1121 1208 1454 1261 conveniens
1490 1217 1604 1262 erat
1631 1210 1802 1280 patri:

200 1281 355 1353 quod
385 1282 434 1335 si
464 1298 573 1336 non
605 1283 985 1346 assentiretur,
1030 1298 1438 1354 supervacuum
1469 1292 1614 1338 esset
1639 1284 1808 1337 mini-

202 1358 439 1412 sterium
457 1358 626 1412 servi.
704 1358 893 1411 Dicere
914 1364 1122 1422 autem,
1148 1357 1297 1429 quod
1318 1358 1449 1429 quia
1469 1376 1569 1431 per
1591 1357 1806 1413 iussum
1861 1400 1866 1403 .

203 1432 466 1486 divinum
498 1449 568 1485 ex
594 1432 820 1503 regione
849 1430 1247 1486 Chaldaeorum
1273 1433 1604 1505 migraverat
1631 1433 1807 1487 Abra-

200 1508 333 1561 ham
349 1548 362 1571 ,
392 1522 565 1576 quare
592 1507 651 1559 in
672 1522 792 1560 eam
811 1505 989 1559 filium
1010 1508 1225 1562 mittere
1246 1508 1396 1562 haud
1417 1526 1655 1581 aequum
1676 1526 1809 1563 cen-

204 1582 390 1644 sebat,
441 1580 606 1635 valde
643 1579 882 1636 delirum
920 1588 1003 1635 est
1041 1600 1103 1636 ac
1137 1582 1466 1638 absurdum:
1538 1585 1804 1654 primum,

203 1658 336 1728 quia
366 1655 441 1710 ob
470 1654 719 1710 eamdem
748 1672 967 1710 causam
998 1674 1177 1727 neque
1203 1674 1317 1711 rem
1340 1666 1620 1728 acceptare
1642 1675 1812 1729 spon-

202 1746 501 1801 soremque
533 1747 652 1785 esse
680 1730 963 1802 oportebat
998 1732 1191 1804 plane,
1244 1733 1390 1785 sicut
1419 1734 1584 1785 etiam
1620 1731 1690 1785 ad
1720 1748 1813 1784 cc-

203 1807 558 1878 gnationem‚
593 1804 661 1858 de
729 1822 800 1859 ua
830 1808 1102 1877 emigrare
1130 1806 1343 1859 dictum
1372 1804 1574 1871 fuerat3
1617 1821 1814 1873 neque

202 1880 403 1936 Iacobo
426 1878 630 1933 licebat
656 1897 686 1933 a
727 1880 807 1941 ire
836 1886 1060 1952 propter
1093 1877 1534 1949 desponsandam
1563 1893 1810 1940 uxorem,

204 1972 383 2027 quum
405 1954 648 2007 imitator
673 1956 847 2025 patris
878 1962 1025 2009 esset
1052 1962 1107 2007 et
1137 1952 1325 2006 datum
1356 1951 1468 2022 ipsi
1497 1949 1815 2005 mandatum

205 2031 417 2101 optime
449 2029 717 2083 novisset.
784 2030 949 2084 Porro
970 2033 1178 2083 restant
1203 2028 1254 2081 ei
1276 2042 1385 2080 non
1403 2042 1612 2099 paucae
1635 2025 1817 2081 adhuc

204 2104 585 2175 quaestiones
682 2104 803 2158 Non
852 2104 1003 2157 enim
1046 2111 1109 2157 ut
1152 2102 1404 2157 ministro
1449 2100 1585 2157 dicit
1625 2118 1810 2156 servo:

207 2178 447 2233 Satelles
478 2184 595 2231 esto
636 2177 845 2233 vadens
874 2178 1039 2241 illuc,
1093 2194 1162 2231 ne
1199 2176 1349 2231 filius
1385 2177 1818 2247 meus'accipiat

209 2266 443 2306 uxorem
465 2254 661 2306 exista
682 2251 907 2325 regione
922 2293 934 2315 ‚
966 2252 1065 2307 sed
1091 2260 1369 2324 tamquam
1389 2251 1695 2306 vadimonii
1718 2251 1818 2304 do-

207 2328 391 2390 mino,
424 2328 501 2381 ait
521 2328 698 2381 enim:
738 2326 947 2382 Adiuro
968 2334 1021 2381 te
1034 2368 1047 2391 ‚
1088 2336 1150 2381 ut
1169 2344 1275 2382 non
1299 2328 1540 2396 accipias
1561 2324 1676 2378 filio
1697 2341 1818 2376 meo

206 2418 441 2456 uxorem
464 2400 870 2471 Chananaeam.

323 2478 565 2531 Necesse
592 2483 677 2530 est
702 2492 833 2548 ergo
847 2516 860 2539 ‚
904 2483 965 2529 ut
984 2474 1276 2547 allegorice
1299 2472 1633 2541 accipientes
1653 2470 1848 2522 nimis‘

209 2550 543 2605 naturaliter
560 2550 833 2613 dicamus„
864 2550 1013 2619 quod
1032 2552 1183 2603 Isaac
1204 2566 1313 2602 non
1334 2562 1474 2616 opus
1497 2542 1662 2597 habet
1679 2543 1824 2597 sola-

212 2625 387 2678 minis
403 2666 416 2687 ,
448 2625 656 2679 etenim
684 2640 971 2694 nunquam
990 2640 1220 2677 uxorem
1242 2620 1354 2673 sibi
1377 2618 1610 2687 accipiat
1631 2634 1661 2670 a
1682 2616 1826 2671 Cha-

212 2700 469 2753 nanaeis.
549 2700 666 2752 Hoc
697 2706 881 2754 autem
908 2697 1033 2751 dico
1067 2712 1178 2749 non
1205 2694 1278 2748 de
1316 2691 1664 2813 bominibus,
1707 2691 1828 2744 viro

286 2771 521 2821 Purno
560 2772 681 2823 Vn.
