2125 3084
326 159 419 212 148
767 165 1136 212 PHILONIS
1179 164 1452 214 IUDAEI
1705 161 1775 228 [1‚
1803 164 1936 230 ism]

322 281 465 320 mam
502 265 657 319 visus
693 273 775 318 est
812 265 1119 337 exspirare,
1165 265 1406 338 ligamen
1433 266 1766 337 spiraminis
1799 285 1934 322 cum

322 355 545 412 corpore
566 341 902 395 constantius
922 357 1232 395 connexum
1251 339 1518 396 violenter
1535 340 1894 398 dissolvens.

433 451 519 503 68.
570 445 710 504 Sunt
739 449 901 502 etiam
931 447 1039 503 alia
1065 457 1212 502 tanto
1230 450 1425 505 timore
1443 449 1640 520 plena,
1681 459 1750 504 ut
1767 451 1934 505 infir-

318 522 588 578 mioribus
618 521 813 577 cedant
838 531 893 576 et
920 521 989 577 ad
1026 522 1251 577 umbras
1289 522 1573 578 fortiorum
1611 525 1924 596 trepident.

318 599 478 652 Nunc
514 597 574 651 in
610 597 918 669 speluncis,
958 613 1099 668 quae
1129 597 1235 652 sub
1263 597 1544 652 montibus
1571 606 1737 662 sunt,
1783 609 1840 654 et
1871 601 1928 655 in

321 671 564 728 vallibus
594 670 995 742 condensisque
1023 671 1213 736 silviS,
1260 687 1388 726 cum
1413 680 1650 728 tremore
1677 671 1922 738 latitant,

321 763 468 802 nunc
494 747 554 801 in
586 745 711 800 altis
739 745 1123 817 frondosisque
1152 746 1413 812 saltibus,
1451 747 1554 802 ubi
1581 748 1784 804 oculos
1815 749 1926 804 huc

319 820 458 876 illuc
490 830 710 876 versant
748 819 1174 886 haesitabunda‚
1215 821 1401 893 ipsum
1438 821 1688 876 volatum
1728 825 1922 880 avium

319 895 635 952 metuentia.
713 895 899 950 Testes
919 903 1047 950 sunt
1063 895 1153 950 his
1172 895 1334 951 dictis
1353 897 1504 950 cervi
1519 937 1532 959 ,
1571 897 1794 968 quihus
1811 899 1920 953 for-

317 970 610 1026 titudinem
629 986 801 1042 quum
820 971 1034 1042 negarit
1059 978 1278 1034 natura,
1321 979 1382 1025 ut
1407 969 1661 1035 videtur,
1705 973 1918 1028 instru-

318 1055 502 1100 menta
520 1045 725 1118 quibus
746 1061 806 1099 se
824 1052 1104 1100 tuerentur
1125 1046 1394 1120 concessit
1407 1087 1420 1108 ,
1450 1053 1504 1100 et
1521 1044 1664 1100 haec
1682 1047 1812 1117 ipsa
1831 1065 1915 1102 ra·-

320 1136 497 1174 mosa:
560 1119 708 1174 haud
736 1121 881 1174 sicut
906 1120 966 1174 in
995 1119 1222 1175 caeteris
1251 1119 1447 1175 bestiis
1473 1121 1534 1174 in
1568 1121 1759 1192 capite
1795 1123 1912 1176 sitis

318 1193 558 1266 geminis
588 1193 876 1259 cornibus,
926 1193 1025 1249 sed
1055 1194 1451 1250 abundantiora
1489 1196 1748 1268 germina
1785 1195 1912 1252 hinc

316 1267 476 1321 illinc
510 1268 788 1338 pullulare
818 1268 1023 1324 faciens
1052 1268 1208 1324 velut
1233 1286 1410 1324 ramos
1440 1269 1498 1323 in
1532 1271 1783 1335 trunci-s,
1827 1280 1911 1325 ut-

315 1349 441 1414 pote
469 1341 652 1396 animo
682 1341 807 1397 forti
836 1351 1109 1409 carentes,
1153 1343 1346 1399 saltem
1372 1359 1472 1415 per
1497 1359 1800 1400 excessum
1828 1363 1910 1400 ar·

316 1423 557 1470 maturae
590 1417 973 1488 aequalitatem
1002 1419 1343 1474 sortirentur.
1431 1417 1542 1472 Sed
1569 1418 1713 1490 quid
1745 1419 1910 1476 refert

317 1489 537 1562 ignavis
577 1507 647 1545 ex
686 1499 955 1546 armatura
997 1489 1376 1548 fortitudinem
1419 1493 1746 1564 acquirere?
1811 1509 1910 1550 nec

316 1565 465 1618 enim
496 1565 755 1620 mulieres
784 1563 1055 1621 deformes
1081 1565 1156 1642 [θ’]
1177 1576 1398 1623 ornatus
1429 1569 1586 1623 iuvat
1614 1569 1688 1623 ad
1707 1567 1908 1624 formo·-

317 1639 531 1694 sitatem
548 1681 561 1705 ,
596 1641 706 1695 imo
726 1639 944 1695 claritas
962 1651 1185 1697 ornatus
1205 1643 1461 1698 ruborem
1481 1641 1720 1698 inducit.

426 1753 513 1804 69.
554 1751 613 1805 In
636 1751 928 1806 certamine
948 1749 1260 1807 timiditatis
1279 1767 1565 1822 nunquam
1584 1749 1724 1806 ferat
1751 1751 1906 1824 lepus

316 1825 584 1880 secundas
612 1843 774 1882 cervo
803 1826 1119 1880 concedere.
1193 1827 1445 1897 Namque
1470 1826 1657 1881 tremit
1689 1843 1906 1898 semper

316 1899 451 1956 haec
486 1900 662 1956 bestia
700 1909 753 1956 et
786 1902 940 1964 timet
968 1901 1227 1972 cuiquam
1254 1899 1453 1966 fidere,
1491 1917 1602 1956 non
1629 1899 1760 1956 dico
1789 1901 1906 1955 bel-

317 1974 531 2030 luarum
547 2016 560 2040 ,
590 1976 689 2032 sed
708 1976 871 2048 etiam
891 1977 1130 2047 partium
1147 1983 1394 2030 naturae.
1460 1974 1734 2041 Quoniam
1751 1977 1906 2030 timet

317 2057 369 2102 et
398 2051 761 2122 scaturigines
795 2049 1027 2106 fontium
1052 2049 1370 2106 salientium
1395 2058 1450 2105 et
1475 2051 1773 2122 strepitum
1791 2067 1906 2104 ma-

314 2124 390 2178 ris
407 2165 419 2188 ,
452 2125 604 2179 venti
632 2125 906 2196 aerisque,
940 2125 1258 2195 omniaque,
1291 2141 1434 2198 quae
1455 2132 1583 2180 sunt
1603 2141 1777 2195 super
1797 2133 1905 2179 ter-

314 2215 457 2252 ram:
521 2200 595 2253 ita
622 2207 685 2254 ut
710 2199 854 2253 circa
882 2197 1084 2262 fontes,
1127 2197 1348 2254 dumeta
1375 2207 1429 2254 et
1449 2199 1726 2252 siccorum
1744 2198 1904 2254 folio-

314 2290 436 2326 rum
456 2275 764 2346 congeriem
790 2274 1155 2328 contrahatuf.
1201 2302 1208 2308 ·
1233 2272 1438 2340 Quare,
1478 2281 1545 2327 ut
1571 2271 1718 2346 mihi
1746 2271 1904 2328 vide-

313 2353 427 2410 tur,
468 2356 751 2418 poetarum
778 2365 955 2422 genus
983 2364 1092 2402 non
1123 2349 1243 2403 sine
1263 2349 1471 2403 ratione
1493 2351 1790 2402 latitantem
1807 2363 1902 2403 vo-

314 2428 399 2472 cat
439 2420 703 2490 leporem,
766 2440 829 2477 eo
866 2422 1016 2494 quod
1056 2422 1219 2477 lateat
1255 2419 1689 2494 trepidetque*).
1777 2421 1898 2477 Ideo

310 2493 556 2546 omnium
586 2495 904 2550 auxiliatrix
930 2505 1122 2550 natura
1152 2497 1455 2552 adiumenti
1481 2497 1600 2550 loco
1620 2505 1814 2552 contra
1831 2497 1899 2549 ti-

310 2573 517 2616 morem
537 2571 807 2624 concessit
826 2571 957 2628 huic
978 2571 1540 2626 bestiaevelocitatem
1547 2569 1783 2642 pedum,
1805 2587 1902 2643 pa-

306 2651 725 2678 -....-,,,-
760 2663 763 2668 .

408 2694 450 2738 “)
475 2698 622 2746 Aur-‘ts
648 2707 761 2745 enim
786 2709 899 2756 lepus
926 2712 1013 2756 est,
1041 2713 1086 2750 et
1107 2708 1254 2750 λαθεῖν
1278 2712 1420 2750 latera.
1471 2709 1579 2750 Aac
1587 2710 1632 2749 h.
