2125 3084
334 146 429 199 430
811 147 1049 194 PHILO
1095 146 1432 191 IUDAEUS
1689 142 1775 207 [IL
1801 142 1930 209 589]

334 252 565 307 salutem
584 248 878 322 prophetae
904 254 959 301 et
986 254 1193 310 cetum,
1232 262 1294 300 os
1324 246 1605 317 aperuisse
1635 243 1705 300 ad
1735 264 1931 319 egres-

334 343 457 381 sum
484 323 931 396 supplicationis,
974 322 1333 409 linguamque
1361 328 1551 375 mutuo
1577 322 1929 391 praestitisse

333 400 401 457 ad
430 400 720 455 verborum
748 398 1282 469 pronunciationem;
1351 403 1405 451 et
1441 396 1580 449 sicut
1617 395 1676 449 in
1714 392 1931 450 instru-

333 484 514 531 mento
552 475 761 529 musico
798 470 997 526 artifex
1032 471 1344 543 pulsatione
1381 469 1677 544 digitorum
1724 486 1927 526 sonum

335 549 595 613 extrahit,
637 548 719 603 sic
750 546 1014 619 propheta
1041 544 1192 601 fecit.

450 676 529 727 ⁴9.
578 672 706 727 Erat
741 678 922 728 autem
962 670 1294 743 supplicatio
1333 671 1536 727 orantis
1568 668 1919 724 huiusmodi:

336 749 397 804 Si
428 763 688 821 magnum
717 746 992 818 quoddam
1014 746 1355 817 supplicium
1377 762 1464 800 me
1483 744 1714 817 experiri
1734 743 1928 798 volui-

336 825 436 887 sti,
484 822 648 877 video
684 836 996 876 mensuram
1036 837 1282 876 meorum
1317 828 1664 892 peccatorum
1700 818 1924 873 maioris

336 898 600 969 supplicii
620 896 835 969 pondus
857 903 1193 966 exspectare.
1270 894 1541 961 Quoniam
1563 912 1690 950 vero
1718 894 1925 948 hucus-

338 989 447 1045 que
476 971 725 1045 redigere
752 988 839 1025 me
868 978 1208 1043 peccatorem
1237 969 1490 1035 voluisti,
1533 986 1709 1041 usque
1737 968 1850 1023 ad
1835 986 1929 1023 m-

338 1049 693 1103 structionem
713 1053 948 1110 tantum,
976 1046 1316 1117 principium
1336 1062 1366 1099 a
1385 1054 1438 1101 te
1459 1044 1814 1123 benignitatis
1835 1060 1931 1099 ac-

340 1124 488 1194 cepi,
531 1131 591 1177 ut
621 1138 727 1176 non
754 1120 998 1176 abiectus
1020 1139 1049 1176 a
1069 1128 1364 1192 conspectu
1385 1116 1670 1175 oculorum
1690 1128 1926 1182 tuorum,

342 1198 410 1253 ab
439 1197 715 1251 universis
742 1196 917 1251 oculis
947 1204 1232 1268 separatus
1261 1212 1466 1259 essem,
1514 1211 1695 1267 neque
1733 1194 1933 1249 obmu-

340 1279 581 1327 tescente
600 1287 691 1326 ore
712 1288 833 1325 meo
852 1287 979 1344 erga
1000 1279 1079 1336 te,
1110 1268 1182 1345 [³⁸]
1201 1270 1356 1358 ‘apud
1375 1287 1564 1325 omnes
1585 1269 1936 1325 obmutesce-

341 1363 478 1401 rem.
558 1347 687 1401 Toto
717 1345 897 1401 cordis
914 1347 1075 1401 οοιιΙο
1095 1347 1303 1417 aspicio
1323 1345 1491 1409 adte,
1521 1354 1801 1416 totamque
1823 1344 1939 1399 lin-

343 1437 536 1493 guam,
578 1422 708 1489 quia
736 1420 876 1475 mihi
896 1422 1059 1476 istam
1080 1421 1312 1476 liberam
1329 1420 1631 1508 reliquisti,
1675 1420 1734 1473 in
1754 1436 1939 1474 meam

344 1495 791 1549 intercessionem
808 1512 1019 1551 moveo.
1097 1496 1344 1551 Exaudis
1373 1496 1518 1551 enim
1549 1512 1670 1550 reos
1688 1496 1935 1566 peccati:

344 1579 399 1625 et
434 1585 607 1641 quum
646 1570 988 1641 permittatur
1023 1571 1214 1626 videre
1253 1587 1465 1644 regem,
1525 1569 1667 1625 dona
1709 1586 1942 1643 quoque

345 1644 625 1717 supplices
656 1646 931 1717 recipiunt
943 1688 956 1711 ,
1000 1647 1104 1702 hoc
1121 1663 1252 1702 sane
1271 1656 1354 1701 est
1374 1646 1598 1700 initium
1617 1644 1942 1717 benignita-

346 1722 419 1776 tis
449 1738 655 1777 eorum.
734 1721 871 1778 Mihi
899 1738 1029 1777 vero
1062 1738 1170 1776 non
1199 1729 1410 1776 tantum
1441 1720 1754 1775 facultatem
1773 1736 1941 1792 prae·-

346 1798 535 1852 stitisti
564 1796 850 1869 loquendi,
895 1814 1088 1852 verum
1117 1796 1281 1850 etiam
1312 1796 1618 1868 apologiam
1639 1811 1739 1865 pro
1757 1796 1942 1850 salute

347 1873 560 1927 animae
580 1890 732 1927 meae
752 1889 933 1927 coram
952 1880 1007 1927 te
1026 1870 1202 1925 facere
1232 1871 1525 1943 permittis
1603 1870 1863 1941 Namque
1893 1871 1939 1924 si

348 1947 518 2001 dabas
546 1948 736 2003 mortis
764 1964 918 2002 reum
949 1944 1180 2002 interfici
1210 1963 1239 1999 a
1267 1946 1477 2001 fortiori
1505 1946 1666 1999 inter
1674 1943 1824 1999 feros
1852 1946 1942 2017 pi·

348 2039 495 2087 sces,
522 2030 615 2077 aut
634 2022 862 2077 velutin
880 2022 1132 2109 sepulcro
1151 2020 1332 2084 condi,
1357 2020 1496 2093 quid
1515 2020 1652 2073 mari
1671 2019 1787 2074 imo
1809 2037 1943 2091 pro-

349 2095 595 2160 fundius,
619 2114 792 2167 quum
802 2098 988 2153 omnis
1008 2095 1249 2151 mundus
1267 2096 1317 2150 si
1337 2096 1396 2151 in
1417 2112 1565 2151 mare
1582 2093 1829 2160 decidat,
1855 2113 1942 2150 re-

349 2170 600 2227 conditur
620 2179 679 2226 ut
697 2172 755 2227 iu
772 2170 1058 2244 sepulcro?

459 2300 545 2352 20.
596 2297 710 2368 Ego
740 2313 867 2368 ergo
898 2313 967 2350 ex
994 2312 1083 2351 me
1113 2297 1233 2367 ipso
1259 2296 1398 2351 mihi
1425 2296 1658 2351 salutem
1687 2295 1940 2351 inhibui.

348 2368 503 2452 Quod
532 2371 580 2423 si
610 2370 781 2424 iudex
808 2370 968 2425 modo
996 2371 1216 2435 salutis,
1263 2387 1428 2441 quem
1455 2378 1685 2425 eventus
1710 2371 1940 2434 obtulit,

347 2441 419 2494 sit
447 2442 785 2507 satisfactus,
826 2452 911 2498 est
940 2444 1212 2515 benignus
1243 2453 1295 2499 et
1320 2462 1476 2500 suam
1499 2461 1754 2532 magnam
1777 2446 1950 2501 beni-

349 2514 611 2581 gnitatem
638 2517 933 2588 praedicat.
1012 2518 1398 2573 Verumtamen
1428 2535 1534 2575 non
1564 2520 1685 2573 sine
1715 2520 1954 2593 suppli—

351 2584 435 2635 cio
456 2588 627 2642 veluti
653 2590 821 2645 iudex
841 2592 1096 2645 misertus
1117 2592 1253 2655 mei,
1285 2593 1474 2647 multis
1494 2594 1582 2647 his
1603 2594 1810 2650 tradito
1835 2612 1954 2661 me.

352 2655 606 2712 misertus
626 2678 685 2714 es
707 2662 773 2732 (s.
778 2665 1134 2736 ,miser-eatur)
1155 2665 1299 2722 sicut
1317 2668 1597 2740 princeps.
1655 2670 1962 2742 Imprimis
