2125 3084
358 190 455 244 370
646 195 839 241 PHIL.
866 196 1014 242 IUD.
1044 195 1364 253 QUAEST.
1393 196 1496 242 ET
1531 198 1687 244 SOL.
1729 194 1817 260 [IL
1844 196 1962 263 5250]

356 297 453 352 tile
474 278 739 366 templum
770 303 852 350 est
880 296 1001 360 dei,
1042 293 1221 367 neque
1249 295 1450 351 stabile
1479 296 1840 370 firmumqu03
1907 312 1965 359 et

356 387 498 443 quae
518 379 641 444 post
659 371 871 425 caelum
892 380 1021 426 sunt
1035 413 1048 434 ‚
1073 371 1362 426 mutabilia
1381 380 1537 436 sunt,
1561 374 1680 428 solo
1701 376 1857 431 caelo
1879 375 1957 452 [³¹⁶]

357 445 777 501 immutabiliter
814 454 989 500 stante
1016 463 1116 517 per
1143 463 1203 500 se
1233 455 1286 500 et
1314 463 1532 518 semper
1557 465 1618 502 se
1649 451 1962 520 aequaliter

358 517 612 577 habente.
691 522 894 575 Verum
922 529 977 575 et
1004 520 1348 591 ethopoeiam
1385 521 1680 592 quamdam
1721 525 1961 582 exhibet

356 605 565 652 textus:
626 597 888 668 quoniam
916 612 1015 667 per
1043 596 1322 651 desertum
1347 596 1676 664 transibant,
1717 599 1820 654 uhi
1835 603 1959 656 'nec

354 673 599 745 porticus
628 687 731 726 nec
759 670 955 726 domus
984 677 1164 739 e'rant3
1228 671 1577 727 tabernacula
1607 681 1792 726 autem
1821 691 1958 746 pro-

354 756 477 820 pter
494 746 831 802 necessarios
852 762 987 800 usus
1005 745 1148 800 facta
1167 754 1297 801 sunt
1309 789 1322 810 ‚
1365 746 1435 801 ad
1456 747 1836 802 auxiliandum
1856 749 1955 804 ca'-

357 823 458 878 lori
480 841 511 877 a
532 821 671 877 facie
699 821 921 894 frigoris
930 820 983 894 ³¹⁵)
998 863 1011 884 ‚
1042 821 1453 876 sanctissimum
1479 822 1746 894 templum
1773 825 1951 894 patris

354 898 721 968 creatorisque
742 896 1129 951 universorum
1149 913 1388 968 aequum
1405 896 1566 952 duxit
1587 913 1732 952 esse..
1783 899 1950 952 Prae-

354 983 499 1028 terea
538 971 954 1028 tabernaculum
992 971 1378 1044 indigentibus
1413 973 1646 1027 minime
1692 972 1947 1045 indigens

354 1065 551 1103 nomen
598 1047 853 1102 divinum
900 1045 1204 1100 cohabitari
1249 1046 1444 1101 eodem
1479 1047 1538 1102 in
1576 1047 1943 1112 tabernaculo,

353 1131 619 1195 quantum
638 1121 854 1193 opinari
882 1121 1035 1186 licet,
1079 1120 1499 1186 demonstravit,
1543 1123 1614 1178 ad
1642 1123 1950 1195 perceptio-

354 1215 478 1254 nem
514 1197 735 1269 pietatis
772 1196 1190 1270 condignaeque
1233 1197 1560 1254 sanctitatis,
1649 1197 1757 1266 Qui
1803 1200 1950 1254 enim

354 1273 605 1328 viderent
634 1272 815 1327 divini
844 1272 1035 1344 templi
1065 1273 1525 1328 constructionem
1551 1273 1816 1329 similem·
1829 1291 1948 1328 esse

352 1356 575 1405 naturae
604 1363 737 1420 suae
766 1345 861 1420 (al.
894 1347 1227 1402 habitaculis
1257 1347 1422 1419 suis),
1465 1347 1604 1418 quid
1635 1347 1834 1404 facturi
1863 1366 1951 1404 es-

350 1429 500 1484 sent,
542 1421 653 1476 nisi
680 1437 781 1491 pro
810 1420 1025 1477 viribus
1052 1423 1172 1477 suis
1193 1421 1259 1496 (s.
1281 1430 1501 1494 propter
1521 1422 1949 1480 similitudinem

354 1495 549 1569 visam)
568 1494 789 1550 studere
804 1538 819 1560 ,
852 1505 913 1552 ut
932 1497 1186 1554 adoretur
1205 1505 1259 1552 et
1284 1497 1643 1554 benedicatur
1671 1500 1949 1570 inspector

350 1569 711 1641 provisorque
740 1589 873 1626 suae
900 1574 1146 1630 virtutis,
1223 1571 1375 1628 Adeo
1403 1572 1694 1642 familiaris
1727 1583 1809 1631 est
1846 1573 1950 1629 deo

354 1646 556 1712 virtus,
598 1662 631 1700 o
656 1647 925 1706 ministril

406 1786 593 1846 ·Quare
629 1791 1463 1924 tabmaculumh„bdessen<t·bc‹3rtinas
1507 1792 1578 1854 (s.
1617 1790 1823 1854 aulaea)
1839 1793 1873 1820 “

1012 1877 1043 1908 a
1077 1869 1121 1908 et
1218 1875 1234 1908 1
1273 1894 1285 1907 .

458 1958 543 2011 84.
595 1956 770 2029 Saepe
807 1958 1029 2029 saepius
1067 1957 1227 2028 plura
1264 1955 1410 2011 dicta
1439 1963 1568 2010 sunt
1597 1955 1667 2011 de
1698 1955 1942 2019 denario,

347 2047 490 2102 quae
529 2030 638 2085 huc
675 2029 967 2087 transferre
1008 2031 1170 2086 facile
1210 2039 1292 2086 est
1331 2032 1439 2092 εἰς,
1484 2031 1581 2102 qui
1615 2031 1790 2086 velint
1817 2048 1945 2102 pro-—

348 2105 560 2160 trahere
602 2125 928 2164 sermonem.
1008 2107 1180 2163 Nobis
1217 2115 1398 2164 tamen
1427 2106 1724 2161 verborum
1749 2107 1944 2177 pauci-

348 2190 428 2234 tas
454 2182 709 2236 amabilis
732 2192 831 2247 est,
860 2191 916 2247 et
935 2182 1084 2253 quod
1104 2181 1239 2237 olim
1258 2181 1465 2236 dictum
1487 2179 1610 2245 fuit,
1636 2182 1769 2235 satis
1791 2181 1942 2236 iuvat

346 2255 413 2309 ad
436 2258 773 2312 memoriam.

352 2395 510 2454 Quare
546 2398 755 2449 cortinae
790 2435 824 2461 „
840 2377 1068 2462 de'bysso
1105 2405 1224 2448 torto
1260 2407 1306 2448 et
1345 2396 1599 2463 hyacintho
1643 2406 1688 2446 et
1721 2413 1942 2462 purpura

836 2470 1053 2515 et‘coceo
1090 2468 1293 2534 torto“?
1329 2466 1446 2530 (ib.)

453 2569 538 2622 85.
580 2569 725 2623 Haec
744 2568 813 2623 de
834 2577 1098 2640 apparatu
1119 2567 1266 2623 dicta
1281 2609 1294 2634 ‚
1330 2575 1692 2638 contextaque
1711 2581 1944 2621 numero

444 2705 485 2749 ¹⁵)
512 2704 581 2743 Ad
605 2708 805 2747 verbum:
842 2708 1043 2746 auxilium
1071 2709 1174 2747 dare
1199 2709 1336 2748 calori·
1351 2687 1604 2757 exso-iocre.-
1639 2708 1802 2748 forsan:
1839 2717 1942 2746 con—

344 2755 412 2792 tra
438 2755 589 2794 caloris
618 2759 656 2795 et
672 2759 858 2806 sn'qon‘s
884 2759 1156 2798 incommoda.
1207 2759 1368 2799 Auch.
1393 2775 1404 2784 ·
