<?xml version="1.0" encoding="UTF-8"?>
<!DOCTYPE html PUBLIC "-//W3C//DTD XHTML 1.0 Transitional//EN"
    "http://www.w3.org/TR/xhtml1/DTD/xhtml1-transitional.dtd">
<html xmlns="http://www.w3.org/1999/xhtml" xml:lang="en" lang="en">
 <head>
  <title>
</title>
<meta http-equiv="Content-Type" content="text/html;charset=utf-8" />
  <meta name='ocr-system' content='tesseract 3.04.00' />
  <meta name='ocr-capabilities' content='ocr_page ocr_carea ocr_par ocr_line ocrx_word'/>
</head>
<body>
  <div class='ocr_page' id='page_1' title='image "./philonisiudaeio00alejgoog_0101.png"; bbox 0 0 2125 3084; ppageno 0'>
   <div class='ocr_carea' id='block_1_1' title="bbox 333 182 1939 248">
    <p class='ocr_par' dir='ltr' id='par_1_1' title="bbox 333 182 1939 248">
     <span class='ocr_line' id='line_1_1' title="bbox 333 182 1939 248; baseline 0 -14"><span class='ocrx_word' id='word_1_1' title='bbox 333 190 398 241; x_wconf 74' lang='lat'><strong>84</strong></span> <span class='ocrx_word' id='word_1_2' title='bbox 575 190 771 235; x_wconf 85' lang='lat' dir='ltr'>PHIL.</span> <span class='ocrx_word' id='word_1_3' title='bbox 812 188 960 234; x_wconf 86' lang='lat' dir='ltr'><strong>lUD.</strong></span> <span class='ocrx_word' id='word_1_4' title='bbox 1002 186 1327 244; x_wconf 72' lang='lat' dir='ltr'><strong>QUAEST.</strong></span> <span class='ocrx_word' id='word_1_5' title='bbox 1364 188 1462 233; x_wconf 88' lang='lat' dir='ltr'><strong>ET</strong></span> <span class='ocrx_word' id='word_1_6' title='bbox 1502 188 1659 232; x_wconf 86' lang='lat' dir='ltr'><strong>SOL.</strong></span> <span class='ocrx_word' id='word_1_7' title='bbox 1702 182 1939 248; x_wconf 80' lang='lat'><strong>[11,263.]</strong></span> 
     </span>
    </p>
   </div>
   <div class='ocr_carea' id='block_1_2' title="bbox 340 334 1941 539">
    <p class='ocr_par' dir='ltr' id='par_1_2' title="bbox 340 334 1941 539">
     <span class='ocr_line' id='line_1_2' title="bbox 340 334 1941 403; baseline -0.001 -14"><span class='ocrx_word' id='word_1_8' title='bbox 340 340 470 398; x_wconf 71' lang='lat' dir='ltr'><strong>Quid</strong></span> <span class='ocrx_word' id='word_1_9' title='bbox 503 348 572 389; x_wconf 79' lang='lat' dir='ltr'><strong>est</strong></span> <span class='ocrx_word' id='word_1_10' title='bbox 614 338 804 403; x_wconf 73' lang='lat' dir='ltr'><strong>„Dixit</strong></span> <span class='ocrx_word' id='word_1_11' title='bbox 840 347 993 387; x_wconf 78' lang='lat' dir='ltr'><strong>autem</strong></span> <span class='ocrx_word' id='word_1_12' title='bbox 1029 336 1268 385; x_wconf 78' lang='lat' dir='ltr'><strong>dominus:</strong></span> <span class='ocrx_word' id='word_1_13' title='bbox 1317 336 1508 385; x_wconf 78' lang='lat' dir='ltr'><strong>C&#39;lamor</strong></span> <span class='ocrx_word' id='word_1_14' title='bbox 1544 334 1859 387; x_wconf 79' lang='lat' dir='ltr'><strong><em>Sodomorum</em></strong></span> <span class='ocrx_word' id='word_1_15' title='bbox 1892 349 1941 388; x_wconf 79' lang='lat' dir='ltr'><strong>et</strong></span> 
     </span>
     <span class='ocr_line' id='line_1_3' title="bbox 471 404 1941 468; baseline -0.001 -12"><span class='ocrx_word' id='word_1_16' title='bbox 471 404 898 457; x_wconf 71' lang='lat' dir='ltr'><strong>Gomon-haconem</strong></span> <span class='ocrx_word' id='word_1_17' title='bbox 931 404 1271 468; x_wconf 67' lang='lat' dir='ltr'><strong>multiplicans-³</strong></span> <span class='ocrx_word' id='word_1_18' title='bbox 1307 414 1377 453; x_wconf 80' lang='lat' dir='ltr'><strong>est</strong></span> <span class='ocrx_word' id='word_1_19' title='bbox 1388 440 1402 466; x_wconf 91' lang='lat'><strong><em>,</em></strong></span> <span class='ocrx_word' id='word_1_20' title='bbox 1458 412 1505 453; x_wconf 77' lang='lat' dir='ltr'><strong>ot</strong></span> <span class='ocrx_word' id='word_1_21' title='bbox 1536 412 1746 468; x_wconf 81' lang='lat' dir='ltr'><strong>peccata</strong></span> <span class='ocrx_word' id='word_1_22' title='bbox 1780 421 1941 454; x_wconf 79' lang='lat' dir='ltr'><strong>eorum</strong></span> 
     </span>
     <span class='ocr_line' id='line_1_4' title="bbox 467 472 1164 539; baseline -0.006 -15"><span class='ocrx_word' id='word_1_23' title='bbox 467 490 645 539; x_wconf 75' lang='lat' dir='ltr'><strong>maqna</strong></span> <span class='ocrx_word' id='word_1_24' title='bbox 660 473 888 524; x_wconf 70' lang='lat' dir='ltr'><strong>valde“?</strong></span> <span class='ocrx_word' id='word_1_25' title='bbox 923 472 1031 537; x_wconf 88' lang='lat'>(18,</span> <span class='ocrx_word' id='word_1_26' title='bbox 1055 473 1164 531; x_wconf 80' lang='lat'><strong>20.)</strong></span> 
     </span>
    </p>
   </div>
   <div class='ocr_carea' id='block_1_3' title="bbox 330 572 1943 2290">
    <p class='ocr_par' dir='ltr' id='par_1_3' title="bbox 330 572 1943 2290">
     <span class='ocr_line' id='line_1_5' title="bbox 444 572 1939 645; baseline -0.002 -12"><span class='ocrx_word' id='word_1_27' title='bbox 444 580 530 633; x_wconf 80' lang='lat'><strong>23.</strong></span> <span class='ocrx_word' id='word_1_28' title='bbox 581 576 699 631; x_wconf 93' lang='lat' dir='ltr'><strong>Duo</strong></span> <span class='ocrx_word' id='word_1_29' title='bbox 736 582 866 629; x_wconf 89' lang='lat' dir='ltr'><strong>sunt</strong></span> <span class='ocrx_word' id='word_1_30' title='bbox 904 574 1113 645; x_wconf 89' lang='lat' dir='ltr'><strong>capita,</strong></span> <span class='ocrx_word' id='word_1_31' title='bbox 1163 574 1222 628; x_wconf 92' lang='lat' dir='ltr'><strong>in</strong></span> <span class='ocrx_word' id='word_1_32' title='bbox 1262 573 1470 645; x_wconf 89' lang='lat' dir='ltr'><strong>quibus</strong></span> <span class='ocrx_word' id='word_1_33' title='bbox 1511 572 1787 645; x_wconf 82' lang='lat' dir='ltr'>legislatio</span> <span class='ocrx_word' id='word_1_34' title='bbox 1826 581 1939 630; x_wconf 89' lang='lat' dir='ltr'><strong>tota</strong></span> 
     </span>
     <span class='ocr_line' id='line_1_6' title="bbox 332 648 1939 723; baseline -0.002 -16"><span class='ocrx_word' id='word_1_35' title='bbox 332 660 650 723; x_wconf 86' lang='lat' dir='ltr'><strong>occupatur,</strong></span> <span class='ocrx_word' id='word_1_36' title='bbox 677 649 888 705; x_wconf 87' lang='lat' dir='ltr'><strong>malitia</strong></span> <span class='ocrx_word' id='word_1_37' title='bbox 907 656 961 703; x_wconf 88' lang='lat' dir='ltr'><strong>et</strong></span> <span class='ocrx_word' id='word_1_38' title='bbox 980 648 1213 703; x_wconf 88' lang='lat' dir='ltr'><strong>iustitia.</strong></span> <span class='ocrx_word' id='word_1_39' title='bbox 1254 648 1549 719; x_wconf 86' lang='lat' dir='ltr'><strong>Postquam</strong></span> <span class='ocrx_word' id='word_1_40' title='bbox 1578 650 1765 719; x_wconf 89' lang='lat' dir='ltr'><strong>itaque</strong></span> <span class='ocrx_word' id='word_1_41' title='bbox 1784 657 1939 704; x_wconf 91' lang='lat' dir='ltr'><strong>retu-</strong></span> 
     </span>
     <span class='ocr_line' id='line_1_7' title="bbox 334 722 1939 794; baseline -0.002 -12"><span class='ocrx_word' id='word_1_42' title='bbox 334 726 490 782; x_wconf 86' lang='lat' dir='ltr'><strong>lisset</strong></span> <span class='ocrx_word' id='word_1_43' title='bbox 512 726 580 781; x_wconf 90' lang='lat' dir='ltr'><strong>de</strong></span> <span class='ocrx_word' id='word_1_44' title='bbox 600 726 804 781; x_wconf 88' lang='lat' dir='ltr'><strong>virtute</strong></span> <span class='ocrx_word' id='word_1_45' title='bbox 824 722 1005 794; x_wconf 85' lang='lat' dir='ltr'><strong>deque</strong></span> <span class='ocrx_word' id='word_1_46' title='bbox 1024 722 1187 794; x_wconf 89' lang='lat' dir='ltr'><strong>probi</strong></span> <span class='ocrx_word' id='word_1_47' title='bbox 1209 723 1409 788; x_wconf 89' lang='lat' dir='ltr'><strong>animi,</strong></span> <span class='ocrx_word' id='word_1_48' title='bbox 1446 722 1546 794; x_wconf 92' lang='lat' dir='ltr'><strong>qui</strong></span> <span class='ocrx_word' id='word_1_49' title='bbox 1576 722 1673 777; x_wconf 90' lang='lat' dir='ltr'><strong>illa</strong></span> <span class='ocrx_word' id='word_1_50' title='bbox 1704 723 1939 779; x_wconf 85' lang='lat' dir='ltr'><strong>adorna-</strong></span> 
     </span>
     <span class='ocr_line' id='line_1_8' title="bbox 332 797 1932 871; baseline -0.002 -15"><span class='ocrx_word' id='word_1_51' title='bbox 332 810 448 864; x_wconf 85' lang='lat' dir='ltr'>tur,</span> <span class='ocrx_word' id='word_1_52' title='bbox 480 799 734 871; x_wconf 85' lang='lat' dir='ltr'><strong>exemplo</strong></span> <span class='ocrx_word' id='word_1_53' title='bbox 749 840 762 863; x_wconf 90' lang='lat'>,</span> <span class='ocrx_word' id='word_1_54' title='bbox 792 797 1118 854; x_wconf 84' lang='lat' dir='ltr'><strong>transfertur</strong></span> <span class='ocrx_word' id='word_1_55' title='bbox 1138 798 1197 851; x_wconf 88' lang='lat' dir='ltr'><strong>in</strong></span> <span class='ocrx_word' id='word_1_56' title='bbox 1219 797 1451 853; x_wconf 88' lang='lat' dir='ltr'><strong>alterum</strong></span> <span class='ocrx_word' id='word_1_57' title='bbox 1472 814 1648 871; x_wconf 84' lang='lat' dir='ltr'><strong>genus</strong></span> <span class='ocrx_word' id='word_1_58' title='bbox 1671 797 1932 863; x_wconf 80' lang='lat' dir='ltr'><strong>malitiae,</strong></span> 
     </span>
     <span class='ocr_line' id='line_1_9' title="bbox 333 872 1933 944; baseline -0.001 -14"><span class='ocrx_word' id='word_1_59' title='bbox 333 886 386 931; x_wconf 87' lang='lat' dir='ltr'><strong>et</strong></span> <span class='ocrx_word' id='word_1_60' title='bbox 413 879 472 929; x_wconf 88' lang='lat' dir='ltr'><strong>in</strong></span> <span class='ocrx_word' id='word_1_61' title='bbox 502 876 816 929; x_wconf 87' lang='lat' dir='ltr'><strong>inventores</strong></span> <span class='ocrx_word' id='word_1_62' title='bbox 850 874 970 927; x_wconf 88' lang='lat' dir='ltr'><strong>eius</strong></span> <span class='ocrx_word' id='word_1_63' title='bbox 1001 872 1278 927; x_wconf 87' lang='lat' dir='ltr'><strong>studiosos</strong></span> <span class='ocrx_word' id='word_1_64' title='bbox 1308 880 1361 927; x_wconf 93' lang='lat' dir='ltr'><strong>et</strong></span> <span class='ocrx_word' id='word_1_65' title='bbox 1386 873 1445 926; x_wconf 91' lang='lat' dir='ltr'><strong>in</strong></span> <span class='ocrx_word' id='word_1_66' title='bbox 1467 881 1767 944; x_wconf 89' lang='lat' dir='ltr'><strong>patratores</strong></span> <span class='ocrx_word' id='word_1_67' title='bbox 1790 874 1933 929; x_wconf 75' lang='lat' dir='ltr'><strong>eiuS.</strong></span> 
     </span>
     <span class='ocr_line' id='line_1_10' title="bbox 333 947 1933 1019; baseline -0.001 -14"><span class='ocrx_word' id='word_1_68' title='bbox 333 949 543 1019; x_wconf 83' lang='lat' dir='ltr'><strong>Fidelis</strong></span> <span class='ocrx_word' id='word_1_69' title='bbox 575 958 756 1003; x_wconf 89' lang='lat' dir='ltr'><strong>autem</strong></span> <span class='ocrx_word' id='word_1_70' title='bbox 794 956 878 1003; x_wconf 85' lang='lat' dir='ltr'><strong>est</strong></span> <span class='ocrx_word' id='word_1_71' title='bbox 905 947 1160 1002; x_wconf 88' lang='lat' dir='ltr'><strong>sacerdos</strong></span> <span class='ocrx_word' id='word_1_72' title='bbox 1197 965 1367 1019; x_wconf 88' lang='lat' dir='ltr'><strong>super</strong></span> <span class='ocrx_word' id='word_1_73' title='bbox 1395 948 1627 1002; x_wconf 89' lang='lat' dir='ltr'><strong>istorum</strong></span> <span class='ocrx_word' id='word_1_74' title='bbox 1660 948 1933 1003; x_wconf 85' lang='lat' dir='ltr'><strong>insaniam</strong></span> 
     </span>
     <span class='ocr_line' id='line_1_11' title="bbox 330 1023 1939 1096; baseline -0.001 -17"><span class='ocrx_word' id='word_1_75' title='bbox 330 1026 456 1088; x_wconf 88' lang='lat' dir='ltr'><strong>ille,</strong></span> <span class='ocrx_word' id='word_1_76' title='bbox 501 1024 600 1096; x_wconf 92' lang='lat' dir='ltr'><strong>qui</strong></span> <span class='ocrx_word' id='word_1_77' title='bbox 622 1042 750 1079; x_wconf 85' lang='lat' dir='ltr'><strong>vere</strong></span> <span class='ocrx_word' id='word_1_78' title='bbox 768 1024 949 1078; x_wconf 85' lang='lat' dir='ltr'><strong>iustus</strong></span> <span class='ocrx_word' id='word_1_79' title='bbox 969 1028 1078 1077; x_wconf 89' lang='lat' dir='ltr'><strong>est:</strong></span> <span class='ocrx_word' id='word_1_80' title='bbox 1124 1023 1509 1078; x_wconf 84' lang='lat' dir='ltr'><strong>universorum</strong></span> <span class='ocrx_word' id='word_1_81' title='bbox 1536 1040 1667 1077; x_wconf 89' lang='lat' dir='ltr'><strong>vero</strong></span> <span class='ocrx_word' id='word_1_82' title='bbox 1689 1040 1939 1079; x_wconf 85' lang='lat' dir='ltr'><strong>commu·-</strong></span> 
     </span>
     <span class='ocr_line' id='line_1_12' title="bbox 332 1097 1935 1161; baseline -0.002 -6"><span class='ocrx_word' id='word_1_83' title='bbox 332 1102 421 1155; x_wconf 88' lang='lat' dir='ltr'><strong>nis</strong></span> <span class='ocrx_word' id='word_1_84' title='bbox 451 1099 812 1154; x_wconf 87' lang='lat' dir='ltr'><strong>manuductor</strong></span> <span class='ocrx_word' id='word_1_85' title='bbox 841 1098 1006 1161; x_wconf 62' lang='lat' dir='ltr'><strong>deust,</strong></span> <span class='ocrx_word' id='word_1_86' title='bbox 1050 1098 1212 1152; x_wconf 87' lang='lat' dir='ltr'><strong>cuius</strong></span> <span class='ocrx_word' id='word_1_87' title='bbox 1241 1097 1482 1153; x_wconf 88' lang='lat' dir='ltr'><strong>tribunal</strong></span> <span class='ocrx_word' id='word_1_88' title='bbox 1520 1098 1697 1153; x_wconf 86' lang='lat' dir='ltr'><strong>nescit</strong></span> <span class='ocrx_word' id='word_1_89' title='bbox 1732 1098 1935 1153; x_wconf 90' lang='lat' dir='ltr'><strong>donum</strong></span> 
     </span>
     <span class='ocr_line' id='line_1_13' title="bbox 333 1171 1932 1246; baseline -0.002 -16"><span class='ocrx_word' id='word_1_90' title='bbox 333 1193 396 1230; x_wconf 90' lang='lat' dir='ltr'><strong>ac</strong></span> <span class='ocrx_word' id='word_1_91' title='bbox 436 1174 846 1246; x_wconf 85' lang='lat' dir='ltr'><strong>deceptionem,</strong></span> <span class='ocrx_word' id='word_1_92' title='bbox 903 1171 1003 1226; x_wconf 89' lang='lat' dir='ltr'><strong>sed</strong></span> <span class='ocrx_word' id='word_1_93' title='bbox 1040 1180 1255 1226; x_wconf 88' lang='lat' dir='ltr'><strong>tantum</strong></span> <span class='ocrx_word' id='word_1_94' title='bbox 1293 1172 1519 1243; x_wconf 90' lang='lat' dir='ltr'><strong>plenum</strong></span> <span class='ocrx_word' id='word_1_95' title='bbox 1563 1181 1647 1227; x_wconf 85' lang='lat' dir='ltr'><strong>est</strong></span> <span class='ocrx_word' id='word_1_96' title='bbox 1685 1174 1932 1235; x_wconf 79' lang='lat' dir='ltr'><strong>veritate,</strong></span> 
     </span>
     <span class='ocr_line' id='line_1_14' title="bbox 331 1246 1937 1321; baseline -0.002 -17"><span class='ocrx_word' id='word_1_97' title='bbox 331 1266 573 1321; x_wconf 87' lang='lat' dir='ltr'><strong>quacum</strong></span> <span class='ocrx_word' id='word_1_98' title='bbox 599 1248 752 1303; x_wconf 88' lang='lat' dir='ltr'><strong>nulla</strong></span> <span class='ocrx_word' id='word_1_99' title='bbox 777 1246 1115 1301; x_wconf 82' lang='lat' dir='ltr'><strong>mendacitas</strong></span> <span class='ocrx_word' id='word_1_100' title='bbox 1156 1254 1239 1301; x_wconf 80' lang='lat' dir='ltr'><strong>est</strong></span> <span class='ocrx_word' id='word_1_101' title='bbox 1266 1248 1461 1302; x_wconf 85' lang='lat' dir='ltr'><strong>mixta.</strong></span> <span class='ocrx_word' id='word_1_102' title='bbox 1546 1248 1937 1319; x_wconf 84' lang='lat' dir='ltr'><strong>Interpretatur</strong></span> 
     </span>
     <span class='ocr_line' id='line_1_15' title="bbox 333 1321 1938 1393; baseline -0.001 -14"><span class='ocrx_word' id='word_1_103' title='bbox 333 1333 515 1379; x_wconf 88' lang='lat' dir='ltr'><strong>autem</strong></span> <span class='ocrx_word' id='word_1_104' title='bbox 553 1322 768 1377; x_wconf 83' lang='lat' dir='ltr'><strong>Sodom:</strong></span> <span class='ocrx_word' id='word_1_105' title='bbox 828 1326 1052 1377; x_wconf 73' lang='lat' dir='ltr'><strong>caecitas</strong></span> <span class='ocrx_word' id='word_1_106' title='bbox 1083 1321 1171 1376; x_wconf 86' lang='lat' dir='ltr'><strong>vel</strong></span> <span class='ocrx_word' id='word_1_107' title='bbox 1209 1326 1486 1384; x_wconf 77' lang='lat' dir='ltr'><strong>sterilitas,</strong></span> <span class='ocrx_word' id='word_1_108' title='bbox 1535 1338 1679 1393; x_wconf 90' lang='lat' dir='ltr'><strong>quae</strong></span> <span class='ocrx_word' id='word_1_109' title='bbox 1715 1324 1938 1377; x_wconf 84' lang='lat' dir='ltr'><strong>nomina</strong></span> 
     </span>
     <span class='ocr_line' id='line_1_16' title="bbox 333 1396 1939 1467; baseline 0 -15"><span class='ocrx_word' id='word_1_110' title='bbox 333 1407 464 1452; x_wconf 88' lang='lat' dir='ltr'><strong>sunt</strong></span> <span class='ocrx_word' id='word_1_111' title='bbox 497 1396 799 1467; x_wconf 88' lang='lat' dir='ltr'><strong>impietatis</strong></span> <span class='ocrx_word' id='word_1_112' title='bbox 840 1404 893 1450; x_wconf 90' lang='lat' dir='ltr'><strong>et</strong></span> <span class='ocrx_word' id='word_1_113' title='bbox 929 1396 1310 1467; x_wconf 83' lang='lat' dir='ltr'><strong>insipientiae3</strong></span> <span class='ocrx_word' id='word_1_114' title='bbox 1366 1412 1492 1450; x_wconf 90' lang='lat' dir='ltr'><strong>nam</strong></span> <span class='ocrx_word' id='word_1_115' title='bbox 1530 1414 1725 1452; x_wconf 85' lang='lat' dir='ltr'><strong>caecus</strong></span> <span class='ocrx_word' id='word_1_116' title='bbox 1764 1405 1847 1451; x_wconf 89' lang='lat' dir='ltr'><strong>est</strong></span> <span class='ocrx_word' id='word_1_117' title='bbox 1884 1405 1939 1452; x_wconf 88' lang='lat' dir='ltr'><strong>et</strong></span> 
     </span>
     <span class='ocr_line' id='line_1_17' title="bbox 333 1471 1939 1542; baseline -0.001 -15"><span class='ocrx_word' id='word_1_118' title='bbox 333 1472 540 1527; x_wconf 86' lang='lat' dir='ltr'><strong>sterilis</strong></span> <span class='ocrx_word' id='word_1_119' title='bbox 580 1471 783 1525; x_wconf 88' lang='lat' dir='ltr'><strong>virtute</strong></span> <span class='ocrx_word' id='word_1_120' title='bbox 819 1471 998 1525; x_wconf 85' lang='lat' dir='ltr'><strong>omnis</strong></span> <span class='ocrx_word' id='word_1_121' title='bbox 1037 1472 1136 1541; x_wconf 89' lang='lat' dir='ltr'><strong>qui</strong></span> <span class='ocrx_word' id='word_1_122' title='bbox 1172 1472 1351 1542; x_wconf 88' lang='lat' dir='ltr'><strong>turpis</strong></span> <span class='ocrx_word' id='word_1_123' title='bbox 1379 1472 1527 1525; x_wconf 85' lang='lat' dir='ltr'><strong>vitae</strong></span> <span class='ocrx_word' id='word_1_124' title='bbox 1562 1481 1664 1526; x_wconf 88' lang='lat' dir='ltr'><strong>est.</strong></span> <span class='ocrx_word' id='word_1_125' title='bbox 1748 1472 1939 1527; x_wconf 84' lang='lat' dir='ltr'><strong>Gomor</strong></span> 
     </span>
     <span class='ocr_line' id='line_1_18' title="bbox 332 1546 1939 1618; baseline 0 -17"><span class='ocrx_word' id='word_1_126' title='bbox 332 1563 492 1601; x_wconf 86' lang='lat' dir='ltr'><strong>vero:</strong></span> <span class='ocrx_word' id='word_1_127' title='bbox 533 1562 804 1609; x_wconf 79' lang='lat' dir='ltr'><strong>mensura,</strong></span> <span class='ocrx_word' id='word_1_128' title='bbox 837 1562 981 1616; x_wconf 87' lang='lat' dir='ltr'><strong>quae</strong></span> <span class='ocrx_word' id='word_1_129' title='bbox 1010 1563 1141 1600; x_wconf 82' lang='lat' dir='ltr'><strong>vera</strong></span> <span class='ocrx_word' id='word_1_130' title='bbox 1161 1546 1421 1616; x_wconf 82' lang='lat' dir='ltr'><strong>iustaque</strong></span> <span class='ocrx_word' id='word_1_131' title='bbox 1446 1547 1803 1618; x_wconf 86' lang='lat' dir='ltr'><strong>supponitur:</strong></span> <span class='ocrx_word' id='word_1_132' title='bbox 1854 1548 1939 1601; x_wconf 92' lang='lat' dir='ltr'><strong>uti</strong></span> 
     </span>
     <span class='ocr_line' id='line_1_19' title="bbox 333 1619 1940 1693; baseline 0.001 -18"><span class='ocrx_word' id='word_1_133' title='bbox 333 1630 418 1675; x_wconf 84' lang='lat' dir='ltr'><strong>est</strong></span> <span class='ocrx_word' id='word_1_134' title='bbox 446 1621 682 1676; x_wconf 85' lang='lat' dir='ltr'><strong>verbum</strong></span> <span class='ocrx_word' id='word_1_135' title='bbox 709 1620 993 1686; x_wconf 84' lang='lat' dir='ltr'><strong>divinum,</strong></span> <span class='ocrx_word' id='word_1_136' title='bbox 1036 1635 1149 1691; x_wconf 89' lang='lat' dir='ltr'><strong>quo</strong></span> <span class='ocrx_word' id='word_1_137' title='bbox 1178 1619 1245 1692; x_wconf 83' lang='lat' dir='ltr'><strong>(s.</strong></span> <span class='ocrx_word' id='word_1_138' title='bbox 1270 1620 1383 1693; x_wconf 88' lang='lat' dir='ltr'><strong>cui)</strong></span> <span class='ocrx_word' id='word_1_139' title='bbox 1412 1622 1597 1676; x_wconf 86' lang='lat' dir='ltr'><strong>omnia</strong></span> <span class='ocrx_word' id='word_1_140' title='bbox 1625 1630 1940 1676; x_wconf 84' lang='lat' dir='ltr'><strong>mensurata</strong></span> 
     </span>
     <span class='ocr_line' id='line_1_20' title="bbox 339 1694 1936 1771; baseline 0 -20"><span class='ocrx_word' id='word_1_141' title='bbox 339 1694 412 1771; x_wconf 69' lang='lat'>[³¹⁵]</span> <span class='ocrx_word' id='word_1_142' title='bbox 437 1704 566 1751; x_wconf 88' lang='lat' dir='ltr'><strong>sunt</strong></span> <span class='ocrx_word' id='word_1_143' title='bbox 587 1712 650 1751; x_wconf 86' lang='lat' dir='ltr'><strong>ac</strong></span> <span class='ocrx_word' id='word_1_144' title='bbox 671 1704 1058 1751; x_wconf 84' lang='lat' dir='ltr'><strong>mensurantur</strong></span> <span class='ocrx_word' id='word_1_145' title='bbox 1073 1736 1085 1759; x_wconf 86' lang='lat'>‚</span> <span class='ocrx_word' id='word_1_146' title='bbox 1114 1696 1337 1765; x_wconf 87' lang='lat' dir='ltr'><strong>quaein</strong></span> <span class='ocrx_word' id='word_1_147' title='bbox 1356 1704 1501 1750; x_wconf 89' lang='lat' dir='ltr'><strong>terra</strong></span> <span class='ocrx_word' id='word_1_148' title='bbox 1520 1704 1675 1760; x_wconf 84' lang='lat' dir='ltr'><strong>sunt,</strong></span> <span class='ocrx_word' id='word_1_149' title='bbox 1705 1697 1936 1759; x_wconf 83' lang='lat' dir='ltr'><strong>ratione,</strong></span> 
     </span>
     <span class='ocr_line' id='line_1_21' title="bbox 333 1770 1939 1827; baseline 0 -2"><span class='ocrx_word' id='word_1_150' title='bbox 333 1788 562 1827; x_wconf 86' lang='lat' dir='ltr'><strong>numero</strong></span> <span class='ocrx_word' id='word_1_151' title='bbox 590 1780 644 1827; x_wconf 90' lang='lat' dir='ltr'><strong>et</strong></span> <span class='ocrx_word' id='word_1_152' title='bbox 663 1772 954 1827; x_wconf 83' lang='lat' dir='ltr'><strong>collatione</strong></span> <span class='ocrx_word' id='word_1_153' title='bbox 983 1772 1040 1824; x_wconf 90' lang='lat' dir='ltr'><strong>in</strong></span> <span class='ocrx_word' id='word_1_154' title='bbox 1072 1770 1415 1824; x_wconf 84' lang='lat' dir='ltr'><strong>harmoniam</strong></span> <span class='ocrx_word' id='word_1_155' title='bbox 1446 1777 1501 1824; x_wconf 87' lang='lat' dir='ltr'><strong>et</strong></span> <span class='ocrx_word' id='word_1_156' title='bbox 1528 1774 1939 1826; x_wconf 81' lang='lat' dir='ltr'><strong>consonantiam</strong></span> 
     </span>
     <span class='ocr_line' id='line_1_22' title="bbox 333 1846 1941 1919; baseline 0 -19"><span class='ocrx_word' id='word_1_157' title='bbox 333 1848 729 1919; x_wconf 88' lang='lat' dir='ltr'><strong>comprehensa</strong></span> <span class='ocrx_word' id='word_1_158' title='bbox 743 1889 756 1911; x_wconf 86' lang='lat'>,</span> <span class='ocrx_word' id='word_1_159' title='bbox 787 1862 858 1901; x_wconf 85' lang='lat' dir='ltr'><strong>ex</strong></span> <span class='ocrx_word' id='word_1_160' title='bbox 878 1846 1085 1919; x_wconf 71' lang='lat' dir='ltr'><strong>quihus</strong></span> <span class='ocrx_word' id='word_1_161' title='bbox 1107 1846 1323 1916; x_wconf 86' lang='lat' dir='ltr'><strong>species</strong></span> <span class='ocrx_word' id='word_1_162' title='bbox 1344 1854 1398 1899; x_wconf 86' lang='lat' dir='ltr'><strong>et</strong></span> <span class='ocrx_word' id='word_1_163' title='bbox 1416 1858 1706 1901; x_wconf 79' lang='lat' dir='ltr'><strong>mensurae</strong></span> <span class='ocrx_word' id='word_1_164' title='bbox 1728 1848 1941 1900; x_wconf 87' lang='lat' dir='ltr'><strong>entium</strong></span> 
     </span>
     <span class='ocr_line' id='line_1_23' title="bbox 334 1921 1943 1992; baseline -0.001 -16"><span class='ocrx_word' id='word_1_165' title='bbox 334 1932 653 1977; x_wconf 88' lang='lat' dir='ltr'><strong>cernuntur.</strong></span> <span class='ocrx_word' id='word_1_166' title='bbox 741 1922 1009 1978; x_wconf 84' lang='lat' dir='ltr'><strong>Malorum</strong></span> <span class='ocrx_word' id='word_1_167' title='bbox 1049 1935 1183 1975; x_wconf 73' lang='lat' dir='ltr'><strong>vero</strong></span> <span class='ocrx_word' id='word_1_168' title='bbox 1219 1935 1477 1975; x_wconf 85' lang='lat' dir='ltr'><strong>mensura</strong></span> <span class='ocrx_word' id='word_1_169' title='bbox 1516 1921 1819 1992; x_wconf 76' lang='lat' dir='ltr'><strong>impropria</strong></span> <span class='ocrx_word' id='word_1_170' title='bbox 1859 1930 1943 1975; x_wconf 87' lang='lat' dir='ltr'><strong>est</strong></span> 
     </span>
     <span class='ocr_line' id='line_1_24' title="bbox 333 1994 1941 2067; baseline -0.001 -17"><span class='ocrx_word' id='word_1_171' title='bbox 333 1996 474 2050; x_wconf 85' lang='lat' dir='ltr'><strong>falso</strong></span> <span class='ocrx_word' id='word_1_172' title='bbox 493 1997 742 2057; x_wconf 86' lang='lat' dir='ltr'><strong>nomine,</strong></span> <span class='ocrx_word' id='word_1_173' title='bbox 785 1996 1082 2049; x_wconf 86' lang='lat' dir='ltr'><strong>immodica</strong></span> <span class='ocrx_word' id='word_1_174' title='bbox 1114 2003 1278 2067; x_wconf 83' lang='lat' dir='ltr'><strong>atque</strong></span> <span class='ocrx_word' id='word_1_175' title='bbox 1308 1994 1750 2063; x_wconf 83' lang='lat' dir='ltr'><strong>condemnenda3</strong></span> <span class='ocrx_word' id='word_1_176' title='bbox 1796 1996 1941 2050; x_wconf 88' lang='lat' dir='ltr'><strong>nihil</strong></span> 
     </span>
     <span class='ocr_line' id='line_1_25' title="bbox 334 2069 1943 2125; baseline 0.002 -2"><span class='ocrx_word' id='word_1_177' title='bbox 334 2070 484 2123; x_wconf 89' lang='lat' dir='ltr'><strong>enim</strong></span> <span class='ocrx_word' id='word_1_178' title='bbox 513 2077 890 2122; x_wconf 84' lang='lat' dir='ltr'><strong>mensuratum</strong></span> <span class='ocrx_word' id='word_1_179' title='bbox 919 2078 1002 2124; x_wconf 88' lang='lat' dir='ltr'><strong>est</strong></span> <span class='ocrx_word' id='word_1_180' title='bbox 1027 2078 1121 2125; x_wconf 81' lang='lat' dir='ltr'><strong>aut</strong></span> <span class='ocrx_word' id='word_1_181' title='bbox 1146 2078 1492 2125; x_wconf 82' lang='lat' dir='ltr'><strong>numeratum</strong></span> <span class='ocrx_word' id='word_1_182' title='bbox 1516 2078 1609 2125; x_wconf 87' lang='lat' dir='ltr'><strong>aut</strong></span> <span class='ocrx_word' id='word_1_183' title='bbox 1626 2069 1943 2125; x_wconf 88' lang='lat' dir='ltr'><strong>ordinatum</strong></span> 
     </span>
     <span class='ocr_line' id='line_1_26' title="bbox 336 2144 1939 2217; baseline 0 -18"><span class='ocrx_word' id='word_1_184' title='bbox 336 2144 484 2215; x_wconf 88' lang='lat' dir='ltr'><strong>apud</strong></span> <span class='ocrx_word' id='word_1_185' title='bbox 512 2144 745 2205; x_wconf 89' lang='lat' dir='ltr'><strong>malum,</strong></span> <span class='ocrx_word' id='word_1_186' title='bbox 789 2144 1242 2215; x_wconf 83' lang='lat' dir='ltr'><strong>quandoquidem</strong></span> <span class='ocrx_word' id='word_1_187' title='bbox 1270 2146 1500 2217; x_wconf 73' lang='lat' dir='ltr'><strong>pienum</strong></span> <span class='ocrx_word' id='word_1_188' title='bbox 1530 2153 1615 2199; x_wconf 84' lang='lat' dir='ltr'><strong>est</strong></span> <span class='ocrx_word' id='word_1_189' title='bbox 1640 2146 1793 2199; x_wconf 88' lang='lat' dir='ltr'><strong>omni</strong></span> <span class='ocrx_word' id='word_1_190' title='bbox 1821 2144 1939 2217; x_wconf 78' lang='lat' dir='ltr'><strong>(vel</strong></span> 
     </span>
     <span class='ocr_line' id='line_1_27' title="bbox 335 2215 1463 2290; baseline 0.003 -19"><span class='ocrx_word' id='word_1_191' title='bbox 335 2217 524 2290; x_wconf 89' lang='lat' dir='ltr'><strong>omne)</strong></span> <span class='ocrx_word' id='word_1_192' title='bbox 548 2215 888 2272; x_wconf 83' lang='lat' dir='ltr'><strong>absurditate</strong></span> <span class='ocrx_word' id='word_1_193' title='bbox 913 2226 966 2273; x_wconf 89' lang='lat' dir='ltr'><strong>et</strong></span> <span class='ocrx_word' id='word_1_194' title='bbox 990 2218 1463 2276; x_wconf 84' lang='lat' dir='ltr'><strong>immoderatione.</strong></span> 
     </span>
    </p>
   </div>
   <div class='ocr_carea' id='block_1_4' title="bbox 341 2375 1943 2579">
    <p class='ocr_par' dir='ltr' id='par_1_4' title="bbox 341 2375 1943 2579">
     <span class='ocr_line' id='line_1_28' title="bbox 341 2375 1943 2441; baseline 0.001 -16"><span class='ocrx_word' id='word_1_195' title='bbox 341 2376 436 2426; x_wconf 80' lang='lat' dir='ltr'><strong>Cur</strong></span> <span class='ocrx_word' id='word_1_196' title='bbox 470 2376 595 2426; x_wconf 79' lang='lat' dir='ltr'><strong>velut</strong></span> <span class='ocrx_word' id='word_1_197' title='bbox 629 2375 764 2425; x_wconf 81' lang='lat' dir='ltr'><strong>homo</strong></span> <span class='ocrx_word' id='word_1_198' title='bbox 803 2375 1034 2439; x_wconf 76' lang='lat' dir='ltr'><strong>loquitur,</strong></span> <span class='ocrx_word' id='word_1_199' title='bbox 1090 2376 1279 2425; x_wconf 76' lang='lat' dir='ltr'><strong>dicens.-</strong></span> <span class='ocrx_word' id='word_1_200' title='bbox 1333 2377 1687 2440; x_wconf 76' lang='lat' dir='ltr'><strong>„Descendens</strong></span> <span class='ocrx_word' id='word_1_201' title='bbox 1726 2394 1839 2441; x_wconf 74' lang='lat' dir='ltr'><strong>erqo</strong></span> <span class='ocrx_word' id='word_1_202' title='bbox 1875 2379 1943 2426; x_wconf 74' lang='lat' dir='ltr'><strong>vi·</strong></span> 
     </span>
     <span class='ocr_line' id='line_1_29' title="bbox 471 2442 1937 2509; baseline 0 -16"><span class='ocrx_word' id='word_1_203' title='bbox 471 2444 614 2507; x_wconf 83' lang='lat' dir='ltr'><strong>de&#39;bo,</strong></span> <span class='ocrx_word' id='word_1_204' title='bbox 653 2445 698 2493; x_wconf 77' lang='lat' dir='ltr'><strong>si</strong></span> <span class='ocrx_word' id='word_1_205' title='bbox 723 2443 974 2493; x_wconf 76' lang='lat' dir='ltr'><strong>secundum</strong></span> <span class='ocrx_word' id='word_1_206' title='bbox 1003 2442 1251 2493; x_wconf 78' lang='lat' dir='ltr'><strong>clamorem</strong></span> <span class='ocrx_word' id='word_1_207' title='bbox 1279 2459 1435 2494; x_wconf 73' lang='lat' dir='ltr'><strong>eorum</strong></span> <span class='ocrx_word' id='word_1_208' title='bbox 1469 2446 1553 2509; x_wconf 75' lang='lat' dir='ltr'><strong>qui</strong></span> <span class='ocrx_word' id='word_1_209' title='bbox 1583 2446 1713 2495; x_wconf 77' lang='lat' dir='ltr'><strong>venit</strong></span> <span class='ocrx_word' id='word_1_210' title='bbox 1746 2444 1815 2493; x_wconf 84' lang='lat' dir='ltr'><strong>ad</strong></span> <span class='ocrx_word' id='word_1_211' title='bbox 1850 2460 1937 2506; x_wconf 82' lang='lat' dir='ltr'><strong>me,</strong></span> 
     </span>
     <span class='ocr_line' id='line_1_30' title="bbox 473 2512 1797 2579; baseline 0.001 -18"><span class='ocrx_word' id='word_1_212' title='bbox 473 2522 760 2576; x_wconf 76' lang='lat' dir='ltr'><strong>operantur,-</strong></span> <span class='ocrx_word' id='word_1_213' title='bbox 794 2512 869 2562; x_wconf 75' lang='lat' dir='ltr'><strong>sin</strong></span> <span class='ocrx_word' id='word_1_214' title='bbox 889 2520 1042 2561; x_wconf 79' lang='lat' dir='ltr'><strong>autem</strong></span> <span class='ocrx_word' id='word_1_215' title='bbox 1067 2526 1183 2573; x_wconf 81' lang='lat' dir='ltr'><strong>non,</strong></span> <span class='ocrx_word' id='word_1_216' title='bbox 1220 2512 1521 2562; x_wconf 69' lang='lat' dir='ltr'><strong>utsca&#39;am“?</strong></span> <span class='ocrx_word' id='word_1_217' title='bbox 1557 2514 1665 2579; x_wconf 80' lang='lat'>(18,</span> <span class='ocrx_word' id='word_1_218' title='bbox 1688 2513 1797 2577; x_wconf 83' lang='lat'>21.)</span> 
     </span>
    </p>
   </div>
   <div class='ocr_carea' id='block_1_5' title="bbox 336 2630 1943 2776">
    <p class='ocr_par' dir='ltr' id='par_1_5' title="bbox 336 2630 1943 2776">
     <span class='ocr_line' id='line_1_31' title="bbox 449 2630 1943 2687; baseline 0 -2"><span class='ocrx_word' id='word_1_219' title='bbox 449 2632 536 2685; x_wconf 75' lang='lat'><strong>24.</strong></span> <span class='ocrx_word' id='word_1_220' title='bbox 578 2630 824 2687; x_wconf 82' lang='lat' dir='ltr'><strong>Profecto</strong></span> <span class='ocrx_word' id='word_1_221' title='bbox 854 2648 1014 2685; x_wconf 85' lang='lat' dir='ltr'><strong>verae</strong></span> <span class='ocrx_word' id='word_1_222' title='bbox 1044 2630 1450 2685; x_wconf 88' lang='lat' dir='ltr'><strong>humiliationis</strong></span> <span class='ocrx_word' id='word_1_223' title='bbox 1482 2640 1535 2685; x_wconf 86' lang='lat' dir='ltr'><strong>et</strong></span> <span class='ocrx_word' id='word_1_224' title='bbox 1556 2632 1943 2687; x_wconf 86' lang='lat' dir='ltr'><strong>conniventiae</strong></span> 
     </span>
     <span class='ocr_line' id='line_1_32' title="bbox 336 2704 1943 2776; baseline 0.003 -21"><span class='ocrx_word' id='word_1_225' title='bbox 336 2704 493 2757; x_wconf 84' lang='lat' dir='ltr'><strong>iuxta</strong></span> <span class='ocrx_word' id='word_1_226' title='bbox 532 2712 772 2758; x_wconf 87' lang='lat' dir='ltr'><strong>nostram</strong></span> <span class='ocrx_word' id='word_1_227' title='bbox 820 2714 1071 2760; x_wconf 84' lang='lat' dir='ltr'><strong>naturam</strong></span> <span class='ocrx_word' id='word_1_228' title='bbox 1117 2705 1286 2759; x_wconf 86' lang='lat' dir='ltr'><strong>dictio</strong></span> <span class='ocrx_word' id='word_1_229' title='bbox 1330 2704 1467 2757; x_wconf 88' lang='lat' dir='ltr'><strong>haec</strong></span> <span class='ocrx_word' id='word_1_230' title='bbox 1510 2715 1620 2771; x_wconf 88' lang='lat' dir='ltr'><strong>est,</strong></span> <span class='ocrx_word' id='word_1_231' title='bbox 1678 2706 1943 2776; x_wconf 88' lang='lat' dir='ltr'><strong>quoniam</strong></span> 
     </span>
    </p>
   </div>
  </div>
 </body>
</html>
