2125 3084
148 172 237 249 [11‚
265 169 386 245 aaa]
504 180 586 225 ῙΝ
624 180 980 227 GENEsm.
1025 184 1280 230 animo
1319 186 1408 234 iv.
1666 184 1751 234 494

155 329 320 387 Quare
356 326 499 390 dicit,
546 328 678 393 quod
709 366 743 392 ,‚
756 329 905 379 Isaac
941 330 1105 380 dilexit
1138 331 1302 393 Esau,
1347 332 1567 383 Rebecca
1604 348 1758 387 autem

555 395 786 459 diliyebat
819 396 1053 447 Iacob“?
1098 403 1204 461 (25,
1246 400 1354 458 28.)

266 501 383 552 466.
436 496 576 563 Quis
603 514 714 551 non
743 499 975 554 miretur
1009 500 1412 571 appositionem
1448 504 1753 570 nominum,

145 590 288 645 quae
319 579 510 635 contra
527 588 590 627 se
611 572 854 627 invicem
879 572 952 647 [³¹⁶]
978 582 1228 629 accurate
1258 584 1422 647 atque
1444 583 1568 647 apte
1589 579 1759 633 collo-

146 656 263 703 cata
305 646 645 703 cernuntur?
699 648 846 702 Illud
884 650 1034 702 enim
1072 653 1263 703 dilexit
1299 651 1560 705 narrandi
1598 654 1758 708 modo

145 722 508 795 praeteritum
538 729 758 793 tempus
795 722 1030 791 indicat3
1105 728 1355 792 diliqebat
1390 734 1573 780 autem
1610 744 1758 782 sem-

141 816 242 870 per
287 796 447 851 adest
484 806 940 869 perseveratque,
1001 797 1110 853 fine
1149 798 1238 853 vel
1286 803 1757 857 consummatione

141 888 454 943 numquam
473 878 713 943 recepta.
791 874 872 927 Ne
895 872 1030 927 forte
1052 874 1173 928 iure
1194 875 1527 947 meritoque3
1576 892 1757 947 quon-

141 951 256 1003 iam
279 947 584 1018 acceptatio
604 947 736 1002 mali
756 956 812 1001 et
830 949 1011 1019 turpis
1033 948 1137 1002 etsi
1156 959 1406 1004 occurrat
1432 950 1749 1022 aliquando,

139 1023 342 1095 exigui
361 1022 628 1093 temporis
650 1031 733 1077 est
752 1030 806 1078 et
825 1040 932 1077 non
953 1022 1244 1086 diuturna,
1290 1025 1420 1079 boni
1441 1044 1573 1080 vero
1592 1030 1753 1098 quasi

139 1098 474 1153 immortalis
497 1096 711 1163 evadit,
743 1096 1065 1169 poenitendi
1087 1100 1293 1153 nescia.

143 1240 241 1290 Cur
285 1240 347 1287 ob
397 1255 593 1288 causam
635 1238 846 1301 aliquam
881 1240 1038 1304 diliyit
1074 1240 1185 1289 ille?
1237 1240 1357 1289 dia-it
1392 1244 1538 1291 enim.-
1590 1244 1754 1306 „quia

277 1307 482 1437 ἕέἒατὲεὲ
507 1306 608 1437 §ius
643 1316 748 1355 erat
784 1307 913 1355 cibus
947 1307 1043 1371 ipsi
1053 1310 1088 1336 “
1097 1326 1115 1368 ;
1170 1317 1222 1357 at
1256 1318 1407 1357 mater
1439 1309 1539 1358 sine
1575 1316 1754 1360 causa?

371 1410 386 1436 ,
489 1409 501 1422 .

257 1475 376 1529 467.
446 1474 868 1547 Sapientissime
917 1476 1173 1547 quidem,
1237 1478 1498 1549 quoniam
1548 1479 1748 1535 virtute

197 1716 368 1775 Quare
403 1716 578 1767 dicitur
608 1715 757 1766 Isaac
791 1754 824 1781 „
841 1716 1106 1767 dilexilese“
1139 1718 1302 1780 Esau,
1341 1716 1563 1766 Rebecca
1595 1734 1703 1767 vero

663 1783 990 1849 ‚,dili9ebat“
1039 1784 1223 1833 Iacob?

265 1890 382 1941 466.
420 1885 558 1953 Quis
579 1902 690 1941 non
708 1887 936 1941 miretur
956 1886 1247 1940 nominum
1268 1883 1617 1954 positionem,
1642 1892 1752 1938 tam

137 1971 294 2018 recte
314 1969 370 2017 et
389 1962 676 2032 aptissime
695 1961 862 2015 rebus
883 1956 1310 2017 consonantem?
1343 1958 1585 2013 Dicendo
1604 1958 1753 2011 enim

136 2042 361 2100 dilexit,
394 2043 727 2091 transactum
749 2037 995 2103 insinuat
1015 2043 1261 2106 tempus;
1308 2032 1458 2105 quod
1478 2051 1608 2088 vero
1630 2036 1756 2087 dili-

137 2117 316 2182 ρεῖαν,
341 2110 496 2167 adest
513 2111 734 2182 utrique
749 2152 761 2175 ‚
794 2118 848 2165 et
876 2111 1304 2182 sempiternatur
1328 2110 1450 2164 sine
1472 2108 1579 2164 fine
1599 2108 1756 2164 defe-

138 2186 379 2251 ctioni8‚
421 2195 475 2241 et
499 2186 727 2242 forsitan
753 2203 926 2257 prava
955 2186 1298 2240 conversatio
1329 2185 1458 2241 licet
1486 2184 1751 2245 florescat,

137 2261 494 2332 temporalia,
519 2269 714 2331 utpute
735 2260 934 2315 diurna
949 2302 961 2324 ‚
986 2277 1095 2315 non
1116 2260 1376 2316 diuturna
1398 2269 1500 2313 est.
1548 2257 1755 2328 Respui

140 2337 339 2407 (maro.
371 2336 612 2407 reprobi)
642 2352 774 2390 vero
802 2352 981 2390 mores
1010 2336 1347 2391 immortales
1376 2332 1758 2404 impoenitibi-

140 2411 246 2466 lea.

181 2534 352 2591 Quare
391 2535 454 2583 ab
490 2549 582 2583 uuo
614 2550 708 2598 pro
745 2549 894 2582 causa
927 2524 1209 2584 venationis*
1228 2534 1538 2598 diliyebatur,
1576 2539 1727 2580 mater

717 2617 827 2650 vero
868 2601 968 2649 sine
1007 2606 1188 2651 causa?

266 2703 384 2757 467.
429 2700 852 2771 Sapientissime
882 2700 1095 2757 dictum
1123 2710 1225 2757 ost.
1308 2700 1599 2757 Studiosus
1632 2720 1760 2757 vero
