2125 3084
156 206 232 275 [1,
262 205 355 273 sa]
429 210 529 256 nn
568 200 1109 257 rnovmmwru
1145 210 1400 257 sunno
1439 212 1506 259 11.
1693 204 1761 260 95

292 312 475 389 Ver-tam
522 320 569 365 te
611 316 668 366 in
713 326 875 365 curru
914 310 1053 365 Iovis
1095 326 1220 379 eque
1256 314 1382 365 ἀοιιε
1419 310 1494 380 (ε.
1534 316 1591 366 in
1627 312 1764 369 lovis

394 402 521 454 equo
556 386 711 457 deus)
751 402 878 454 roqo

284 462 543 515 indemnes
579 463 649 515 ad
688 462 1076 528 temperantiam
1110 462 1218 513 sint
1254 463 1682 514 commutationes.

291 536 460 602 Quam
499 538 740 598 cantabo,
781 552 812 587 ο
848 536 1072 602 yloriam
1106 537 1334 587 modesta

396 614 709 679 aequissima
748 609 817 679 (a.
858 607 1292 678 communissima)
1329 610 1453 664 ars!

286 722 373 772 84.
422 718 653 772 Istarum
685 724 865 771 autem
894 732 1076 771 rerum
1085 716 1335 771 scientia
1365 732 1394 769 a
1423 722 1573 770 metu
1592 716 1766 771 malo-

170 811 299 848 rum
340 792 669 847 daemonum
707 808 771 845 ac
802 800 1005 846 terrore
1034 789 1241 846 indicio
1269 806 1370 846 suo
1399 789 1612 845 eximit.
1690 790 1766 845 De

170 868 264 923 his
292 884 449 939 ergO,
490 876 633 936 quae
661 866 731 920 ad
760 866 981 937 singula
1009 864 1359 935 spectabant,
1400 864 1612 921 dictum
1651 874 1758 931 est3

168 950 387 1014 oportet
406 949 584 995 tamen
606 950 661 995 et
676 940 745 997 de
764 942 976 995 cunctis
996 940 1164 995 simul
1186 940 1246 995 id
1265 957 1508 996 noscere.

288 1052 381 1105 82:
422 1048 523 1102 Per
550 1047 953 1119 providentiam
980 1049 1244 1102 nimirum
1283 1046 1486 1102 dicitur
1524 1046 1764 1102 mundus

173 1125 323 1196 regi,
367 1139 473 1177 non
500 1123 649 1193 quod
676 1125 923 1178 omnium
951 1139 1114 1177 causa
1142 1123 1278 1177 deus
1307 1124 1381 1177 sit
1398 1154 1474 1165 —
1493 1138 1594 1177 nec
1616 1122 1764 1177 enim

176 1199 447 1253 malorum
486 1214 663 1268 neque
701 1215 914 1262 eorum,
958 1214 1100 1269 quae
1139 1204 1287 1252 extra
1329 1206 1578 1253 naturam
1605 1196 1760 1261 fiunt,

176 1289 359 1345 neque
380 1289 597 1337 eorum,
636 1290 777 1344 quae
796 1274 1013 1328 nullum
1032 1279 1308 1345 praestant
1327 1289 1490 1327 usum
1508 1272 1763 1327 utilitatis

176 1348 364 1421 (causa
384 1364 482 1419 per
506 1365 567 1403 se
594 1350 923 1421 comperitur
950 1348 1108 1421 deus)
1135 1378 1236 1412 —-,
1279 1348 1378 1403 sed
1409 1346 1768 1420 quemadmo-

178 1424 315 1478 dum
334 1423 467 1477 urbs
487 1424 727 1479 virtuosa
746 1440 847 1495 per
866 1424 1044 1497 legem
1075 1422 1278 1478 dicitur
1303 1424 1421 1497 regi
1436 1465 1448 1488 ‚
1493 1431 1764 1495 quatenus

178 1498 511 1553 abundantia
531 1500 590 1553 in
612 1516 674 1553 ea
702 1507 755 1552 et
780 1516 877 1553 res·
900 1500 1266 1562 necessariae,
1307 1499 1534 1555 consilia
1552 1540 1564 1563 ,
1609 1498 1766 1570 prin-

176 1576 357 1645 cipeS,
398 1574 639 1637 iudiceS‚
675 1572 865 1628 laudes
884 1572 1226 1661 honoresque
1245 1573 1433 1637 honis,
1468 1572 1766 1645 reprehen-

176 1649 359 1703 siones
380 1656 433 1703 et
460 1648 737 1718 supplicia
762 1664 1060 1717 poenarum
1088 1649 1340 1712 iniustis»,
1385 1656 1438 1702 et
1465 1662 1767 1718 quaecum-

178 1736 297 1806 que
310 1721 378 1774 ad
395 1722 533 1775 haec
550 1720 859 1775 referuntur
879 1722 1116 1791 optimae
1142 1723 1581 1784 constitutiones,
1626 1720 1768 1773 bene

178 1793 427 1851 ordinata
448 1802 602 1857 sunt,
636 1794 931 1849 violentiae
948 1812 1080 1848 vero
1099 1804 1152 1848 et
1172 1794 1394 1879 rapinae
1415 1800 1479 1847 ac
1507 1792 1768 1846 consimi-

91 1934 95 1939 .
180 1871 317 1926 lium
338 1884 445 1922 non
466 1867 592 1922 lex
578 1884 633 1921 ιιι
656 1882 819 1921 causa
840 1875 939 1929 est,
964 1868 1062 1921 sed
1081 1868 1345 1937 iniquitas
1364 1866 1666 1920 incolarum
1688 1866 1769 1919 le-

178 1959 304 2029 gem
348 1942 830 1997 contemnentium.
927 1940 1196 1995 Similiter
1232 1956 1330 2009 per
1367 1939 1768 2010 providentiam

179 2018 298 2089 regi
318 2017 558 2072 mundus
578 2016 809 2080 dicitur,
833 2032 941 2070 non
962 2014 1110 2087 quod
1131 2014 1312 2068 omnia
1333 2022 1586 2086 procuret
1606 2013 1762 2078 deus,

181 2092 280 2149 sed
306 2092 436 2163 quia
467 2092 709 2177 dignitas
738 2091 857 2146 eius
886 2098 1110 2144 naturae
1141 2097 1250 2152 est,
1293 2098 1355 2143 ut
1381 2090 1604 2143 omnino
1625 2088 1766 2143 bona

182 2166 587 2238 utilissimaque
624 2168 723 2233 sit3
788 2165 1054 2220 contraria
1089 2179 1221 2218 vero
1259 2163 1347 2219 vel
1387 2164 1644 2218 materiae
1679 2164 1764 2219 vel

182 2242 421 2299 malitiae
441 2250 667 2299 naturae
687 2240 1073 2295 immoderatae
1095 2236 1169 2315 [³¹⁶]
1193 2240 1390 2294 erroris
1410 2246 1540 2295 sunt
1567 2236 1764 2303 foetus,

180 2334 413 2389 quorum
432 2316 569 2371 deus
592 2334 698 2372 non
718 2324 800 2370 est
820 2316 1002 2370 causa.

364 2425 537 2479 ,Αιιι
550 2442 743 2479 num:
756 2443 805 2479 ιι.
836 2423 1014 2479 Verba
1035 2402 1356 2479 huiusmodi
1377 2422 1766 2477 assentationes

183 2428 355 2564 suntg?
377 2500 583 2571 quibus
612 2507 805 2573 putant
834 2499 1033 2571 aliqui
1042 2500 1264 2554 allicere
1294 2498 1460 2561 deum
1490 2497 1560 2551 ad
1597 2498 1768 2553 instar

183 2575 493 2639 hominum,
516 2576 615 2646 qui
637 2574 974 2630 delectantur
994 2574 1328 2633 adulatione.
1405 2572 1692 2645 Alioquin,
1715 2574 1764 2628 si

184 2658 325 2705 certa
354 2666 593 2721 veraque
632 2659 775 2705 esset
801 2650 1178 2722 providentia,
1221 2667 1345 2714 cur,
1387 2666 1616 2721 quaeso,
1658 2666 1766 2705 non

182 2732 290 2779 tota
325 2733 466 2788 terra
500 2728 807 2784 universim
833 2726 1128 2783 habitanda
1159 2725 1381 2791 fuisset,
1425 2725 1494 2781 ad
1521 2742 1766 2783 normam
