2125 3084
153 180 403 252 [1‚55.56.]
443 190 542 236 nn
578 190 1127 267 rnovmnwrn
1165 192 1417 237 sunno
1453 158 1551 239 ns
1692 188 1750 241 δι

152 280 303 349 nalis
323 298 547 347 naturae
566 298 721 363 pater
741 298 823 347 est
835 332 848 355 ,
894 297 1214 345 cunctorum
1235 291 1456 347 illorum
1476 295 1574 364 qui
1594 296 1761 351 ratio-

152 384 285 425 nem
309 366 487 421 sortiti
505 374 661 430 sunt,
695 382 883 420 curam
902 364 1071 420 habet
1084 406 1097 429 ,
1130 372 1184 435 et
1204 363 1351 422 fovet
1367 366 1494 425 illos
1512 384 1752 441 quoque,

154 443 259 514 qui
282 458 499 495 reorum
516 442 690 496 instar
713 441 935 508 vivunt;
982 440 1150 495 simul
1178 448 1231 495 et
1250 449 1468 512 tempus
1488 441 1558 498 ad
1578 460 1760 498 corre-

158 517 400 572 ctionem
420 516 503 570 eis
524 515 777 571 concedit
790 556 802 580 ‚
836 531 939 569 nec
970 532 999 569 a
1018 516 1256 587 propitia
1277 533 1376 570 sua
1397 524 1588 571 natura
1606 534 1760 573 rece-

154 592 271 655 dit,
314 607 481 661 quam
510 598 819 662 sequuntur
847 590 1024 645 virtus
1052 598 1106 643 et
1134 590 1192 643 in
1222 590 1474 646 homines
1499 591 1760 665 benigni-

153 677 273 722 tas:
317 667 477 738 isque
506 666 750 737 optimus
780 664 867 719 illi
894 663 1029 719 ordo
1058 672 1142 719 est
1162 664 1493 735 perlustrare
1511 666 1760 723 divinam

155 742 387 796 domum
408 738 626 814 (suam),

278 845 357 897 ⁴6.
406 842 587 897 Unum
617 842 803 912 itaque
832 840 1067 896 verbum
1094 842 1198 897 hoc
1231 842 1290 896 in
1319 844 1564 900 animum
1575 844 1629 919 *)
1668 864 1760 901 ac—

154 920 289 990 cipe
318 934 381 971 ao
409 916 570 979 corde
601 924 694 972 tuo
714 916 947 971 reconde
948 936 976 989 Ι·
1024 913 1097 991 [*]
1131 926 1247 971 tum
1277 919 1506 974 alterum
1536 936 1760 992 quoque

150 994 275 1077 ipsi
296 1008 595 1046 consonum
625 999 787 1063 atque
806 990 1161 1046 conveniens.
1239 994 1320 1047 Ne
1337 993 1474 1049 adeo
1491 1012 1758 1067 umquam

148 1066 499 1124 mendaciter
523 1064 766 1138 proferas
794 1065 865 1121 de
892 1066 1148 1131 veritate,
1179 1065 1517 1137 Alexander,
1547 1080 1609 1127 ut
1630 1070 1758 1127 feli.-

156 1160 285 1199 cem
305 1156 639 1212 quemquam
656 1140 1168 1213 malignorumesse
1187 1151 1348 1213 putes
1362 1184 1376 1208 ,
1399 1146 1502 1200 etsi
1523 1146 1758 1219 opulen-

149 1220 267 1279 tior
285 1217 359 1271 sit
382 1214 582 1271 Croeso
620 1224 673 1271 et
698 1218 915 1289 Lynceo
950 1216 1158 1271 acutior
1193 1218 1320 1273 visu
1349 1236 1412 1273 ac
1440 1220 1756 1295 longaevior

152 1291 507 1349 Amentilone
517 1289 603 1364 *Ἴ
632 1291 1028 1362 pulchriorque
1058 1291 1402 1366 Ganymede:

276 1384 435 1449 Quem
462 1391 511 1437 et
528 1390 841 1437 assumentes
858 1399 1083 1457 rapuere
1101 1388 1208 1449 dei,
1231 1392 1290 1440 ut
1317 1386 1430 1456 Iovi
1456 1393 1633 1444 vinum
1660 1394 1757 1444 ad-
1845 1460 1850 1463 Ι

373 1452 696 1512 ministraret
706 1500 721 1519 ,
736 1502 747 1511 .

262 1542 477 1603 propter
492 1550 642 1587 auam
654 1534 1111 1600 pulchritudinem.

151 1628 359 1681 Verum
380 1625 530 1693 enim
548 1640 681 1680 vero
701 1622 751 1677 si
774 1623 903 1695 quis
922 1640 1088 1683 suum
1109 1624 1430 1683 daemonem
1443 1669 1456 1692 ,
1493 1627 1756 1689 videlicet

148 1708 397 1756 mentem
431 1715 619 1762 suam,
671 1696 929 1768 plurimis
944 1740 963 1764 ,¹
1007 1717 1116 1757 non
1145 1703 1368 1773 paucis,
1419 1702 1658 1757 dominis
1697 1705 1755 1757 in

149 1775 482 1831 servitutem
502 1772 743 1835 dederit,
775 1774 973 1838 amori,
1006 1775 1324 1847 cupiditati,
1357 1777 1653 1848 voluptati,
1684 1778 1758 1831 ti·-

148 1850 323 1913 mori,
360 1848 622 1913 moerori,
657 1846 861 1903 liberae
892 1847 1146 1915 libidini,
1180 1849 1488 1916 formidini,
1532 1851 1756 1905 iniusti-

148 1928 265 1981 tiae
280 1965 294 1989 ,
320 1939 622 1994 numquam
640 1923 840 1992 poterit
860 1923 998 1979 felix
1016 1941 1164 1978 esse:
1191 1926 1294 1980 etsi
1313 1925 1474 1979 multi
1496 1925 1756 1979 aberran-

146 2011 237 2057 tes
268 2017 298 2054 a
328 1999 557 2065 veritate
585 1999 662 2053 ita
690 1998 941 2069 credant,
983 1999 1144 2070 quasi
1172 1998 1314 2075 dono
1343 2000 1586 2071 corrupti
1606 2016 1637 2054 a
1657 2002 1755 2072 ge-

150 2076 327 2131 minis
356 2074 517 2130 malis
544 2073 687 2138 illis,
744 2072 889 2129 fastu
928 2081 981 2128 et
1016 2073 1169 2127 inani
1209 2075 1584 2129 aestimatione
1615 2074 1754 2146 (sive

147 2167 297 2207 vana
317 2147 538 2221 gloria),
582 2150 764 2205 saevis
792 2150 915 2203 istis
944 2148 1098 2202 vitiis
1119 2148 1464 2206 irritantibus
1485 2148 1755 2207 seducen-

146 2228 416 2295 tibusque
435 2224 804 2279 inconstantes
824 2224 1034 2277 animos
1050 2240 1078 2289 ;·
1095 2222 1164 2276 de
1184 2224 1390 2294 quibus
1411 2224 1576 2293 rebus
1597 2225 1754 2279 solli-

150 2303 263 2357 cita
284 2308 366 2355 est
386 2307 446 2354 ut
464 2299 771 2369 plurimum
791 2314 929 2370 gens
948 2296 1258 2366 hominurn.

276 2392 356 2447 47.
380 2391 537 2457 Quod
556 2391 607 2445 si
627 2390 816 2445 oculos
838 2389 1009 2444 animi
1028 2391 1192 2481 quasi
1215 2392 1466 2463 aperiens
1477 2390 1534 2462 ᾧ)
1557 2386 1628 2464 [Ἴ
1654 2408 1750 2445 ve-

244 2533 327 2623 ti)
347 2529 421 2621 (3ss
447 2530 785 2620 &salgami-&zu
796 2531 967 2619 ῖέιοῖἰιὲον
994 2581 1233 2622 Crotoniate
1265 2584 1435 2622 Milone.
1485 2582 1647 2623 Aneh.

253 2636 295 2681 τ)
336 2632 484 2671 Lectio
521 2632 699 2671 confusa.
732 2634 841 2679 erat,
888 2634 1088 2679 quoniam
1121 2634 1330 2683 interpres
1363 2634 1483 2673 Arm.
1510 2634 1680 2683 legebat
1705 2637 1751 2674 in
1787 2676 1794 2683 ,

151 2686 226 2725 Gr.
266 2680 423 2729 τινὰς,·
458 2684 680 2730 quosdam,
734 2682 809 2721 ubi
848 2680 921 2721 Gr.
965 2686 1202 2723 eommunia
1241 2685 1373 2725 habet
1409 2685 1561 2725 melius
1604 2683 1748 2732 τείνας,

149 2737 332 2776 teudem-
382 2732 547 2773 Auch.
