2125 3084
337 161 434 212 330
593 161 790 206 PHIL.
828 160 976 208 Iun.
1017 159 1336 218 QUAEST.
1374 159 1477 206 ΕΤ
1516 160 1679 206 801..
1731 155 1949 224 [11,482.]

411 325 508 376 Cur
542 323 684 374 dicit:
740 359 774 386 „
787 322 1083 373 Benedicent
1120 340 1297 388 panem
1333 333 1457 372 tuum
1492 333 1539 372 et
1572 339 1751 386 aquam
1762 361 1778 388 ,
1838 337 1885 376 ct

596 401 807 440 avertam
843 391 1145 452 infirmitates
1179 407 1213 438 a
1249 392 1378 438 te“?
1438 395 1545 452 (23,
1568 392 1678 448 25.)

455 505 537 556 ⁴8.
591 500 792 556 Cibum
829 507 884 554 et
917 500 1209 554 sanitatem
1246 499 1563 572 subsignat:
1614 499 1809 555 cibum
1846 519 1949 572 per

331 593 520 646 panem
539 585 588 630 et
607 593 824 644 aquam,
867 576 1159 629 sanitatem
1182 591 1314 629 vero
1332 591 1433 644 per
1450 579 1771 628 aversionem
1788 580 1947 643 infir-

336 655 595 706 mitatum.
655 647 916 704 Secundo
933 649 1253 722 religiosam
1274 648 1659 703 abstinentiam
1680 650 1945 703 enunciat

337 725 692 796 perceptione
730 725 1167 779 necessariorum
1212 723 1465 778 ciborum
1480 764 1492 787 ,
1554 722 1691 776 haec
1726 731 1943 776 tantum

339 798 532 853 dicens
547 839 560 862 ,
603 796 754 868 quod
780 797 941 852 cibus
969 799 1044 853 sit
1071 798 1385 868 incomptus
1400 837 1414 861 ‚
1456 798 1617 868 panis
1643 790 1941 867 superfluis

340 889 532 928 carens
547 913 559 934 ‚
603 881 657 926 et
675 880 838 942 potus
859 888 1002 943 aqua
1019 873 1353 927 scaturiens:
1407 871 1499 926 his
1518 871 1713 942 positis
1736 871 1941 924 sanitas

341 948 464 1002 erit.
532 947 713 1001 Tertio
733 955 844 1001 tam
865 947 1012 1001 vitae
1027 987 1039 1010 ‚
1066 963 1235 1017 quam
1258 945 1433 1000 bonae
1454 946 1603 1000 vitae
1624 946 1941 1000 memoriam

339 1021 498 1076 facit:
559 1019 841 1092 siquidem
880 1020 950 1075 ad
987 1020 1297 1076 vivendum
1333 1021 1644 1074 necessaria
1678 1028 1808 1074 sunt
1842 1035 1943 1090 pa-

339 1098 430 1150 nis
458 1103 514 1149 et
543 1111 712 1166 aqua,
757 1095 828 1149 ad
856 1095 998 1149 bene
1027 1111 1161 1149 vero
1186 1093 1493 1152 vivendum
1520 1081 1745 1165 apat'bia
1774 1103 1829 1149 et
1854 1094 1944 1146 in-

338 1171 566 1242 tegritas
602 1187 837 1225 morum.
916 1167 1119 1234 Quarto
1156 1167 1379 1223 videtur
1406 1167 1691 1240 Scriptura
1722 1185 1944 1224 causam

341 1245 593 1298 sanitatis
613 1242 892 1299 declarare
913 1242 1287 1316 frugalitatem
1307 1243 1515 1298 victus:
1541 1245 1807 1315 quoniam
1824 1244 1943 1298 vini

341 1318 769 1389 compotationes
809 1326 862 1371 et
902 1319 1327 1373 comessationes
1366 1316 1601 1388 dapum,
1664 1335 1810 1389 quae
1846 1335 1944 1390 per

342 1391 664 1446 aviditatem
683 1399 739 1445 et
755 1391 944 1462 gulam
967 1402 1230 1466 aguntur,
1260 1391 1333 1448 ob
1354 1393 1591 1447 abusum
1612 1393 1943 1464 expletionis

342 1464 593 1520 efficiunt
613 1465 867 1518 morbum
888 1483 1194 1538 causasque
1204 1483 1529 1540 magnarum
1540 1467 1941 1526 infirmitatum.

341 1539 545 1605 Quinto
574 1537 880 1594 doctrinam
905 1541 1067 1596 nobis
1089 1541 1475 1614 dignissimam
1494 1543 1599 1598 rite
1617 1541 1803 1607 docet,
1848 1541 1947 1597 ad-

342 1630 572 1668 monens
588 1654 600 1677 ‚
633 1613 785 1685 quod
803 1632 906 1670 nec
925 1617 1087 1687 panis
1108 1633 1289 1688 neque
1312 1634 1455 1689 aqua
1471 1633 1570 1687 per
1591 1635 1651 1674 se
1671 1619 1941 1680 nutriunt,

342 1687 442 1744 sed
463 1688 762 1760 aliquando
782 1691 946 1744 etiam
969 1691 1232 1746 damnum
1250 1691 1433 1746 ferunt
1450 1693 1629 1765 magis
1647 1709 1816 1764 quam
1835 1693 1947 1746 uti-

343 1765 581 1828 litatem,
625 1764 1012 1821 nisidivinum
1032 1766 1268 1822 verbum
1296 1767 1418 1820 istis
1438 1783 1549 1838 quo
1589 1784 1659 1822 ue
1687 1767 1947 1823 concedat

342 1840 637 1911 perutilem
666 1841 946 1896 virtutem.
1035 1839 1403 1906 Quamobrem
1428 1849 1483 1896 et
1516 1839 1569 1914 [⁴¹⁵
1628 1840 1800 1897 dixit:
1847 1842 1946 1896 Be-

344 1919 584 1969 nedicam
595 1921 728 1983 pani
749 1925 836 1970 tuo
855 1925 903 1970 et
921 1933 1092 1986 aquae
1112 1925 1259 1984 tuae;
1300 1932 1364 1970 eo
1382 1915 1541 1986 quod·
1552 1934 1661 1971 non
1682 1925 1813 1971 sunt
1830 1914 1947 1970 suf-

345 1989 592 2044 ficientes
611 2006 710 2076 per
730 2007 790 2046 se
815 1990 996 2046 solum
1022 1991 1235 2062 nutrire
1253 1991 1374 2046 sine
1396 1990 1586 2047 divina
1606 1991 1946 2047 conciliatio-

347 2080 414 2118 ne
435 2080 564 2119 cum
591 2080 792 2119 amma.

488 2202 648 2261 Quare
689 2204 829 2255 dicit.-
878 2203 1042 2268 „Non
1079 2208 1167 2257 erit
1198 2208 1249 2256 in
1286 2218 1330 2258 te
1362 2209 1532 2259 semine
1566 2223 1735 2258 carens
1771 2215 1817 2256 et

873 2273 1129 2322 sterilt2⁹“?
1181 2279 1289 2338 (23,
1310 2277 1420 2336 26.)

464 2375 546 2426 ⁴9.
592 2372 1024 2428 Infoecunditate
1049 2391 1115 2429 ac
1142 2375 1429 2432 sterilitate
1456 2378 1515 2430 in
1544 2374 1950 2431 maledictionis

345 2447 540 2502 ordine
560 2449 758 2518 positis
786 2465 892 2502 non
913 2449 1044 2512 erit,
1088 2451 1297 2520 inquit,
1340 2451 1490 2523 apud
1515 2467 1635 2516 θοε,
1677 2451 1777 2521 qui
1806 2450 1952 2518 iusta

348 2521 708 2594 legitimaque
737 2531 1056 2593 operantur:
1109 2526 1371 2596 quoniam
1400 2527 1460 2580 in
1484 2526 1791 2597 praemium
1820 2539 1953 2578 con-

348 2597 700 2652 servantibus
727 2596 975 2652 divinam
1005 2599 1336 2669 scripturam
1365 2601 1506 2672 legis
1535 2607 1775 2670 praestat
1794 2599 1955 2669 prin-

349 2669 588 2736 cipalem
619 2671 798 2742 legem
828 2671 1155 2728 immortalis
1186 2682 1436 2740 naturae,
1480 2691 1622 2745 quae
1650 2675 1709 2727 in
1739 2673 1953 2728 semine
