2125 3084
328 177 393 229 58
577 178 775 225 PHu..
818 177 967 223 nm.
1008 176 1334 234 QUAEs'r.
1371 177 1471 221 ET
1511 177 1667 221 sol„
1712 167 1930 244 [nasa]

328 281 497 343 eima,
542 279 711 333 altera
738 294 961 349 quoque
991 276 1208 332 decima
1235 276 1547 331 abstollitur
1573 293 1643 331 ex
1663 276 1931 331 residuis.

324 356 413 409 Ex
441 354 564 408 istis
595 354 781 424 itaque
810 352 1029 407 duobus
1060 352 1364 407 maioritate
1393 351 1719 406 honoratum
1747 359 1832 407 est
1858 352 1936 406 il·—

330 428 429 483 lud
452 428 695 500 primum
716 445 779 483 ac
798 428 1127 500 principale,
1153 435 1206 481 et
1225 426 1468 481 secundo
1489 425 1770 481 locoistud
1781 427 1935 497 quod

326 504 597 575 sequitur.
678 503 948 570 Quoniam
988 502 1334 556 centenarius
1370 517 1636 556 numerus
1663 519 1934 557 annorum

330 579 599 650 sapientis
646 576 1066 649 comprehendit
1113 576 1302 631 ambas
1348 577 1623 647 primitias
1640 617 1652 640 ,
1723 576 1934 648 quibus

326 661 701 716 consecratur,
745 654 982 724 primam
1011 652 1242 722 inquam
1269 659 1322 705 et
1349 650 1672 705 secundam.
1749 653 1937 707 Nona-

326 730 587 801 genarius
616 735 799 782 autem
828 744 1096 782 annorum
1123 726 1378 781 feminini
1405 726 1628 797 generis
1667 743 1935 781 numerus

329 804 571 858 continet
600 801 871 856 secundas
895 802 1172 873 primitias
1191 802 1430 855 minores
1445 841 1458 864 ,
1491 798 1742 855 residuas
1763 801 1937 855 nimi-

331 895 455 933 rum
474 878 643 949 primi
662 885 715 931 et
734 877 878 931 inter
896 894 1081 931 sacros
1101 893 1358 931 numeros
1377 875 1587 947 magni.
1663 876 1808 929 Haec
1828 876 1936 930 ita-

328 968 439 1022 que
459 953 639 1023 prima
658 950 873 1006 dicatur
894 951 1106 1006 theoria
1136 950 1319 1023 (visio)
1347 951 1404 1005 in
1435 967 1589 1005 sacra
1619 950 1740 1023 lege
1769 949 1937 1005 fami-

330 1027 485 1082 liaris
514 1034 569 1081 et
597 1026 766 1082 altera
792 1027 1108 1099 generalem
1134 1026 1346 1080 habens
1365 1034 1640 1093 naturam3
1694 1042 1936 1097 namque

329 1102 721 1174 nonagesimus
760 1118 1025 1157 numerus
1067 1100 1266 1155 fertilis
1305 1108 1414 1164 est,
1463 1116 1633 1171 quare
1663 1107 1718 1154 et
1743 1117 1935 1155 mense

332 1194 473 1232 nono
502 1177 775 1249 parturire
798 1176 1025 1232 accidit:
1087 1174 1336 1229 decimus
1359 1182 1541 1229 autem
1561 1192 1714 1229 sacer
1733 1184 1787 1229 et
1805 1192 1936 1247 per—

330 1251 507 1306 fectus
523 1292 535 1315 ‚
568 1250 776 1321 quibus
798 1251 1017 1321 (nempe
1039 1252 1072 1301 9
1089 1257 1143 1303 et
1169 1248 1248 1321 ⁴0)
1276 1248 1688 1321 multiplicatiS‚
1722 1258 1952 1304 constat·

330 1326 627 1396 nonaginta
658 1333 721 1381 ut
748 1325 927 1379 virtus
956 1340 1144 1377 sacrae
1173 1323 1487 1395 geniturae,
1543 1324 1696 1379 iuxta
1725 1342 1930 1379 nonum

331 1400 605 1469 recipiens
644 1396 880 1453 fertilem
920 1398 1358 1471 generationem,
1420 1398 1572 1455 iuxta
1613 1416 1742 1457 vero
1780 1399 1936 1455 deci-

330 1489 483 1528 mum
512 1489 743 1527 sacram.

366 1638 440 1702 [Ἲ
484 1637 580 1687 Cur
616 1638 737 1689 dixit
775 1637 1026 1688 Abraham
1069 1638 1142 1688 ad
1175 1639 1336 1690 deum.-
1394 1638 1621 1703 „Ismael
1657 1640 1732 1689 hic
1771 1640 1902 1689 vivat

608 1731 619 1739 ν
834 1722 995 1757 coram
1020 1709 1146 1756 te“?
1181 1710 1288 1773 (17,
1322 1709 1427 1771 18.)
1733 1745 1738 1749 .

440 1808 525 1863 57.
571 1809 815 1865 Primum
834 1826 944 1865 non
965 1809 1197 1883 despero
1218 1808 1446 1881 quidem
1469 1808 1610 1883 (ait),
1634 1825 1667 1864 o
1688 1807 1930 1873 domine,

331 1883 401 1939 de
428 1884 643 1939 meliori
670 1886 1021 1959 generatione
1037 1928 1050 1951 ‚
1095 1884 1195 1940 sed
1216 1884 1379 1939 credo
1398 1884 1753 1956 promissioni
1775 1893 1928 1953 tuae3

329 1960 464 2012 satis
492 1967 575 2013 est
602 1969 783 2015 tamen
813 1961 954 2015 mihi
985 1960 1193 2015 donum
1219 1961 1409 2023 viyere
1438 1959 1614 2025 hunc,
1661 1959 1760 2030 qui
1792 1960 1938 2014 inte-

331 2033 439 2085 rim
467 2032 526 2084 in
555 2034 739 2087 medio
765 2036 932 2089 vivus
952 2043 1035 2089 est
1056 2035 1206 2089 filius
1221 2076 1234 2099 ‚
1278 2035 1382 2089 etsi
1403 2051 1511 2089 non
1533 2036 1607 2090 sit
1626 2033 1935 2089 secundum

328 2106 617 2175 proprium
644 2123 848 2178 genus,
893 2116 954 2161 ut
983 2125 1053 2163 ex
1081 2109 1389 2164 concubina
1418 2118 1598 2164 natus.
1678 2109 1936 2166 Secundo

330 2178 473 2234 illud
503 2195 751 2251 quoque,
795 2180 944 2252 quod
975 2200 1124 2236 nunc
1152 2184 1318 2254 petit,
1363 2184 1700 2239 adiectivum
1731 2193 1814 2239 est
1834 2186 1936 2240 bo-

330 2270 491 2321 num3
525 2270 633 2307 non
656 2254 805 2309 enim
825 2256 998 2310 vitam
1017 2257 1192 2311 solam
1211 2266 1364 2329 optat
1381 2258 1520 2323 filio,
1552 2276 1747 2315 verum
1770 2260 1935 2315 etiam

329 2329 686 2400 praecipuam
714 2330 775 2383 in
805 2328 909 2385 deo
940 2330 1140 2395 vitam,
1182 2348 1295 2402 quo
1324 2333 1465 2388 nihil
1498 2332 1799 2404 perfectius
1828 2352 1938 2407 pu-

326 2402 561 2458 tandum
593 2413 703 2469 est,
756 2421 937 2460 coram
976 2403 1080 2459 deo
1119 2406 1384 2461 nimirum
1421 2408 1654 2463 sanitate
1691 2408 1936 2481 gaudere

328 2478 585 2543 salutari,
616 2496 759 2551 quae
780 2479 1027 2550 aequalis
1048 2486 1133 2533 est
1155 2480 1572 2546 immortalitati.
1634 2484 1816 2537 Tertio
1834 2502 1937 2555 per

329 2554 699 2608 coniecturam
722 2554 1040 2609 subindicat
1060 2553 1304 2608 auditam
1333 2556 1512 2629 legem
1541 2556 1792 2613 divinam
1822 2574 1932 2611 non

331 2623 403 2678 ad
432 2627 685 2681 auditum
712 2629 893 2684 nolum
920 2629 1057 2683 satis
1087 2628 1289 2683 ducere
1325 2629 1616 2694 debuisse,
1659 2629 1758 2684 sed
1787 2632 1934 2685 inte—

331 2698 449 2752 rius
477 2703 788 2773 transgredi
818 2713 873 2759 et
900 2703 1133 2758 formare
1153 2704 1519 2775 principalem
1545 2705 1666 2758 eius
1685 2711 1928 2774 partem:
