2125 3084
294 199 509 270 [1,1s⁹.]
576 183 583 188 ’
692 204 829 249 ΜΒ.
866 203 963 249 DE
1008 203 1489 250 Ammimnus.
1787 199 1882 254 447

416 308 500 376 66.
540 305 703 359 Porro
722 321 831 358 non
852 304 1037 358 minus
1056 304 1192 358 vitia
1209 319 1376 373 quam
1392 303 1622 358 virtutes
1641 313 1770 361 sunt
1793 307 1883 360 in-

298 381 451 436 dicia
476 387 701 434 naturae
727 379 1027 434 rationalis.
1101 378 1342 432 Pronum
1361 377 1508 432 enim
1526 377 1666 433 mihi
1686 388 1769 435 est
1785 381 1885 435 de-

298 462 601 511 monstrare
615 495 627 518 ‚
661 453 809 524 quod
829 453 1162 525 perversitas
1181 452 1390 523 peccati
1412 460 1522 507 tam
1542 452 1880 520 hominibus,

300 547 469 602 quam
487 527 817 584 animalibus
838 529 1000 581 inest.
1077 527 1215 581 Nam
1241 524 1402 580 avida
1421 526 1696 592 luxurieS‚
1733 529 1886 583 timi-

302 605 445 660 ditas
460 645 473 669 ,
514 604 719 658 iniuria
739 611 791 657 et
811 600 1151 665 istiusmodi,
1193 603 1248 654 in
1276 617 1385 654 una
1405 599 1517 655 fere
1536 603 1720 673 specie
1737 620 1886 658 com-

303 680 542 734 muniter
561 677 957 748 multiplicatae
977 683 1106 730 sunt
1123 692 1300 746 usque
1321 673 1389 729 ad
1409 677 1708 748 insaniam;
1759 696 1887 750 pro-

302 754 472 809 bitate
494 762 674 808 autem
691 769 864 807 vacua
883 757 1011 806 sunt
1030 767 1193 821 saepe
1215 751 1529 804 animantia.
1585 749 1881 818 Quaedam,

304 829 543 900 exempli
565 827 737 900 gratia
752 866 765 891 ‚
789 833 919 880 sunt
938 823 1158 888 callida,
1183 834 1244 879 ut
1264 825 1382 896 lupi
1405 833 1458 880 et
1475 825 1693 898 vulpes.
1749 828 1885 882 Item

303 903 409 958 alia
431 902 710 957 luxuriosa
724 942 736 965 ‚
760 908 822 955 ut
841 901 983 955 hirci
1002 907 1055 954 et
1077 898 1338 964 columbi,
1364 898 1497 954 adeo
1517 909 1578 955 ut
1595 900 1666 955 ob
1687 901 1886 956 vitium

300 977 521 1032 veneris
539 993 655 1030 mas
676 974 845 1030 soleat
864 993 965 1030 ova
989 974 1235 1046 frangere
1251 1015 1263 1038 ‚
1294 991 1361 1027 ne
1384 974 1582 1029 femina
1603 992 1768 1047 super
1784 994 1887 1031 ova

303 1050 502 1106 sedens
530 1048 793 1122 impediat
820 1050 932 1104 sibi
960 1049 1184 1104 coitum.
1263 1047 1547 1120 Cupiditas
1578 1051 1724 1105 enim
1754 1050 1887 1105 libi-

303 1126 499 1181 dinosa
524 1123 802 1196 praevalet
830 1125 994 1179 etiam
1013 1124 1072 1177 in
1095 1123 1424 1178 animalibus
1445 1123 1604 1180 modo
1623 1125 1881 1192 violento,

300 1202 380 1256 ita
400 1208 587 1254 utnon
606 1200 680 1254 sit
696 1199 777 1254 eis
796 1201 928 1254 satis
950 1198 1079 1253 ferri
1101 1196 1170 1252 ad
1194 1207 1450 1270 cognatos
1464 1241 1476 1264 ‚
1509 1217 1701 1254 verum
1721 1201 1886 1255 etiam

304 1275 375 1330 ad
405 1273 661 1333 inimicos
684 1282 903 1345 propter
939 1273 1278 1330 aviditatem.
1354 1273 1493 1328 Nam
1531 1275 1886 1345 quemadmo-

302 1349 469 1414 dum,
507 1355 569 1403 ut
595 1357 841 1419 putatur,
884 1347 1135 1405 homines
1163 1364 1262 1419 per
1282 1346 1593 1419 frequentes
1613 1349 1887 1421 multipli-

300 1441 505 1496 cesque
526 1423 679 1478 cibos
699 1431 752 1478 et
772 1421 963 1477 avidas
982 1423 1152 1494 dapes
1166 1463 1178 1486 ‚
1222 1423 1428 1494 quibus
1454 1423 1523 1478 de
1541 1442 1689 1480 more
1711 1424 1884 1479 dediti

298 1507 457 1564 sunt,
499 1516 667 1554 novas
706 1496 998 1570 cupidines
1036 1497 1147 1552 sibi
1178 1496 1449 1563 fecerunt,
1493 1507 1546 1554 et
1574 1501 1886 1555 meretrices

300 1575 509 1630 alienas
551 1572 965 1627 adinvenientes
1004 1573 1214 1626 incitati
1253 1581 1381 1627 sunt
1425 1573 1643 1629 insolita
1690 1593 1886 1647 perpe-

297 1658 470 1713 trare,
514 1648 659 1702 sicut
687 1664 864 1700 sermo
892 1645 1125 1702 habetur
1152 1645 1220 1701 de
1246 1647 1510 1719 Pasiphae
1539 1651 1735 1704 Minois
1757 1649 1888 1704 Cre-

298 1723 475 1778 tensis
504 1721 644 1784 filia,
686 1737 828 1790 quae
854 1719 1023 1775 fertur
1043 1720 1323 1776 adamasse
1341 1731 1555 1776 taurum
1577 1725 1888 1794 peperisse-—

300 1811 413 1868 que
439 1801 741 1849 monstrum
770 1795 1158 1850 Minotaurum:
1221 1797 1392 1851 simili
1420 1795 1580 1850 modo
1609 1799 1664 1850 in
1707 1797 1886 1851 homi-

299 1887 402 1926 nes
441 1868 703 1924 nonnulla
743 1867 1100 1942 (animalium)
1138 1887 1386 1925 exarsere
1401 1912 1413 1935 ‚
1461 1871 1604 1924 sicut
1641 1879 1884 1926 cantatus

299 1945 399 2000 ille
430 1945 571 1998 aries
601 1943 815 1999 Glauci.
893 1942 1154 2016 Alioquin
1180 1943 1250 2019 [³¹⁵]
1275 1943 1421 1999 unde
1448 1945 1615 1998 alieni
1634 1946 1884 2016 variique

298 2019 523 2093 generis
542 2027 778 2080 monstra
795 2027 1104 2090 portentosa
1126 2021 1309 2075 evenit
1327 2019 1478 2074 nasci
1492 2060 1504 2083 ‚
1548 2019 1656 2073 nisi
1676 2037 1746 2074 ex
1765 2020 1884 2075 dis-

299 2093 572 2149 similium
590 2109 758 2166 prava
778 2093 1202 2151 commixtione?

411 2198 497 2252 67.
530 2198 591 2253 In
609 2198 813 2255 Achaia
833 2201 973 2272 ipsa,
996 2207 1057 2254 ut
1077 2199 1280 2255 dicitur
1299 2197 1445 2270 apud
1467 2199 1738 2269 antiquoS,
1763 2199 1885 2254 del-

296 2272 439 2346 phin
467 2273 626 2344 pueri
656 2275 975 2330 excellentis
1005 2275 1062 2328 in
1090 2272 1502 2345 pulchritudine
1527 2274 1714 2328 vultus
1735 2272 1884 2328 desi-

298 2347 454 2404 derio
474 2356 665 2420 captus
680 2389 693 2413 ‚
722 2350 1000 2405 multoties
1021 2366 1092 2404 ex
1111 2366 1201 2403 ora
1223 2348 1389 2402 maris
1410 2349 1558 2402 intus
1577 2349 1636 2402 in
1653 2347 1882 2421 pelagus

300 2421 583 2478 deferebat
618 2440 785 2495 super
824 2422 1046 2478 dorsum
1083 2422 1357 2478 elevatum
1395 2439 1559 2494 supra
1586 2420 1789 2487 undas,
1831 2431 1884 2478 et

298 2497 577 2553 multoties
612 2513 683 2553 ex
705 2498 899 2571 pelago
929 2514 1105 2569 usque
1134 2496 1203 2552 ad
1234 2497 1407 2573 ripam
1435 2497 1730 2552 seducebat
1764 2497 1884 2554 sine

297 2571 638 2627 discrimine.
714 2574 784 2628 Et
817 2582 946 2629 tunc
983 2571 1205 2627 demum
1242 2573 1476 2627 cessavit
1503 2589 1534 2628 a
1562 2572 1735 2628 stadio
1778 2575 1882 2629 hoc

298 2645 487 2718 longo,
517 2643 735 2717 quando
756 2655 809 2702 et
829 2665 859 2702 a
878 2647 1019 2703 vita:
1081 2653 1298 2701 mortuo·
1313 2647 1456 2701 enim
1477 2665 1646 2720 puero
1665 2651 1723 2703 in
1743 2666 1882 2721 pue-

297 2721 388 2776 rili
410 2728 613 2788 aetate,
634 2721 861 2779 moleste
880 2722 940 2778 id
958 2722 1140 2778 ferens
1160 2721 1556 2847 delphinkc2um
1577 2725 1674 2780 illo
1693 2733 1745 2780 et
1763 2725 1883 2780 ani-
