<?xml version="1.0" encoding="UTF-8"?>
<!DOCTYPE html PUBLIC "-//W3C//DTD XHTML 1.0 Transitional//EN"
    "http://www.w3.org/TR/xhtml1/DTD/xhtml1-transitional.dtd">
<html xmlns="http://www.w3.org/1999/xhtml" xml:lang="en" lang="en">
 <head>
  <title>
</title>
<meta http-equiv="Content-Type" content="text/html;charset=utf-8" />
  <meta name='ocr-system' content='tesseract 3.04.00' />
  <meta name='ocr-capabilities' content='ocr_page ocr_carea ocr_par ocr_line ocrx_word'/>
</head>
<body>
  <div class='ocr_page' id='page_1' title='image "./philonisiudaeio00alejgoog_0501.png"; bbox 0 0 2125 3084; ppageno 0'>
   <div class='ocr_carea' id='block_1_1' title="bbox 386 164 2030 232">
    <p class='ocr_par' dir='ltr' id='par_1_1' title="bbox 386 164 2030 232">
     <span class='ocr_line' id='line_1_1' title="bbox 386 164 2030 232; baseline -0.002 -12"><span class='ocrx_word' id='word_1_1' title='bbox 386 167 451 220; x_wconf 79' lang='lat'><strong>28</strong></span> <span class='ocrx_word' id='word_1_2' title='bbox 830 169 1202 218; x_wconf 71' lang='lat' dir='ltr'><strong>rmnoms</strong></span> <span class='ocrx_word' id='word_1_3' title='bbox 1246 167 1524 216; x_wconf 63' lang='lat' dir='ltr'><strong>mnam</strong></span> <span class='ocrx_word' id='word_1_4' title='bbox 1815 164 1890 232; x_wconf 75' lang='grc'><strong>[1,</strong></span> <span class='ocrx_word' id='word_1_5' title='bbox 1921 168 2030 232; x_wconf 68' lang='grc'><strong>19.)</strong></span> 
     </span>
    </p>
   </div>
   <div class='ocr_carea' id='block_1_2' title="bbox 384 267 2023 1317">
    <p class='ocr_par' dir='ltr' id='par_1_2' title="bbox 384 267 2023 1317">
     <span class='ocr_line' id='line_1_2' title="bbox 500 267 2023 338; baseline 0.001 -12"><span class='ocrx_word' id='word_1_6' title='bbox 500 274 590 326; x_wconf 84' lang='grc'><strong>38.</strong></span> <span class='ocrx_word' id='word_1_7' title='bbox 624 269 839 337; x_wconf 79' lang='lat' dir='ltr'><strong>Quibus</strong></span> <span class='ocrx_word' id='word_1_8' title='bbox 858 270 1003 326; x_wconf 86' lang='lat' dir='ltr'><strong>ultro</strong></span> <span class='ocrx_word' id='word_1_9' title='bbox 1016 268 1352 338; x_wconf 73' lang='lat' dir='ltr'><strong>dicendum:</strong></span> <span class='ocrx_word' id='word_1_10' title='bbox 1379 267 1768 324; x_wconf 85' lang='lat' dir='ltr'><strong>Eruditionem</strong></span> <span class='ocrx_word' id='word_1_11' title='bbox 1791 271 2023 328; x_wconf 71' lang='lat' dir='ltr'><strong>melius</strong></span> 
     </span>
     <span class='ocr_line' id='line_1_3' title="bbox 386 345 2021 418; baseline 0.002 -17"><span class='ocrx_word' id='word_1_12' title='bbox 386 354 471 401; x_wconf 76' lang='lat' dir='ltr'><strong>est</strong></span> <span class='ocrx_word' id='word_1_13' title='bbox 488 345 654 411; x_wconf 80' lang='lat' dir='ltr'><strong>velle,</strong></span> <span class='ocrx_word' id='word_1_14' title='bbox 682 362 847 417; x_wconf 86' lang='lat' dir='ltr'><strong>quam</strong></span> <span class='ocrx_word' id='word_1_15' title='bbox 868 346 1296 412; x_wconf 62' lang='lat' dir='ltr'><strong>contentionum</strong></span> <span class='ocrx_word' id='word_1_16' title='bbox 1321 345 1532 400; x_wconf 86' lang='lat' dir='ltr'><strong>animas</strong></span> <span class='ocrx_word' id='word_1_17' title='bbox 1552 345 1706 404; x_wconf 87' lang='lat' dir='ltr'><strong>enim</strong></span> <span class='ocrx_word' id='word_1_18' title='bbox 1723 345 2021 418; x_wconf 79' lang='lat' dir='ltr'><strong>ignoran—</strong></span> 
     </span>
     <span class='ocr_line' id='line_1_4' title="bbox 386 419 2017 478; baseline 0 0"><span class='ocrx_word' id='word_1_19' title='bbox 386 421 495 478; x_wconf 86' lang='lat' dir='ltr'><strong>tiae</strong></span> <span class='ocrx_word' id='word_1_20' title='bbox 514 422 653 478; x_wconf 82' lang='lat' dir='ltr'><strong>vitio</strong></span> <span class='ocrx_word' id='word_1_21' title='bbox 670 420 977 476; x_wconf 73' lang='lat' dir='ltr'><strong>laborantes</strong></span> <span class='ocrx_word' id='word_1_22' title='bbox 996 420 1292 476; x_wconf 88' lang='lat' dir='ltr'><strong>eonsilium</strong></span> <span class='ocrx_word' id='word_1_23' title='bbox 1317 419 1565 475; x_wconf 80' lang='lat' dir='ltr'><strong>veritatis</strong></span> <span class='ocrx_word' id='word_1_24' title='bbox 1589 419 1780 476; x_wconf 86' lang='lat' dir='ltr'><strong>solum</strong></span> <span class='ocrx_word' id='word_1_25' title='bbox 1801 439 2017 478; x_wconf 86' lang='lat' dir='ltr'><strong>sanare</strong></span> 
     </span>
     <span class='ocr_line' id='line_1_5' title="bbox 385 493 2010 569; baseline 0.001 -18"><span class='ocrx_word' id='word_1_26' title='bbox 385 503 585 569; x_wconf 82' lang='lat' dir='ltr'><strong>potest.</strong></span> <span class='ocrx_word' id='word_1_27' title='bbox 668 495 909 551; x_wconf 88' lang='lat' dir='ltr'><strong>Primam</strong></span> <span class='ocrx_word' id='word_1_28' title='bbox 946 495 1131 568; x_wconf 87' lang='lat' dir='ltr'><strong>itaque</strong></span> <span class='ocrx_word' id='word_1_29' title='bbox 1169 495 1548 566; x_wconf 82' lang='lat' dir='ltr'><strong>quaestionem</strong></span> <span class='ocrx_word' id='word_1_30' title='bbox 1586 493 2010 567; x_wconf 78' lang='lat' dir='ltr'><strong>disquirentes,</strong></span> 
     </span>
     <span class='ocr_line' id='line_1_6' title="bbox 386 569 2010 644; baseline 0 -18"><span class='ocrx_word' id='word_1_31' title='bbox 386 572 469 626; x_wconf 85' lang='lat' dir='ltr'><strong>sic</strong></span> <span class='ocrx_word' id='word_1_32' title='bbox 486 569 869 644; x_wconf 77' lang='lat' dir='ltr'><strong>procedamus.</strong></span> <span class='ocrx_word' id='word_1_33' title='bbox 897 570 1250 626; x_wconf 83' lang='lat' dir='ltr'><strong>Providentia</strong></span> <span class='ocrx_word' id='word_1_34' title='bbox 1267 587 1426 625; x_wconf 83' lang='lat' dir='ltr'><strong>suam</strong></span> <span class='ocrx_word' id='word_1_35' title='bbox 1443 570 1830 628; x_wconf 74' lang='lat' dir='ltr'><strong>visitationem</strong></span> <span class='ocrx_word' id='word_1_36' title='bbox 1842 575 2010 644; x_wconf 84' lang='lat' dir='ltr'><strong>prius</strong></span> 
     </span>
     <span class='ocr_line' id='line_1_7' title="bbox 386 645 2007 718; baseline 0.002 -18"><span class='ocrx_word' id='word_1_37' title='bbox 386 663 457 702; x_wconf 82' lang='lat' dir='ltr'><strong>ex</strong></span> <span class='ocrx_word' id='word_1_38' title='bbox 517 661 647 701; x_wconf 84' lang='lat' dir='ltr'><strong>cens</strong></span> <span class='ocrx_word' id='word_1_39' title='bbox 674 662 843 718; x_wconf 79' lang='lat' dir='ltr'><strong>supra</strong></span> <span class='ocrx_word' id='word_1_40' title='bbox 868 647 1151 702; x_wconf 72' lang='lat' dir='ltr'><strong>materiam</strong></span> <span class='ocrx_word' id='word_1_41' title='bbox 1181 645 1360 700; x_wconf 82' lang='lat' dir='ltr'><strong>anima</strong></span> <span class='ocrx_word' id='word_1_42' title='bbox 1385 654 1690 710; x_wconf 74' lang='lat' dir='ltr'>carentem,</span> <span class='ocrx_word' id='word_1_43' title='bbox 1733 645 2007 703; x_wconf 86' lang='lat' dir='ltr'><strong>admonet</strong></span> 
     </span>
     <span class='ocr_line' id='line_1_8' title="bbox 386 719 2004 792; baseline -0.001 -15"><span class='ocrx_word' id='word_1_44' title='bbox 386 721 461 777; x_wconf 85' lang='lat' dir='ltr'><strong>ho</strong></span> <span class='ocrx_word' id='word_1_45' title='bbox 522 723 657 786; x_wconf 86' lang='lat' dir='ltr'><strong>&#39;nes‚</strong></span> <span class='ocrx_word' id='word_1_46' title='bbox 670 737 763 776; x_wconf 82' lang='lat' dir='ltr'><strong>eos</strong></span> <span class='ocrx_word' id='word_1_47' title='bbox 784 722 1029 776; x_wconf 81' lang='lat' dir='ltr'><strong>excitans</strong></span> <span class='ocrx_word' id='word_1_48' title='bbox 1049 720 1120 775; x_wconf 90' lang='lat' dir='ltr'><strong>ad</strong></span> <span class='ocrx_word' id='word_1_49' title='bbox 1141 719 1513 792; x_wconf 79' lang='lat' dir='ltr'><strong>arripiendam</strong></span> <span class='ocrx_word' id='word_1_50' title='bbox 1533 722 2004 792; x_wconf 82' lang='lat' dir='ltr'><strong>comprehensio-</strong></span> 
     </span>
     <span class='ocr_line' id='line_1_9' title="bbox 386 794 2000 870; baseline 0.001 -19"><span class='ocrx_word' id='word_1_51' title='bbox 386 813 516 851; x_wconf 92' lang='lat' dir='ltr'><strong>nem</strong></span> <span class='ocrx_word' id='word_1_52' title='bbox 535 796 803 852; x_wconf 80' lang='lat' dir='ltr'><strong>veritatis.</strong></span> <span class='ocrx_word' id='word_1_53' title='bbox 866 797 929 852; x_wconf 90' lang='lat' dir='ltr'><strong>In</strong></span> <span class='ocrx_word' id='word_1_54' title='bbox 948 795 1098 870; x_wconf 81' lang='lat' dir='ltr'><strong>ligna</strong></span> <span class='ocrx_word' id='word_1_55' title='bbox 1120 813 1184 850; x_wconf 85' lang='lat' dir='ltr'><strong>ae</strong></span> <span class='ocrx_word' id='word_1_56' title='bbox 1202 811 1334 850; x_wconf 81' lang='lat' dir='ltr'><strong>saxa</strong></span> <span class='ocrx_word' id='word_1_57' title='bbox 1355 794 1590 850; x_wconf 79' lang='lat' dir='ltr'><strong>fulmina</strong></span> <span class='ocrx_word' id='word_1_58' title='bbox 1609 797 1791 853; x_wconf 82' lang='lat' dir='ltr'><strong>mittit</strong></span> <span class='ocrx_word' id='word_1_59' title='bbox 1805 838 1820 862; x_wconf 89' lang='lat'><strong>,</strong></span> <span class='ocrx_word' id='word_1_60' title='bbox 1847 796 2000 854; x_wconf 84' lang='lat' dir='ltr'><strong>haud</strong></span> 
     </span>
     <span class='ocr_line' id='line_1_10' title="bbox 386 868 1998 945; baseline 0.001 -19"><span class='ocrx_word' id='word_1_61' title='bbox 386 873 670 928; x_wconf 77' lang='lat' dir='ltr'><strong>materiam</strong></span> <span class='ocrx_word' id='word_1_62' title='bbox 690 871 877 928; x_wconf 88' lang='lat' dir='ltr'><strong>dolore</strong></span> <span class='ocrx_word' id='word_1_63' title='bbox 896 871 1088 926; x_wconf 80' lang='lat' dir='ltr'><strong>volens</strong></span> <span class='ocrx_word' id='word_1_64' title='bbox 1107 869 1325 926; x_wconf 84' lang='lat' dir='ltr'><strong>afficere</strong></span> <span class='ocrx_word' id='word_1_65' title='bbox 1338 911 1354 934; x_wconf 90' lang='lat'><strong>,</strong></span> <span class='ocrx_word' id='word_1_66' title='bbox 1383 870 1483 924; x_wconf 87' lang='lat' dir='ltr'><strong>sed</strong></span> <span class='ocrx_word' id='word_1_67' title='bbox 1502 868 1850 941; x_wconf 76' lang='lat' dir='ltr'><strong>prudentem</strong></span> <span class='ocrx_word' id='word_1_68' title='bbox 1869 890 1998 945; x_wconf 89' lang='lat' dir='ltr'><strong>pro-</strong></span> 
     </span>
     <span class='ocr_line' id='line_1_11' title="bbox 384 945 1990 1019; baseline -0.001 -17"><span class='ocrx_word' id='word_1_69' title='bbox 384 946 667 1002; x_wconf 83' lang='lat' dir='ltr'><strong>videntiae</strong></span> <span class='ocrx_word' id='word_1_70' title='bbox 692 946 1046 1019; x_wconf 73' lang='lat' dir='ltr'><strong>disciplinam</strong></span> <span class='ocrx_word' id='word_1_71' title='bbox 1081 945 1370 1001; x_wconf 81' lang='lat' dir='ltr'><strong>ostendere</strong></span> <span class='ocrx_word' id='word_1_72' title='bbox 1409 945 1764 1015; x_wconf 79' lang='lat' dir='ltr'><strong>hominibus3</strong></span> <span class='ocrx_word' id='word_1_73' title='bbox 1837 965 1904 1003; x_wconf 86' lang='lat' dir='ltr'><strong>ae</strong></span> <span class='ocrx_word' id='word_1_74' title='bbox 1937 949 1990 1002; x_wconf 91' lang='lat' dir='ltr'><strong>in</strong></span> 
     </span>
     <span class='ocr_line' id='line_1_12' title="bbox 384 1019 1989 1094; baseline -0.001 -17"><span class='ocrx_word' id='word_1_75' title='bbox 384 1024 509 1094; x_wconf 89' lang='lat' dir='ltr'><strong>ipsa</strong></span> <span class='ocrx_word' id='word_1_76' title='bbox 536 1023 765 1078; x_wconf 87' lang='lat' dir='ltr'><strong>materia</strong></span> <span class='ocrx_word' id='word_1_77' title='bbox 802 1023 985 1078; x_wconf 87' lang='lat' dir='ltr'><strong>animo</strong></span> <span class='ocrx_word' id='word_1_78' title='bbox 1020 1029 1238 1076; x_wconf 83' lang='lat' dir='ltr'><strong>carente</strong></span> <span class='ocrx_word' id='word_1_79' title='bbox 1273 1019 1620 1076; x_wconf 79' lang='lat' dir='ltr'><strong>invisibilem</strong></span> <span class='ocrx_word' id='word_1_80' title='bbox 1658 1021 1989 1078; x_wconf 85' lang='lat' dir='ltr'><strong>hominibus</strong></span> 
     </span>
     <span class='ocr_line' id='line_1_13' title="bbox 384 1096 1988 1169; baseline -0.002 -16"><span class='ocrx_word' id='word_1_81' title='bbox 384 1097 789 1168; x_wconf 86' lang='lat' dir='ltr'><strong>providentiam</strong></span> <span class='ocrx_word' id='word_1_82' title='bbox 830 1105 1110 1169; x_wconf 79' lang='lat' dir='ltr'><strong>tamquam</strong></span> <span class='ocrx_word' id='word_1_83' title='bbox 1151 1113 1250 1167; x_wconf 88' lang='lat' dir='ltr'><strong>per</strong></span> <span class='ocrx_word' id='word_1_84' title='bbox 1283 1096 1654 1167; x_wconf 85' lang='lat' dir='ltr'><strong>operationem</strong></span> <span class='ocrx_word' id='word_1_85' title='bbox 1695 1097 1988 1153; x_wconf 78' lang='lat' dir='ltr'><strong>visibilem</strong></span> 
     </span>
     <span class='ocr_line' id='line_1_14' title="bbox 386 1169 1986 1244; baseline 0.001 -18"><span class='ocrx_word' id='word_1_86' title='bbox 386 1170 765 1228; x_wconf 75' lang='lat' dir='ltr'><strong>demonstrans</strong></span> <span class='ocrx_word' id='word_1_87' title='bbox 778 1212 791 1235; x_wconf 91' lang='lat'><strong>,</strong></span> <span class='ocrx_word' id='word_1_88' title='bbox 832 1189 903 1227; x_wconf 84' lang='lat' dir='ltr'><strong>ex</strong></span> <span class='ocrx_word' id='word_1_89' title='bbox 929 1173 1074 1244; x_wconf 85' lang='lat' dir='ltr'><strong>ipsis</strong></span> <span class='ocrx_word' id='word_1_90' title='bbox 1099 1169 1258 1228; x_wconf 81' lang='lat' dir='ltr'><strong>factis</strong></span> <span class='ocrx_word' id='word_1_91' title='bbox 1283 1170 1482 1242; x_wconf 87' lang='lat' dir='ltr'><strong>probat</strong></span> <span class='ocrx_word' id='word_1_92' title='bbox 1504 1171 1816 1228; x_wconf 76' lang='lat' dir='ltr'><strong>essentiam</strong></span> <span class='ocrx_word' id='word_1_93' title='bbox 1836 1189 1986 1230; x_wconf 88' lang='lat' dir='ltr'><strong>suam</strong></span> 
     </span>
     <span class='ocr_line' id='line_1_15' title="bbox 384 1248 965 1317; baseline 0.003 -17"><span class='ocrx_word' id='word_1_94' title='bbox 384 1255 549 1317; x_wconf 86' lang='lat' dir='ltr'><strong>atque</strong></span> <span class='ocrx_word' id='word_1_95' title='bbox 567 1248 965 1302; x_wconf 79' lang='lat' dir='ltr'><strong>exsistentiam.</strong></span> 
     </span>
    </p>
   </div>
   <div class='ocr_carea' id='block_1_3' title="bbox 312 1350 2051 2756">
    <p class='ocr_par' dir='ltr' id='par_1_3' title="bbox 312 1350 2051 2756">
     <span class='ocr_line' id='line_1_16' title="bbox 494 1350 1984 1427; baseline 0.004 -25"><span class='ocrx_word' id='word_1_96' title='bbox 494 1351 581 1403; x_wconf 78' lang='lat'><strong>39.</strong></span> <span class='ocrx_word' id='word_1_97' title='bbox 632 1350 775 1405; x_wconf 81' lang='lat' dir='ltr'><strong>Ecce</strong></span> <span class='ocrx_word' id='word_1_98' title='bbox 802 1351 967 1406; x_wconf 88' lang='lat' dir='ltr'><strong>etiam</strong></span> <span class='ocrx_word' id='word_1_99' title='bbox 994 1351 1111 1416; x_wconf 91' lang='lat' dir='ltr'><strong>illi,</strong></span> <span class='ocrx_word' id='word_1_100' title='bbox 1152 1353 1253 1424; x_wconf 88' lang='lat' dir='ltr'><strong>qui</strong></span> <span class='ocrx_word' id='word_1_101' title='bbox 1282 1368 1390 1407; x_wconf 90' lang='lat' dir='ltr'><strong>non</strong></span> <span class='ocrx_word' id='word_1_102' title='bbox 1415 1358 1547 1406; x_wconf 89' lang='lat' dir='ltr'><strong>sunt</strong></span> <span class='ocrx_word' id='word_1_103' title='bbox 1564 1350 1824 1422; x_wconf 89' lang='lat' dir='ltr'><strong>imperiti</strong></span> <span class='ocrx_word' id='word_1_104' title='bbox 1845 1354 1984 1427; x_wconf 84' lang='lat' dir='ltr'><strong>agri-</strong></span> 
     </span>
     <span class='ocr_line' id='line_1_17' title="bbox 384 1422 1980 1495; baseline 0.003 -19"><span class='ocrx_word' id='word_1_105' title='bbox 384 1422 657 1488; x_wconf 79' lang='lat' dir='ltr'><strong>culturae,</strong></span> <span class='ocrx_word' id='word_1_106' title='bbox 696 1441 870 1495; x_wconf 87' lang='lat' dir='ltr'><strong>quum</strong></span> <span class='ocrx_word' id='word_1_107' title='bbox 898 1425 1232 1482; x_wconf 81' lang='lat' dir='ltr'><strong>frumentum</strong></span> <span class='ocrx_word' id='word_1_108' title='bbox 1256 1427 1314 1482; x_wconf 92' lang='lat' dir='ltr'><strong>in</strong></span> <span class='ocrx_word' id='word_1_109' title='bbox 1333 1435 1535 1481; x_wconf 86' lang='lat' dir='ltr'><strong>terram</strong></span> <span class='ocrx_word' id='word_1_110' title='bbox 1553 1426 1898 1492; x_wconf 86' lang='lat' dir='ltr'><strong>immittunt,</strong></span> <span class='ocrx_word' id='word_1_111' title='bbox 1937 1428 1980 1481; x_wconf 83' lang='lat' dir='ltr'><strong>si</strong></span> 
     </span>
     <span class='ocr_line' id='line_1_18' title="bbox 386 1496 1977 1577; baseline 0.005 -25"><span class='ocrx_word' id='word_1_112' title='bbox 386 1496 625 1553; x_wconf 84' lang='lat' dir='ltr'><strong>viderint</strong></span> <span class='ocrx_word' id='word_1_113' title='bbox 644 1507 815 1554; x_wconf 89' lang='lat' dir='ltr'><strong>atram</strong></span> <span class='ocrx_word' id='word_1_114' title='bbox 834 1509 1210 1572; x_wconf 84' lang='lat' dir='ltr'><strong>tempestatem</strong></span> <span class='ocrx_word' id='word_1_115' title='bbox 1232 1503 1291 1557; x_wconf 90' lang='lat' dir='ltr'><strong>in</strong></span> <span class='ocrx_word' id='word_1_116' title='bbox 1311 1504 1432 1558; x_wconf 81' lang='lat' dir='ltr'><strong>ae‘re</strong></span> <span class='ocrx_word' id='word_1_117' title='bbox 1451 1501 1894 1572; x_wconf 86' lang='lat' dir='ltr'><strong>impendentem,</strong></span> <span class='ocrx_word' id='word_1_118' title='bbox 1913 1500 1977 1577; x_wconf 60' lang='grc' dir='ltr'><strong>Γ]</strong></span> 
     </span>
     <span class='ocr_line' id='line_1_19' title="bbox 384 1572 1982 1650; baseline 0.003 -24"><span class='ocrx_word' id='word_1_119' title='bbox 384 1572 780 1646; x_wconf 83' lang='lat' dir='ltr'><strong>aggrediuntur</strong></span> <span class='ocrx_word' id='word_1_120' title='bbox 821 1578 1000 1632; x_wconf 79' lang='lat' dir='ltr'><strong>ae‘rem</strong></span> <span class='ocrx_word' id='word_1_121' title='bbox 1048 1575 1285 1650; x_wconf 81' lang='lat' dir='ltr'><strong>flagellis</strong></span> <span class='ocrx_word' id='word_1_122' title='bbox 1329 1576 1648 1634; x_wconf 76' lang='lat' dir='ltr'><strong>verberare:</strong></span> <span class='ocrx_word' id='word_1_123' title='bbox 1711 1594 1824 1634; x_wconf 81' lang='lat' dir='ltr'><strong>neo</strong></span> <span class='ocrx_word' id='word_1_124' title='bbox 1869 1580 1982 1634; x_wconf 85' lang='lat' dir='ltr'><strong>eius</strong></span> 
     </span>
     <span class='ocr_line' id='line_1_20' title="bbox 384 1649 1978 1723; baseline 0.002 -20"><span class='ocrx_word' id='word_1_125' title='bbox 384 1666 549 1704; x_wconf 85' lang='lat' dir='ltr'><strong>eausa</strong></span> <span class='ocrx_word' id='word_1_126' title='bbox 569 1649 629 1704; x_wconf 88' lang='lat' dir='ltr'><strong>id</strong></span> <span class='ocrx_word' id='word_1_127' title='bbox 649 1659 845 1723; x_wconf 80' lang='lat' dir='ltr'><strong>agunt,</strong></span> <span class='ocrx_word' id='word_1_128' title='bbox 872 1653 971 1722; x_wconf 87' lang='lat' dir='ltr'><strong>qui</strong></span> <span class='ocrx_word' id='word_1_129' title='bbox 1001 1651 1188 1708; x_wconf 90' lang='lat' dir='ltr'><strong>dolore</strong></span> <span class='ocrx_word' id='word_1_130' title='bbox 1217 1652 1446 1708; x_wconf 89' lang='lat' dir='ltr'><strong>minime</strong></span> <span class='ocrx_word' id='word_1_131' title='bbox 1473 1650 1742 1716; x_wconf 75' lang='lat' dir='ltr'><strong>afficitur,</strong></span> <span class='ocrx_word' id='word_1_132' title='bbox 1773 1653 1882 1709; x_wconf 90' lang='lat' dir='ltr'><strong>sed</strong></span> <span class='ocrx_word' id='word_1_133' title='bbox 1899 1655 1978 1707; x_wconf 90' lang='lat' dir='ltr'><strong>in-</strong></span> 
     </span>
     <span class='ocr_line' id='line_1_21' title="bbox 384 1723 1974 1800; baseline 0.001 -20"><span class='ocrx_word' id='word_1_134' title='bbox 384 1723 597 1782; x_wconf 86' lang='lat' dir='ltr'><strong>dustrio</strong></span> <span class='ocrx_word' id='word_1_135' title='bbox 614 1726 797 1782; x_wconf 84' lang='lat' dir='ltr'><strong>studio</strong></span> <span class='ocrx_word' id='word_1_136' title='bbox 824 1727 1049 1783; x_wconf 84' lang='lat' dir='ltr'><strong>nocivas</strong></span> <span class='ocrx_word' id='word_1_137' title='bbox 1075 1727 1276 1784; x_wconf 84' lang='lat' dir='ltr'><strong>semini</strong></span> <span class='ocrx_word' id='word_1_138' title='bbox 1305 1744 1394 1784; x_wconf 86' lang='lat' dir='ltr'><strong>res</strong></span> <span class='ocrx_word' id='word_1_139' title='bbox 1423 1725 1594 1800; x_wconf 85' lang='lat' dir='ltr'><strong>(aves)</strong></span> <span class='ocrx_word' id='word_1_140' title='bbox 1622 1727 1682 1781; x_wconf 90' lang='lat' dir='ltr'><strong>in</strong></span> <span class='ocrx_word' id='word_1_141' title='bbox 1712 1730 1840 1786; x_wconf 82' lang='lat' dir='ltr'><strong>ae‘re</strong></span> <span class='ocrx_word' id='word_1_142' title='bbox 1870 1728 1974 1784; x_wconf 87' lang='lat' dir='ltr'><strong>dis-</strong></span> 
     </span>
     <span class='ocr_line' id='line_1_22' title="bbox 383 1803 1974 1875; baseline 0.001 -19"><span class='ocrx_word' id='word_1_143' title='bbox 383 1811 665 1858; x_wconf 82' lang='lat' dir='ltr'><strong>currentes</strong></span> <span class='ocrx_word' id='word_1_144' title='bbox 691 1803 957 1875; x_wconf 86' lang='lat' dir='ltr'><strong>repellere</strong></span> <span class='ocrx_word' id='word_1_145' title='bbox 985 1803 1197 1859; x_wconf 85' lang='lat' dir='ltr'><strong>volunt.</strong></span> <span class='ocrx_word' id='word_1_146' title='bbox 1273 1803 1468 1874; x_wconf 83' lang='lat' dir='ltr'><strong>Neque</strong></span> <span class='ocrx_word' id='word_1_147' title='bbox 1495 1810 1678 1858; x_wconf 88' lang='lat' dir='ltr'><strong>tamen</strong></span> <span class='ocrx_word' id='word_1_148' title='bbox 1710 1819 1809 1862; x_wconf 81' lang='lat' dir='ltr'><strong>eos</strong></span> <span class='ocrx_word' id='word_1_149' title='bbox 1845 1804 1974 1860; x_wconf 87' lang='lat' dir='ltr'><strong>insi-</strong></span> 
     </span>
     <span class='ocr_line' id='line_1_23' title="bbox 384 1877 1970 1951; baseline 0 -21"><span class='ocrx_word' id='word_1_150' title='bbox 384 1877 599 1948; x_wconf 80' lang='lat' dir='ltr'><strong>pientes</strong></span> <span class='ocrx_word' id='word_1_151' title='bbox 625 1878 889 1943; x_wconf 84' lang='lat' dir='ltr'><strong>dieimus‚</strong></span> <span class='ocrx_word' id='word_1_152' title='bbox 945 1887 1007 1934; x_wconf 90' lang='lat' dir='ltr'><strong>ut</strong></span> <span class='ocrx_word' id='word_1_153' title='bbox 1034 1880 1132 1951; x_wconf 91' lang='lat' dir='ltr'><strong>qui</strong></span> <span class='ocrx_word' id='word_1_154' title='bbox 1161 1879 1340 1934; x_wconf 81' lang='lat' dir='ltr'><strong>ae‘rem</strong></span> <span class='ocrx_word' id='word_1_155' title='bbox 1369 1877 1438 1932; x_wconf 90' lang='lat' dir='ltr'><strong>ad</strong></span> <span class='ocrx_word' id='word_1_156' title='bbox 1467 1877 1742 1932; x_wconf 85' lang='lat' dir='ltr'><strong>servanda</strong></span> <span class='ocrx_word' id='word_1_157' title='bbox 1769 1880 1970 1934; x_wconf 84' lang='lat' dir='ltr'><strong>semina</strong></span> 
     </span>
     <span class='ocr_line' id='line_1_24' title="bbox 384 1952 1970 2030; baseline 0 -24"><span class='ocrx_word' id='word_1_158' title='bbox 384 1960 677 2008; x_wconf 84' lang='lat' dir='ltr'><strong>torserunt.</strong></span> <span class='ocrx_word' id='word_1_159' title='bbox 754 1955 917 2010; x_wconf 90' lang='lat' dir='ltr'><strong>Porro</strong></span> <span class='ocrx_word' id='word_1_160' title='bbox 954 1954 1013 2009; x_wconf 91' lang='lat' dir='ltr'><strong>id</strong></span> <span class='ocrx_word' id='word_1_161' title='bbox 1040 1963 1095 2010; x_wconf 84' lang='lat' dir='ltr'><strong>et</strong></span> <span class='ocrx_word' id='word_1_162' title='bbox 1120 1953 1422 2024; x_wconf 85' lang='lat' dir='ltr'><strong>sapientem</strong></span> <span class='ocrx_word' id='word_1_163' title='bbox 1453 1952 1544 2007; x_wconf 90' lang='lat' dir='ltr'><strong>dei</strong></span> <span class='ocrx_word' id='word_1_164' title='bbox 1573 1953 1970 2030; x_wconf 84' lang='lat' dir='ltr'><strong>providentiam</strong></span> 
     </span>
     <span class='ocr_line' id='line_1_25' title="bbox 312 2027 1969 2101; baseline -0.001 -20"><span class='ocrx_word' id='word_1_165' title='bbox 312 2057 319 2066; x_wconf 93' lang='lat'><em>·</em></span> <span class='ocrx_word' id='word_1_166' title='bbox 383 2043 483 2096; x_wconf 87' lang='lat' dir='ltr'><strong>per</strong></span> <span class='ocrx_word' id='word_1_167' title='bbox 503 2027 762 2093; x_wconf 83' lang='lat' dir='ltr'><strong>fulmina,</strong></span> <span class='ocrx_word' id='word_1_168' title='bbox 794 2047 935 2100; x_wconf 86' lang='lat' dir='ltr'><strong>quae</strong></span> <span class='ocrx_word' id='word_1_169' title='bbox 952 2046 1120 2101; x_wconf 88' lang='lat' dir='ltr'><strong>super</strong></span> <span class='ocrx_word' id='word_1_170' title='bbox 1137 2028 1498 2084; x_wconf 86' lang='lat' dir='ltr'><strong>inanimantia</strong></span> <span class='ocrx_word' id='word_1_171' title='bbox 1517 2028 1716 2092; x_wconf 87' lang='lat' dir='ltr'><strong>mittit,</strong></span> <span class='ocrx_word' id='word_1_172' title='bbox 1749 2028 1969 2100; x_wconf 85' lang='lat' dir='ltr'><strong>provide</strong></span> 
     </span>
     <span class='ocr_line' id='line_1_26' title="bbox 386 2100 1969 2175; baseline 0.003 -21"><span class='ocrx_word' id='word_1_173' title='bbox 386 2100 563 2158; x_wconf 82' lang='lat' dir='ltr'><strong>facere</strong></span> <span class='ocrx_word' id='word_1_174' title='bbox 582 2103 840 2158; x_wconf 75' lang='lat' dir='ltr'><strong>dicimus,</strong></span> <span class='ocrx_word' id='word_1_175' title='bbox 918 2103 1185 2170; x_wconf 88' lang='lat' dir='ltr'><strong>Quoniam</strong></span> <span class='ocrx_word' id='word_1_176' title='bbox 1212 2103 1465 2158; x_wconf 86' lang='lat' dir='ltr'><strong>timorem</strong></span> <span class='ocrx_word' id='word_1_177' title='bbox 1495 2111 1550 2158; x_wconf 89' lang='lat' dir='ltr'><strong>et</strong></span> <span class='ocrx_word' id='word_1_178' title='bbox 1577 2101 1866 2175; x_wconf 81' lang='lat' dir='ltr'><strong>flagellum</strong></span> <span class='ocrx_word' id='word_1_179' title='bbox 1887 2121 1969 2159; x_wconf 83' lang='lat' dir='ltr'><strong>su-</strong></span> 
     </span>
     <span class='ocr_line' id='line_1_27' title="bbox 382 2177 1964 2251; baseline 0.001 -21"><span class='ocrx_word' id='word_1_180' title='bbox 382 2192 483 2245; x_wconf 86' lang='lat' dir='ltr'><strong>per</strong></span> <span class='ocrx_word' id='word_1_181' title='bbox 500 2194 587 2232; x_wconf 88' lang='lat' dir='ltr'><strong>res</strong></span> <span class='ocrx_word' id='word_1_182' title='bbox 606 2187 812 2234; x_wconf 83' lang='lat' dir='ltr'><strong>creatas</strong></span> <span class='ocrx_word' id='word_1_183' title='bbox 830 2177 897 2250; x_wconf 86' lang='lat' dir='ltr'><strong>(s.</strong></span> <span class='ocrx_word' id='word_1_184' title='bbox 921 2177 1109 2251; x_wconf 82' lang='lat' dir='ltr'><strong>factas)</strong></span> <span class='ocrx_word' id='word_1_185' title='bbox 1126 2195 1226 2250; x_wconf 89' lang='lat' dir='ltr'><strong>per</strong></span> <span class='ocrx_word' id='word_1_186' title='bbox 1244 2178 1548 2248; x_wconf 88' lang='lat' dir='ltr'><strong>sapientem</strong></span> <span class='ocrx_word' id='word_1_187' title='bbox 1569 2178 1964 2249; x_wconf 83' lang='lat' dir='ltr'><strong>providentiam</strong></span> 
     </span>
     <span class='ocr_line' id='line_1_28' title="bbox 382 2251 1968 2326; baseline 0.001 -22"><span class='ocrx_word' id='word_1_188' title='bbox 382 2251 656 2317; x_wconf 84' lang='lat' dir='ltr'><strong>immittit,</strong></span> <span class='ocrx_word' id='word_1_189' title='bbox 697 2261 759 2308; x_wconf 90' lang='lat' dir='ltr'><strong>ut</strong></span> <span class='ocrx_word' id='word_1_190' title='bbox 786 2253 855 2308; x_wconf 84' lang='lat' dir='ltr'><strong>ad</strong></span> <span class='ocrx_word' id='word_1_191' title='bbox 880 2261 1082 2309; x_wconf 86' lang='lat' dir='ltr'><strong>certam</strong></span> <span class='ocrx_word' id='word_1_192' title='bbox 1108 2252 1516 2326; x_wconf 83' lang='lat' dir='ltr'><strong>indagationem</strong></span> <span class='ocrx_word' id='word_1_193' title='bbox 1536 2253 1701 2307; x_wconf 86' lang='lat' dir='ltr'><strong>istius</strong></span> <span class='ocrx_word' id='word_1_194' title='bbox 1723 2254 1874 2309; x_wconf 90' lang='lat' dir='ltr'><strong>modi</strong></span> <span class='ocrx_word' id='word_1_195' title='bbox 1897 2253 1968 2307; x_wconf 83' lang='lat' dir='ltr'><strong>fa-</strong></span> 
     </span>
     <span class='ocr_line' id='line_1_29' title="bbox 384 2326 1968 2401; baseline 0.001 -22"><span class='ocrx_word' id='word_1_196' title='bbox 384 2333 591 2381; x_wconf 78' lang='lat' dir='ltr'><strong>ctotum</strong></span> <span class='ocrx_word' id='word_1_197' title='bbox 622 2326 873 2384; x_wconf 88' lang='lat' dir='ltr'><strong>homines</strong></span> <span class='ocrx_word' id='word_1_198' title='bbox 896 2328 1148 2384; x_wconf 79' lang='lat' dir='ltr'><strong>redeant.</strong></span> <span class='ocrx_word' id='word_1_199' title='bbox 1229 2327 1338 2394; x_wconf 88' lang='lat' dir='ltr'><strong>Qui</strong></span> <span class='ocrx_word' id='word_1_200' title='bbox 1366 2327 1516 2382; x_wconf 85' lang='lat' dir='ltr'><strong>enim</strong></span> <span class='ocrx_word' id='word_1_201' title='bbox 1541 2328 1730 2383; x_wconf 86' lang='lat' dir='ltr'><strong>timuit</strong></span> <span class='ocrx_word' id='word_1_202' title='bbox 1759 2329 1968 2401; x_wconf 87' lang='lat' dir='ltr'><strong>appari-</strong></span> 
     </span>
     <span class='ocr_line' id='line_1_30' title="bbox 383 2399 2051 2476; baseline 0.002 -25"><span class='ocrx_word' id='word_1_203' title='bbox 383 2399 585 2454; x_wconf 87' lang='lat' dir='ltr'><strong>tionem</strong></span> <span class='ocrx_word' id='word_1_204' title='bbox 614 2401 937 2465; x_wconf 78' lang='lat' dir='ltr'><strong>fulminum,</strong></span> <span class='ocrx_word' id='word_1_205' title='bbox 984 2405 1034 2456; x_wconf 89' lang='lat' dir='ltr'><strong>is</strong></span> <span class='ocrx_word' id='word_1_206' title='bbox 1060 2402 1304 2474; x_wconf 84' lang='lat' dir='ltr'><strong>profecto</strong></span> <span class='ocrx_word' id='word_1_207' title='bbox 1330 2405 1524 2475; x_wconf 89' lang='lat' dir='ltr'><strong>nequit</strong></span> <span class='ocrx_word' id='word_1_208' title='bbox 1552 2418 1661 2458; x_wconf 89' lang='lat' dir='ltr'><strong>non</strong></span> <span class='ocrx_word' id='word_1_209' title='bbox 1689 2403 1963 2476; x_wconf 85' lang='lat' dir='ltr'><strong>indagare,</strong></span> <span class='ocrx_word' id='word_1_210' title='bbox 2049 2415 2051 2422; x_wconf 87' lang='lat'>·</span> 
     </span>
     <span class='ocr_line' id='line_1_31' title="bbox 382 2474 1961 2547; baseline 0.004 -25"><span class='ocrx_word' id='word_1_211' title='bbox 382 2479 565 2527; x_wconf 87' lang='lat' dir='ltr'><strong>utrum</strong></span> <span class='ocrx_word' id='word_1_212' title='bbox 592 2474 655 2529; x_wconf 82' lang='lat' dir='ltr'><strong>id</strong></span> <span class='ocrx_word' id='word_1_213' title='bbox 682 2477 857 2546; x_wconf 88' lang='lat' dir='ltr'><strong>repeti</strong></span> <span class='ocrx_word' id='word_1_214' title='bbox 886 2476 955 2530; x_wconf 90' lang='lat' dir='ltr'><strong>ab</strong></span> <span class='ocrx_word' id='word_1_215' title='bbox 982 2493 1041 2530; x_wconf 91' lang='lat' dir='ltr'><strong>re</strong></span> <span class='ocrx_word' id='word_1_216' title='bbox 1069 2478 1312 2532; x_wconf 85' lang='lat' dir='ltr'><strong>inanima</strong></span> <span class='ocrx_word' id='word_1_217' title='bbox 1339 2494 1404 2531; x_wconf 85' lang='lat' dir='ltr'><strong>ae</strong></span> <span class='ocrx_word' id='word_1_218' title='bbox 1422 2476 1736 2547; x_wconf 74' lang='lat' dir='ltr'><strong>impiavida</strong></span> <span class='ocrx_word' id='word_1_219' title='bbox 1757 2477 1961 2540; x_wconf 86' lang='lat' dir='ltr'><strong>debeat,</strong></span> 
     </span>
     <span class='ocr_line' id='line_1_32' title="bbox 382 2543 1968 2618; baseline 0.003 -19"><span class='ocrx_word' id='word_1_220' title='bbox 382 2543 530 2608; x_wconf 84' lang='lat' dir='ltr'><strong>quod</strong></span> <span class='ocrx_word' id='word_1_221' title='bbox 566 2547 626 2602; x_wconf 86' lang='lat' dir='ltr'><strong>fit</strong></span> <span class='ocrx_word' id='word_1_222' title='bbox 668 2564 769 2618; x_wconf 89' lang='lat' dir='ltr'><strong>per</strong></span> <span class='ocrx_word' id='word_1_223' title='bbox 813 2551 1096 2606; x_wconf 88' lang='lat' dir='ltr'><strong>materiam</strong></span> <span class='ocrx_word' id='word_1_224' title='bbox 1141 2552 1470 2615; x_wconf 89' lang='lat' dir='ltr'><strong>inanimam,</strong></span> <span class='ocrx_word' id='word_1_225' title='bbox 1529 2567 1594 2605; x_wconf 85' lang='lat' dir='ltr'><strong>ao</strong></span> <span class='ocrx_word' id='word_1_226' title='bbox 1633 2559 1818 2607; x_wconf 86' lang='lat' dir='ltr'><strong>utrum</strong></span> <span class='ocrx_word' id='word_1_227' title='bbox 1853 2553 1968 2606; x_wconf 86' lang='lat' dir='ltr'><strong>sine</strong></span> 
     </span>
     <span class='ocr_line' id='line_1_33' title="bbox 382 2617 1966 2696; baseline 0.009 -30"><span class='ocrx_word' id='word_1_228' title='bbox 382 2617 725 2696; x_wconf 74' lang='lat' dir='ltr'><strong>providentia</strong></span> <span class='ocrx_word' id='word_1_229' title='bbox 745 2622 959 2694; x_wconf 85' lang='lat' dir='ltr'><strong>aliqua,</strong></span> <span class='ocrx_word' id='word_1_230' title='bbox 998 2641 1143 2695; x_wconf 86' lang='lat' dir='ltr'><strong>quae</strong></span> <span class='ocrx_word' id='word_1_231' title='bbox 1171 2625 1494 2680; x_wconf 83' lang='lat' dir='ltr'><strong>hominibus</strong></span> <span class='ocrx_word' id='word_1_232' title='bbox 1515 2626 1752 2696; x_wconf 86' lang='lat' dir='ltr'><strong>praesit,</strong></span> <span class='ocrx_word' id='word_1_233' title='bbox 1792 2625 1966 2680; x_wconf 84' lang='lat' dir='ltr'><strong>caele-</strong></span> 
     </span>
     <span class='ocr_line' id='line_1_34' title="bbox 380 2693 1964 2756; baseline 0.013 -21"><span class='ocrx_word' id='word_1_234' title='bbox 380 2694 545 2738; x_wconf 79' lang='lat' dir='ltr'><strong>stium</strong></span> <span class='ocrx_word' id='word_1_235' title='bbox 582 2693 853 2748; x_wconf 86' lang='lat' dir='ltr'><strong>minarum</strong></span> <span class='ocrx_word' id='word_1_236' title='bbox 894 2697 1041 2752; x_wconf 85' lang='lat' dir='ltr'><strong>furor</strong></span> <span class='ocrx_word' id='word_1_237' title='bbox 1080 2699 1138 2752; x_wconf 90' lang='lat' dir='ltr'><strong>in</strong></span> <span class='ocrx_word' id='word_1_238' title='bbox 1172 2698 1442 2754; x_wconf 88' lang='lat' dir='ltr'><strong>mundum</strong></span> <span class='ocrx_word' id='word_1_239' title='bbox 1481 2700 1694 2756; x_wconf 66' lang='lat' dir='ltr'><strong>irruat:</strong></span> <span class='ocrx_word' id='word_1_240' title='bbox 1759 2699 1828 2754; x_wconf 81' lang='lat' dir='ltr'><strong>At</strong></span> <span class='ocrx_word' id='word_1_241' title='bbox 1867 2702 1964 2756; x_wconf 81' lang='lat' dir='ltr'><strong>iste</strong></span> 
     </span>
    </p>
   </div>
   <div class='ocr_carea' id='block_1_4' title="bbox 2046 2283 2056 2977">
    <p class='ocr_par' dir='ltr' id='par_1_4' title="bbox 2046 2283 2056 2977">
     <span class='ocr_line' id='line_1_35' title="bbox 2046 2283 2056 2977; baseline 0 0"><span class='ocrx_word' id='word_1_242' title='bbox 2046 2283 2056 2977; x_wconf 95' lang='lat' dir='ltr'><strong> </strong></span> 
     </span>
    </p>
   </div>
  </div>
 </body>
</html>
