2125 3084
328 139 427 215 372
566 167 761 211 PmL.
801 167 947 212 1111).
988 166 1312 223 QUAEsT.
1349 166 1449 213 ET
1489 168 1649 213 son.
1691 163 1924 231 [11,527.]

324 269 502 333 tibus,
562 285 633 322 ex
676 267 857 323 tribus
894 266 1108 322 habens
1147 268 1433 322 materiam
1471 268 1922 343 exsisten,tiae*);

324 344 567 399 maxime
595 350 777 397 autem
804 341 876 398 ob
904 341 965 397 id
996 342 1288 398 concordat
1305 360 1432 397 oum
1453 350 1608 397 sexto
1627 344 1922 414 primm-im

324 420 539 491 primus
558 419 709 473 enim
728 419 1051 473 sexenarius
1071 435 1143 473 ex
1167 416 1240 547 [ζ]
1265 418 1503 489 propriis
1525 418 1779 489 iungitur
1797 436 1931 491 par·-

323 496 496 549 tibus.
570 494 753 549 Unum
772 494 959 564 itaque
981 492 1084 548 hoc
1103 492 1172 547 ha
1215 502 1270 560 ,et
1289 493 1493 547 bonum
1511 506 1778 553 numerus
1797 496 1924 549 iste.

324 572 565 625 Alteram
604 584 826 639 quoque
864 569 1160 623 essentiam
1198 568 1366 623 habet
1397 584 1495 639 per
1523 569 1922 640 septenarium,

324 648 456 718 quja
492 644 839 715 componitur
873 660 943 699 ex
977 644 1314 707 unitatib11S‚
1359 642 1428 697 ab
1455 659 1565 697 uno
1592 643 1928 715 singillatim

324 737 503 791 usque
524 718 594 774 ad
614 726 852 789 septem,
896 726 957 773 ut
984 718 1224 773 dixerim
1255 719 1360 773 hoe
1388 726 1597 773 tenore:
1651 718 1695 771 1.
1725 718 1794 773 11.
1825 719 1920 773 III.

322 796 413 851 IV.
443 795 509 850 V.
540 794 631 850 VI.
654 794 768 849 VH.
792 792 1090 849 conficiunt
1109 794 1354 850 XXVIII.
1417 794 1597 848 Tertio
1617 800 1796 849 autem
1817 794 1924 848 erit

324 869 697 945 multiplicare
735 877 945 942 septem
982 884 1083 940 per
1107 876 1344 941 quatuor
1371 870 1678 941 septenaria
1705 867 1794 923 vel
1823 884 1922 937 per

324 946 529 1017 septies
556 953 810 1017 quatuor.
888 942 1124 1011 Quartus
1143 962 1273 999 vero
1293 938 1558 999 mimerus
1577 944 1810 1015 septimo
1829 959 1924 997 oo.-

324 1028 523 1097 gnatus
554 1028 637 1075 est
664 1021 877 1091 specie,
918 1035 1028 1090 quo
1057 1018 1358 1090 perfectius
1385 1019 1653 1083 estnihil.
1729 1020 1814 1073 Ex
1832 1018 1921 1073 his

326 1112 457 1168 ergo
476 1096 723 1150 numeris
746 1094 1162 1151 tabernaculum
1185 1094 1497 1167 Theologus
1527 1095 1606 1149 ait
1633 1095 1800 1167 erigi,
1846 1094 1922 1149 ita

324 1179 387 1225 ut
417 1169 820 1242 longitudinem
850 1169 1039 1225 decem
1071 1170 1404 1225 cortinarum
1445 1170 1686 1242 singulis
1722 1170 1924 1242 viginti

325 1254 446 1300 octo
475 1245 680 1299 cubitis
706 1244 955 1316 perficiat
974 1246 1034 1299 in
1053 1244 1365 1300 bisoentum
1389 1254 1442 1299 et
1461 1246 1766 1317 octoginta,
1802 1244 1926 1300 lati-

326 1319 581 1374 tudinem
617 1336 747 1375 vero
786 1319 905 1391 (per
940 1320 1132 1393 decies
1167 1319 1420 1393 quatuor)
1449 1321 1508 1374 in
1536 1320 1920 1393 quadraginta.

326 1392 760 1465 Quadragenarii
798 1403 979 1449 autem
1006 1396 1186 1450 virtus
1213 1395 1464 1453 exhibite
1491 1396 1742 1460 entibus,
1785 1396 1926 1450 iam-

326 1467 544 1539 pridem
582 1467 730 1523 dicta
769 1478 878 1537 est;
940 1470 1253 1525 bisoentum
1279 1486 1412 1525 vero
1441 1478 1494 1525 et
1522 1472 1797 1543 octoginta
1825 1469 1927 1523 de·

326 1542 441 1597 cies
460 1551 693 1613 quatuor
714 1542 1106 1619 (numerorum)
1127 1546 1420 1618 septuplex
1441 1553 1547 1600 est:
1611 1545 1716 1601 deo
1744 1553 1924 1601 autem

328 1616 643 1673 dedicatum
665 1629 747 1674 est
766 1622 1160 1692 septenarium.

400 1760 496 1810 Cur
530 1760 675 1811 dixit.-
730 1762 850 1827 „Et
884 1763 973 1812 erit
1006 1763 1357 1835 tabernaculum
1392 1764 1614 1811 unum“?
1649 1768 1755 1825 (26,
1782 1762 1857 1826 6.)

440 1868 525 1917 88.
567 1864 778 1920 Dixerit
798 1866 1029 1937 aliquis:
1077 1864 1187 1920 Sed
1204 1883 1236 1919 o
1257 1864 1509 1937 theologe
1524 1906 1537 1929 ,
1568 1858 1698 1935 quis
1719 1865 1926 1920 nesciat

329 1938 415 2001 id,
459 1939 609 2009 quod
637 1934 811 1995 un'um
839 1958 946 1995 non
975 1948 1059 1995 est
1083 1938 1356 1995 multum?
1412 1947 1465 1993 et
1499 1940 1602 1994 hoo
1632 1940 1742 1994 iam
1771 1940 1925 2012 prius

329 2015 449 2085 ipse
471 2012 693 2069 dixisti:
751 2016 1163 2071 Tabernaoulum
1181 2020 1343 2085 facies
1359 2018 1530 2069 decem
1549 2020 1786 2077 cortinis,
1819 2032 1925 2069 non

328 2088 701 2144 tabernacula.
782 2092 1049 2145 Fortassis
1096 2092 1282 2161 itaque
1327 2106 1424 2161 pro
1463 2088 1702 2143 firmiore
1738 2088 1926 2161 >sigillo

328 2180 503 2224 unum
522 2164 669 2219 dixit
687 2182 809 2220 esse
828 2165 1244 2221 tabernaculum
1260 2206 1272 2229 ‚
1303 2164 1546 2237 figurans
1564 2166 1801 2219 unitates
1821 2164 1926 2218 sub

330 2238 461 2292 luna
500 2240 849 2296 exsistentes.
926 2239 1192 2306 Quamvis
1223 2241 1372 2295 enim
1401 2248 1543 2295 terra
1569 2240 1638 2295 ab
1668 2257 1811 2311 aqua
1839 2238 1930 2293 di-

330 2314 527 2367 stincta
546 2316 644 2377 sit,
680 2322 733 2369 et
754 2332 895 2385 aqua
917 2315 985 2369 ab
1006 2318 1156 2379 ae're,
1189 2317 1400 2387 aerque.
1410 2316 1480 2371 ab
1501 2317 1632 2387 igne
1647 2357 1660 2379 ,
1699 2324 1752 2369 et
1781 2315 1930 2388 ignis

330 2386 401 2439 ab
422 2388 545 2441 istis
566 2389 805 2459 singulis
818 2430 833 2451 ‚
858 2388 1222 2444 nihilominus
1242 2399 1424 2449 tamen
1444 2391 1630 2447 omnia
1650 2400 1780 2444 sunt
1799 2408 1936 2445 oon-—

330 2462 567 2525 cinnata,
592 2462 661 2516 ad
682 2480 849 2517 unam
870 2461 1102 2517 formam
1121 2465 1560 2521 determinatam.
1611 2465 1762 2532 Quae
1783 2467 1941 2521 enim

330 2548 402 2584 ex
422 2542 496 2587 tot
517 2544 571 2588 et
589 2539 757 2591 tantis
775 2536 1077 2608 perfectum
1105 2538 1212 2594 fuit
1239 2541 1494 2605 materia,
1539 2558 1650 2596 una
1676 2542 1948 2597 convenit

433 2665 475 2714 ³⁸¹)
502 2670 629 2711 quta
652 2674 794 2733 leoss.
820 2680 888 2715 ter
912 2687 1067 2715 novem
1091 2688 1179 2717 una
1205 2690 1302 2719 eum
1329 2682 1495 2723 unitate
1523 2683 1627 2721 dant
1651 2684 1723 2729 28,
1753 2658 1872 2731 sieut
1899 2689 1954 2724 et

333 2720 515 2759 quatuor
539 2724 707 2767 septies.
768 2726 927 2764 Auch-

1921 2846 1948 2867 Χ

2069 86 2071 165 l
