2125 3084
386 176 483 229 102
840 153 1212 225 ruuloms
1248 178 1524 225 mnam
1766 176 1852 241 m,
1877 176 1985 242 560]

384 280 641 337 sacrificii
658 322 671 343 ‚
705 280 901 352 angelo
923 289 1106 335 autem
1125 279 1468 333 extremitate
1490 282 1680 352 virgae
1704 280 1850 335 illud
1871 290 1992 337 tan·-

383 366 573 430 gente‚
602 355 789 410 subito
818 371 1148 409 succensum
1169 354 1294 409 fuit.
1371 355 1438 408 Et
1459 355 1657 409 videns
1679 356 1882 411 Manue
1901 375 1994 410 sa-

384 430 655 487 crificium
704 429 787 483 sic
832 428 1049 485 flamma
1098 436 1436 499 correptum,
1505 430 1884 502 angelumque
1921 432 1992 485 de

384 506 601 563 flamma
628 504 933 569 elevatum,
984 512 1037 559 et
1065 504 1378 559 hostiamin
1395 504 1609 559 eaelum
1633 504 1988 570 conductam,

384 600 455 639 ex
483 579 843 637 admiratione
873 580 1029 634 visus
1066 580 1126 633 in
1154 586 1396 633 mentem
1423 586 1818 634 transmutatus
1852 580 1986 634 fuit:

386 659 445 713 id
476 666 657 713 autem
694 654 895 709 accidit
933 656 1014 717 ei,
1067 662 1130 708 ut
1169 654 1382 710 animae
1421 654 1620 709 virtute
1660 657 1988 725 praestanti.

386 736 521 789 Nam
549 732 803 787 conscius
830 739 945 784 erat
972 728 1276 800 scripturae
1306 728 1570 784 dicentis:
1623 730 1782 783 Nemo
1805 734 1992 783 videns

386 812 583 865 vultum
627 820 819 868 meum,
888 808 1023 859 vivet
1077 810 1258 867 (ludio.
1299 812 1384 870 18,
1417 812 1508 869 ἕως
1554 808 1718 858 Exci.
1759 808 1838 870 33,
1869 810 1984 867 20).
2078 832 2079 859 2

384 884 556 938 Deum
574 883 763 951 itaque
783 878 1168 933 universorum
1189 878 1400 932 vidisse
1417 896 1480 933 se
1501 879 1839 941 existimem,
1870 878 1984 931 vita
2078 880 2079 929 ἱ

384 968 656 1023 carente-m
684 954 1015 1027 opinabatur
1042 954 1214 1007 vitam
1231 969 1414 1007 suam.
1494 956 1642 1009 Uxor
1662 960 1840 1009 tamen
1861 953 1985 1005 eius
2078 980 2079 1001 l

388 1031 715 1089 fortificabat
733 1046 860 1085 eum
874 1068 887 1094 ,
930 1030 1015 1083 sic
1030 1028 1259 1084 obviam
1275 1028 1363 1083 illi
1383 1030 1616 1087 veniens
1635 1029 1831 1084 timore
1857 1026 1987 1082 affe—
2078 1034 2079 1061 ἐ

386 1118 471 1164 cto
497 1106 799 1181 prudenter
826 1121 889 1160 ac
916 1111 1252 1159 constanter:
1295 1104 1586 1175 Numquid
1619 1105 1760 1159 visio
1779 1105 1910 1164 ista,
1953 1118 1988 1156 o

388 1186 477 1239 vir
490 1222 504 1249 ,
534 1182 799 1254 inquiens
814 1221 826 1244 ‚
851 1182 911 1234 in
928 1179 1141 1234 malum
1157 1177 1352 1234 referri
1371 1181 1574 1250 possit,
1598 1180 1744 1235 visio
1765 1180 1988 1249 inquam

382 1258 580 1331 optimi
600 1259 661 1311 in
678 1254 875 1327 turpe?
909 1256 1024 1309 Nec
1048 1255 1202 1309 enim
1228 1254 1506 1325 excipitur
1530 1253 1738 1309 oblatio
1759 1252 1899 1309 facta
1919 1252 1989 1306 ab

385 1334 482 1388 illo
500 1332 601 1403 qui
620 1332 811 1385 mortis
833 1330 1124 1385 damnatus
1143 1330 1242 1384 sit:
1269 1346 1514 1400 namque
1533 1329 1803 1385 dilectum
1821 1327 1990 1383 efficit

386 1408 520 1462 boni
550 1406 691 1461 visio
721 1405 909 1477 ipsum
938 1404 1282 1477 improbum,
1325 1405 1425 1475 qui
1453 1405 1670 1459 visione
1691 1403 1898 1477 dignus
1917 1404 1991 1457 sit

386 1481 582 1536 factus.
660 1478 819 1546 Quod
849 1478 899 1533 si
929 1479 1207 1553 benignus
1239 1478 1357 1551 (ille
1388 1476 1667 1552 dominus)
1713 1478 1831 1533 solo
1863 1479 1991 1531 visu
2078 1500 2079 1537 5

387 1566 439 1613 et
458 1554 809 1628 perceptione
830 1554 1090 1609 sacrificii
1111 1552 1388 1627 benignus
1413 1554 1473 1609 in
1500 1572 1598 1610 nos
1621 1552 1814 1618 fuerit,
1858 1570 1986 1623 quc,

386 1648 591 1705 quaeso
606 1672 619 1695 ‚
650 1628 881 1686 consilio
903 1630 1189 1685 damnabit
1205 1627 1560 1685 honorantem
1582 1630 1776 1685 mortis
1791 1670 1804 1693 ,
1835 1628 1990 1701 obla-

385 1717 504 1763 tum
524 1716 804 1779 tamquam
824 1706 882 1777 pi
926 1723 1030 1760 nus
1050 1711 1104 1761 et
1125 1712 1314 1761 votum
1334 1722 1433 1777 pro
1451 1722 1550 1759 sua
1573 1700 1752 1759 salute
1779 1702 1992 1759 sacrifi-

380 1780 539 1839 'c'ium
575 1780 863 1853 excipiens
952 1780 1171 1837 Novum
1207 1798 1342 1835 sane
1379 1778 1711 1835 miraculum
1750 1786 1868 1834 erat
1904 1778 1994 1831 vi·—

388 1857 544 1915 dere:
584 1866 789 1931 quanto
817 1856 906 1910 vir
942 1856 1166 1920 timore,
1209 1854 1411 1929 mulier
1449 1860 1631 1910 autem
1663 1848 1992 1909 fortitudine

386 1930 541 2007 pleni
561 1940 741 1996 erant,
784 1930 885 1986 ubi
906 1930 1068 1986 illum
1089 1930 1374 2003 oportebat
1393 1928 1824 1986 consolationem
1850 1928 1992 1983 reci-

429 2024 520 2065 ere
534 2051 549 2075 ,
572 2007 863 2063 mulierem
883 2023 1012 2061 vero
1034 2006 1311 2075 timorem;
1346 2007 1444 2077 qui
1465 2006 1631 2060 solari
1653 2022 1884 2059 uxorem
1913 2000 1987 2077 [⁴⁵]

387 2028 651 2147 genebat,
694 2080 935 2154 pavidus
958 2076 1196 2146 exstitit,
1239 2090 1294 2137 et
1313 2082 1540 2147 mulien,
1583 2097 1724 2151 quae
1745 2080 1990 2134 solamen
2017 2132 2026 2139 ,

388 2156 457 2217 ab
485 2159 583 2215 illo
612 2158 859 2228 recipere
888 2153 1156 2211 debuerat
1182 2155 1327 2211 sicut
1352 2152 1656 2228 stupefacta
1673 2196 1685 2218 ‚
1731 2155 1855 2226 ipsa
1876 2160 1993 2207 stu—

384 2234 665 2307 pefactum
691 2230 879 2287 verbis
906 2230 1137 2286 remedii
1165 2231 1448 2286 similibus
1467 2230 1756 2286 consolans
1776 2229 1996 2284 reficie-

387 2311 501 2364 bat.
578 2306 699 2362 Non
740 2308 888 2361 enim
929 2302 1130 2361 frustra
1167 2306 1372 2379 aliquis
1415 2303 1586 2371 dixit,
1639 2306 1700 2359 in
1739 2302 1998 2359 vultibus

390 2381 781 2453 apparentibus
819 2379 1068 2435 habitare
1108 2382 1318 2436 animas
1358 2380 1634 2445 diversae,
1690 2381 1768 2435 ita
1808 2388 1870 2452 ut
1906 2378 2002 2433 vir

388 2456 718 2511 muliebrem
738 2471 869 2525 prae
889 2471 949 2509 se
969 2454 1107 2511 ferat
1127 2457 1366 2511 animam
1382 2498 1395 2521 ,
1424 2465 1479 2513 et
1499 2454 1700 2511 mulier
1721 2454 1846 2510 viro
1863 2470 2005 2509 con-

338 2542 349 2553 ·
389 2531 703 2583 venientem
724 2538 994 2583 naturam.

433 2702 443 2712 .
507 2633 586 2683 49.
635 2628 819 2696 Quum
847 2632 1035 2703 itaque
1062 2635 1146 2687 sic
1177 2636 1378 2692 mulier
1407 2637 1743 2692 annunciata
1769 2647 1923 2693 esset
1949 2650 2014 2694 et

389 2717 477 2754 v1r
493 2718 789 2771 persuasus
806 2745 819 2768 ‚
860 2707 1090 2779 angelus
1116 2716 1459 2767 transvectus
1479 2720 1636 2769 estet
1655 2714 2016 2771 sacrificium
