2125 3084
366 183 463 234 4⁴8
808 187 1173 235 rmnoms
1219 187 1495 234 mnAm
1745 187 1832 253 [ιι
1859 188 1968 254 5η]

366 287 647 360 Scriptura
682 289 994 344 manifeste:
1070 288 1170 354 Qua·
1197 292 1354 356 fodiet
1379 293 1598 356 fossam,
1652 297 1712 344 in
1755 299 1972 348 eandem

368 368 512 418 cadet
540 367 714 433 (Pi-ov.
734 371 815 428 26,
838 367 945 426 27).
1032 362 1172 418 Mihi
1210 378 1340 416 vero
1377 371 1430 416 et
1461 362 1595 417 iusti
1639 363 1971 437 Sampsonis

367 437 625 494 admirari
646 437 902 493 convenit
922 453 1030 492 non
1051 438 1238 491 minus
1255 437 1535 508 problema
1549 478 1562 500 ,
1594 454 1767 507 quam
1789 451 1972 497 certa-

366 531 493 569 men
513 513 793 569 heroicum
810 553 822 576 ‚
853 529 917 568 eo
937 512 1086 583 quod
1113 513 1210 582 qui
1232 513 1456 584 triginta
1477 513 1623 566 viros
1648 511 1820 570 fortes
1842 534 1972 571 cae-—

366 587 474 652 dit,
523 605 726 660 eosque
754 595 865 641 tam
894 587 1131 642 viriliter
1158 588 1459 658 percussit,
1500 595 1560 642 ut
1584 604 1767 658 neque
1794 594 1972 646 vesti-

366 672 547 718 menta
574 680 763 718 eorum
793 662 1147 732 depravasset
1173 679 1272 732 per
1295 663 1581 736 sanguinis
1610 661 1962 730 effusionem,

365 739 565 811 potiori
603 738 927 793 dexteritate
964 753 1132 792 unam
1171 736 1395 793 domum
1429 737 1708 792 destruere
1737 737 1969 794 destru-

366 815 574 870 entium
606 820 838 885 poterat,
882 811 1261 882 impudentem
1291 813 1576 867 victoriam
1605 829 1790 868 eorum
1824 831 1967 868 cau—

365 905 483 943 sam
505 887 713 943 faciens
733 887 999 942 enecandi
1020 887 1176 941 illos:
1207 886 1268 940 id
1289 895 1470 942 tamen
1492 889 1540 941 si
1561 887 1806 952 fecisset,
1845 896 1964 943 tam

368 961 441 1039 [³¹⁵]
474 964 739 1036 damnum
768 962 1005 1017 mulctae
1033 962 1228 1016 timere
1255 971 1566 1032 putaretur,
1619 979 1786 1034 quam
1813 965 1964 1036 pacti

365 1040 625 1096 terminos
643 1047 1043 1110 transgressum
1071 1035 1264 1092 fuisse.

475 1147 558 1199 45.
602 1144 753 1199 Vidit
778 1161 907 1218 ergo
926 1143 1072 1198 sicut
1091 1143 1312 1215 sapiens
1327 1184 1340 1205 ,
1383 1141 1660 1212 quomodo
1681 1143 1964 1199 indemnis

365 1227 701 1282 servaretur,
742 1227 796 1274 et
824 1219 1005 1274 fidelis
1036 1235 1165 1292 erga
1192 1218 1340 1290 pacti
1366 1218 1571 1272 socios:
1616 1219 1858 1273 externis
1888 1218 1966 1275 de

364 1295 529 1348 rebus
558 1294 704 1363 pacti
733 1294 947 1348 lucrum
978 1293 1185 1350 faciens
1216 1292 1642 1364 indemnesque,
1687 1301 1749 1348 ut
1776 1295 1853 1348 ita
1872 1292 1966 1348 di-

366 1386 512 1430 cam,
552 1367 823 1424 lucrantes
854 1386 1109 1432 servanS,
1148 1367 1516 1423 redditionem
1544 1370 1692 1439 pacti
1713 1370 1966 1440 postula-

364 1452 473 1498 tam
496 1451 789 1498 exsecutus
807 1452 908 1498 est.
974 1443 1240 1510 Quamvis
1261 1445 1409 1498 enim
1430 1443 1692 1498 maiorem
1712 1445 1835 1507 isti,
1861 1448 1962 1516 qui

360 1535 459 1590 per
480 1515 667 1572 dolum
694 1519 972 1582 vicerunt,
1006 1519 1418 1592 castigationem
1439 1519 1751 1583 merebant,
1785 1519 1889 1574 sed
1907 1522 1963 1575 ei

361 1594 460 1664 qui
480 1593 733 1648 devictus
753 1592 859 1649 fuit
872 1635 884 1658 ‚
909 1594 968 1649 id
988 1602 1207 1666 tempus
1229 1595 1328 1648 vix
1346 1602 1461 1647 erat
1477 1602 1852 1665 opportunum
1865 1636 1877 1659 ,
1901 1597 1963 1650 in

362 1678 603 1741 temporo
630 1668 1015 1726 debellationis
1044 1687 1178 1724 suae
1206 1668 1510 1724 vindictam
1537 1686 1734 1740 capere
1767 1669 1840 1723 de
1870 1672 1964 1724 vi-

360 1754 526 1800 ctore.
605 1743 717 1800 Sed
734 1746 833 1818 qui
852 1746 1033 1801 victus
1053 1752 1164 1809 est,
1207 1744 1401 1815 implet
1426 1751 1648 1816 pactum
1668 1751 1960 1800 statutum.

359 1819 500 1888 Quia
536 1837 665 1876 vero
704 1829 1037 1876 transactum
1074 1819 1250 1875 fuerat
1285 1827 1503 1890 tempus
1546 1818 1828 1874 vindictae
1865 1837 1964 1875 ca-

360 1895 595 1968 piendae
610 1937 623 1961 ‚
667 1897 803 1952 haec
823 1896 953 1952 fecit
972 1895 1269 1967 Sampson:
1313 1893 1529 1948 reddito
1547 1892 1629 1948 eis
1648 1902 1808 1966 pacto
1827 1912 1961 1965 per-

360 1971 609 2043 fectoque
652 1972 924 2045 legitimo,
984 1980 1264 2042 tamquam
1311 1969 1562 2024 devictus
1605 1969 1664 2022 in
1701 1970 1958 2041 pactione

360 2047 513 2101 iuxta
532 2051 876 2102 communem
898 2045 1326 2110 confessionem,
1366 2043 1715 2116 postmodum
1735 2053 1955 2116 tempus

358 2131 725 2193 opportunum
742 2123 969 2194 reperiit
990 2121 1296 2176 ulciscendi
1318 2119 1634 2175 iniuriosus».
1688 2121 1800 2174 Nec
1821 2136 1956 2192 ergo

358 2197 415 2250 in
437 2205 679 2268 tempore
698 2199 844 2269 pacti
865 2197 1067 2253 iniuria
1091 2197 1268 2253 socios
1290 2195 1536 2250 afficiens
1551 2236 1564 2258 ‚
1595 2194 1838 2249 infidelis
1861 2211 1958 2249 ac-

358 2280 579 2327 cusatus
607 2281 715 2337 est,
755 2290 933 2346 neque
955 2281 1077 2344 post
1097 2280 1312 2343 tempus
1333 2269 1534 2326 cedens
1561 2271 1670 2334 eie,
1712 2271 1956 2342 ignavus

358 2355 439 2402 est
464 2346 801 2402 diffamatus:
846 2347 945 2403 sed
974 2347 1120 2418 quod
1151 2347 1380 2402 decebat
1405 2346 1736 2417 sapientem,
1779 2345 1956 2401 simul

356 2423 520 2477 etiam
540 2425 747 2478 iustum
767 2440 868 2478 nec
888 2422 1070 2478 dando
1097 2422 1361 2477 damnum
1386 2437 1584 2493 passus
1614 2428 1722 2484 est,
1767 2436 1957 2492 neque

356 2495 659 2553 decidendo
694 2498 927 2554 aliorum
962 2505 1201 2569 partem,
1259 2496 1551 2553 illiberalis
1586 2496 1960 2567 ingratusque

356 2572 577 2626 habitus
598 2581 707 2639 est;
732 2590 833 2630 nec
855 2575 1035 2628 laesus
1055 2575 1175 2644 ipse
1193 2572 1437 2627 reddidit
1457 2570 1721 2626 ultionem
1736 2611 1750 2634 ,
1765 2587 1961 2641 neque

358 2645 674 2772 laedebatur
710 2646 820 2718 (vel
847 2647 1120 2722 ¹laedebat)
1148 2647 1490 2711 ulciscend0,
1539 2645 1636 2703 sed
1664 2645 1962 2702 modicum

354 2725 548 2772 cuncta
592 2727 728 2774 atur.

2083 23 2086 220 ὼ
