2125 3084
205 174 299 239 [11,
318 170 439 235 347]
568 176 649 221 m
688 176 1040 221 omnam.
1081 176 1334 224 senno
1378 180 1466 227 iv.
1531 140 1542 151 ⁵
1726 174 1816 226 46⁴

208 277 438 333 dentiae
468 284 522 331 et
548 277 718 331 moris
748 275 1057 348 condignae
1085 276 1326 331 theoriae
1357 281 1701 350 amantisque
1723 280 1824 335 do-

208 354 433 407 minum
448 391 461 414 ‚
492 357 547 404 et
564 350 739 405 multo
760 351 939 422 magis
958 349 1196 406 studiosi
1216 352 1440 405 virtutis
1461 361 1515 407 et
1534 353 1822 426 diligentis

208 427 403 481 deum.
448 424 607 490 Quod
627 426 835 496 optime
854 440 1088 479 noscens
1109 428 1517 496 perseverantia
1538 426 1821 502 (Rebecca)

210 501 434 563 annuit,
481 499 703 553 dicens:
774 501 971 554 Vadam
1003 516 1117 554 cum
1145 518 1228 563 e0,
1271 507 1334 554 ut
1362 502 1573 572 quippe
1598 500 1670 575 [Ἴ
1695 521 1822 575 per-

208 584 433 631 maneat
462 575 823 630 constantius.
904 573 1058 628 Nihil
1089 574 1240 629 enim
1269 575 1426 629 iuvat
1448 577 1822 647 ‘cogitationes

208 650 429 721 aliquid
449 650 746 703 honestum
763 648 875 703 sibi
896 648 1192 703 conciliare
1207 690 1220 713 ,
1251 650 1300 703 si
1318 648 1823 720 praeterfluentium

206 728 283 780 sit
312 742 377 779 ac
403 723 831 787 destruendum,
876 739 985 778 non
1015 740 1148 782 vero
1177 724 1410 781 durante
1442 724 1707 799 ligamine
1729 726 1823 781 fir-

205 802 359 856 mius
380 798 691 869 fortiusque
711 799 1011 855 muniatur.

326 988 459 1047 Quid
490 998 562 1040 est
594 988 933 1052 „Dimz‘serunt
965 988 1234 1038 Rebeccam
1267 999 1314 1040 et
1347 990 1582 1055 quidquid
1613 992 1710 1041 eius

780 1058 967 1105 eratus»
1002 1058 1110 1119 (24,
1145 1058 1252 1121 59.)

330 1179 447 1231 ⁴34.
488 1170 693 1231 Textus
715 1175 991 1233 evidentis
1012 1176 1252 1248 symboli
1273 1184 1356 1231 est
1385 1174 1452 1248 (s.
1476 1175 1706 1232 evidens
1737 1189 1820 1233 est

205 1250 418 1322 valde).
497 1249 827 1323 Symbolum
845 1259 1030 1306 autem
1048 1250 1194 1305 illud
1223 1251 1460 1316 indicat,
1501 1252 1653 1323 quod
1681 1253 1820 1308 suh-

204 1327 412 1383 stantia
442 1327 614 1381 animi
642 1326 847 1382 virtute
875 1324 1113 1397 praediti
1143 1335 1226 1382 est
1245 1334 1500 1382 constans
1521 1324 1828 1400 aggressus

202 1403 340 1458 boni
384 1418 497 1456 una
536 1418 663 1455 cum
700 1402 1162 1472 contemplatione
1197 1402 1507 1457 secundum
1552 1404 1816 1459 virtutem

206 1494 271 1532 ac
311 1476 673 1548 sapientiam,
716 1492 968 1547 quaeque
997 1477 1146 1533 solae
1175 1479 1443 1533 veraciter
1471 1478 1816 1535 substantiae

204 1560 357 1607 sunt.
419 1550 883 1621 Quandoquidem
900 1568 1043 1622 quae
1065 1553 1210 1609 circa
1229 1570 1428 1625 corpus
1447 1562 1580 1608 sunt
1597 1563 1652 1609 et
1671 1571 1816 1625 quae

204 1635 381 1690 extra,
406 1626 725 1696 temporalis
746 1634 799 1682 et
817 1627 1131 1682 transitoria
1148 1628 1576 1698 inconstansque
1593 1644 1817 1700 posses-

204 1705 291 1757 sio
332 1708 436 1756 est.
517 1699 731 1756 Felices
770 1702 955 1773 itaque
996 1710 1153 1766 sunt,
1203 1702 1274 1757 ad
1311 1719 1452 1772 quas
1492 1701 1818 1757 transfertur

206 1794 347 1849 gens
367 1791 731 1847 perseverans
746 1815 759 1840 ,
784 1784 838 1833 et
858 1776 1134 1840 infelices,
1157 1792 1298 1846 quos
1319 1774 1706 1845 derelinquere
1727 1778 1818 1830 in·-

206 1852 366 1923 cipit.

214 1997 377 2056 Quare
418 2000 495 2059 cic·
534 1997 810 2049 benedicunt
850 2000 923 2049 ei.-
993 1996 1199 2062 „Soror
1239 2003 1405 2045 nostra
1444 2004 1542 2043 esto
1587 1995 1636 2045 in
1669 1996 1818 2045 millia

343 2064 631 2131 myriadum,
690 2074 734 2115 et
770 2066 1019 2129 possideat
1058 2080 1215 2114 semen
1259 2072 1385 2113 tuum
1419 2062 1633 2113 civitates
1667 2063 1817 2113 inimi-

345 2134 586 2182 corum‘ff
620 2134 729 2194 (24,
759 2134 869 2194 60.)

324 2246 441 2298 ⁴35.
490 2242 633 2297 Dum
664 2242 848 2297 adhuc
877 2243 1031 2297 adest
1060 2241 1275 2296 animae
1296 2240 1534 2295 alicuius
1553 2256 1816 2311 perseve-

208 2318 386 2373 rantia
402 2358 415 2381 ‚
449 2316 618 2372 frater
637 2326 721 2373 est
741 2317 923 2383 illius;
983 2316 1206 2387 quando
1235 2330 1366 2371 vero
1386 2314 1815 2368 disiunctionem

210 2410 275 2447 ac
302 2392 682 2449 divulsionem
711 2392 823 2447 iam
854 2392 1082 2464 cogitat,
1126 2390 1434 2445 demutavit
1472 2395 1525 2441 et
1553 2386 1818 2442 diminuit

206 2466 683 2531 benedictionem,
709 2467 930 2521 dicens:
974 2466 1098 2520 Esto
1119 2470 1174 2519 in
1194 2467 1458 2533 myriada.
1529 2460 1816 2515 Caeterum

206 2542 347 2614 quid
372 2540 673 2615 impedivit
700 2550 916 2598 orantes
930 2581 943 2604 ,
986 2549 1047 2595 ut
1065 2556 1176 2593 non
1198 2536 1492 2593 nascituris
1513 2535 1698 2606 potius
1719 2553 1817 2608 ap—

203 2616 482 2688 plicarent
517 2619 820 2671 orationem
836 2656 849 2679 ,
891 2630 1060 2685 quam
1101 2612 1192 2667 ei‘?
1255 2610 1527 2676 Quoniam
1565 2610 1817 2664 civitates

206 2692 473 2746 inimicae
498 2690 805 2763 symbolice
824 2690 1032 2745 suntin
1054 2686 1216 2741 nobis
1236 2684 1384 2805 malz}
1399 2692 1453 2739 et
1471 2684 1819 2757 singulorum

277 2766 319 2815 P
335 2780 377 2816 n
392 2780 410 2815 1
424 2780 458 2815 ι,
474 2779 507 2815 o
550 2764 667 2815 Vll.
1395 2786 1407 2805 ι
