2125 3084
405 170 494 219 090
644 173 838 217 PHIL.
885 172 1036 217 IUD.
1082 170 1407 229 QUAEST.
1446 168 1543 216 ET
1584 170 1739 215 soL.
1782 166 2022 234 [11,372.]
2096 242 2098 249 Ι

396 291 524 329 cum
546 274 778 345 agrestis
799 273 898 335 sit,
939 280 1025 327 est
1049 270 1123 345 [Ἴ
1149 271 1317 326 etiam
1334 270 1474 324 urbe
1493 287 1687 325 carens
1701 312 1715 334 ,
1746 282 1800 325 et
1822 280 2021 328 trans-

397 349 527 421 fuga
560 367 590 403 a
621 349 742 419 lege
758 389 770 410 ,
815 355 868 401 et
893 355 1071 400 rectae
1093 348 1239 400 vitae
1260 353 1457 417 gustus
1478 346 1729 409 nesciuS‚
1772 346 2017 403 rebellis

397 432 450 478 et
471 431 766 477 contumax
781 463 792 484 ‚
837 422 1049 475 nullius
1076 422 1157 474 rei
1178 422 1447 475 iustorum
1470 429 1565 473 aut
1584 420 1854 474 bonorum
1874 439 2020 492 par-

397 500 600 569 ticeps,
653 496 1070 559 familiaritatis,
1120 495 1479 549 humanitatis
1508 503 1561 549 et
1590 497 2017 552 communitatis

397 574 660 627 inimicus
677 614 688 635 ,
722 572 893 625 vitam
915 587 1085 643 agens
1104 570 1393 624 insociam.
1472 570 1679 625 Verum
1703 571 1933 640 sapiens
1956 581 2017 628 et

397 648 610 702 solidus
631 646 743 700 duo
765 645 900 699 haec
917 646 1112 700 itidem
1134 644 1408 715 possidet,
1432 643 1581 716 (cum
1602 645 1695 718 sit)
1715 650 2017 714 incomptus

397 732 444 776 et
469 727 610 776 domi
636 724 896 775 habitans.
973 719 1192 774 Indoles
1220 720 1495 790 incompta
1515 718 1777 790 patefacit
1796 722 2015 775 verita—

396 805 508 851 tem
527 796 904 866 simplicitatis
925 795 1334 865 carentiamque
1361 794 1695 849 adulationis
1709 835 1721 858 ,
1762 809 2013 863 quarum

397 872 666 926 contraria
705 870 1007 925 moliuntur
1045 886 1313 940 usurpare
1343 869 1654 924 adulatores
1684 877 1737 924 et
1762 872 2011 940 praesti-

396 948 654 1019 giatores.
733 944 916 999 Altera
935 962 1067 1000 vero
1082 986 1094 1008 ,
1128 944 1325 999 domus
1346 944 1595 999 custodia
1616 962 1727 999 una
1746 960 1871 999 cum
1898 944 2008 998 do—

397 1022 626 1075 mestico
663 1037 840 1084 more,
901 1020 1177 1091 oppositio
1215 1028 1299 1074 est
1334 1021 1539 1091 agresti
1578 1020 1753 1075 vitae:
1824 1036 2006 1074 unum

398 1097 548 1149 enim
588 1097 819 1150 istorum
857 1096 1269 1149 oeconomicum
1307 1102 1391 1149 est
1430 1103 1482 1149 et
1520 1094 1849 1150 urbanitatis
1878 1096 2007 1149 exi-

398 1187 540 1243 guae
570 1169 1014 1240 comprehensio,
1057 1171 1321 1240 quoniam
1350 1169 1633 1223 urbanitas
1664 1168 1731 1241 (s.
1755 1168 2005 1241 politice)

398 1254 452 1299 et
471 1244 788 1300 oeconomia
809 1252 1071 1315 cognatae
1090 1252 1221 1298 sunt
1240 1245 1473 1299 virtutes
1486 1284 1499 1308 ,
1541 1260 1681 1315 quas
1710 1243 2005 1299 translatas

399 1319 512 1373 fere
543 1320 686 1372 inter
711 1335 772 1371 se
801 1328 1103 1373 monstrare
1134 1336 1242 1374 non
1282 1318 1482 1374 frustra
1520 1320 1649 1386 erit;
1714 1318 2002 1373 urbanitas

401 1410 642 1518 namqug
668 1394 984 1447 oeconomia
1013 1393 1173 1447 urbis
1198 1402 1307 1458 est,
1351 1402 1406 1449 et
1430 1395 1745 1465 oeconomia
1773 1394 2005 1448 urbani-
2096 1442 2098 1463 ÷

399 1476 481 1519 tas
503 1474 585 1519 est
644 1482 822 1519 omus.
2096 1476 2098 1487 ¹

401 1724 715 1787 erumpunt.
795 1718 1074 1773 Praeterea
1100 1719 1301 1773 ruralis
1320 1736 1509 1775 exsors
1530 1719 1798 1783 civitatiS,
1834 1728 1895 1774 ut
1914 1736 2005 1775 re-
2094 1734 2096 1751 ¹

403 1790 533 1864 fuga
574 1792 760 1865 legum
802 1802 965 1865 atque
1005 1792 1202 1865 (mar-9.
1246 1802 1299 1847 et
1338 1794 1571 1867 aequae)
1616 1794 2001 1865 popularitatis

403 1868 636 1933 alienuS,
663 1869 859 1942 iugum
880 1870 1125 1924 iustitiae
1146 1868 1369 1924 vitando
1390 1868 1546 1923 nullo
1564 1871 1817 1939 sequitur
1835 1869 1995 1932 bone,

403 1944 844 1998 mansuetudinis
884 1952 937 1998 et
975 1944 1381 1999 benivolentiae
1426 1944 1688 1999 inimicus
1712 1985 1725 2009 ,
1795 1944 2000 2015 quibus
2092 1940 2094 1967 ³

403 2016 650 2070 fortunae
697 2018 983 2072 hominum
1022 2019 1322 2073 consistere
1369 2017 1651 2073 videntur.
1749 2018 1999 2073 Urbanus

405 2098 586 2143 autem
607 2090 666 2142 in
693 2099 925 2162 utroque
954 2094 1108 2164 viget
1134 2094 1255 2147 sine
1285 2092 1503 2148 fictione
1530 2097 1737 2147 domum
1761 2097 1999 2148 habitan-

402 2168 494 2225 do,
535 2161 784 2217 infictum
823 2166 997 2236 igitur
1028 2167 1277 2223 insinuat
1314 2184 1413 2238 pro
1452 2168 1838 2238 simplicitate,
1882 2170 2001 2221 sine

404 2236 720 2301 blanditiis,
763 2238 884 2292 sine
913 2240 1167 2307 insidiis,
1212 2243 1333 2297 sine
1360 2242 1669 2306 illecebriS,
1712 2251 2000 2314 quaesunt
2090 2250 2092 2259 '

405 2313 702 2367 atrocitatis
724 2311 989 2368 fomenta:
1041 2316 1119 2369 ita
1140 2316 1395 2371 ruralitas
1416 2317 1653 2388 dissipat
1672 2325 1875 2372 statum
1904 2317 2001 2371 do-

403 2388 723 2451 mesticum,
765 2387 864 2441 ubi
891 2388 1287 2459 paterfamilias
1308 2390 1734 2463 dispensabiliS,
1766 2400 1829 2447 ut
1848 2392 1999 2446 civili

406 2461 530 2515 albo
568 2462 910 2533 conscriptus
948 2472 1002 2517 et
1040 2463 1465 2534 disciplinarum
1502 2468 1791 2537 proximus
1830 2467 1995 2529 abest,

406 2552 469 2587 ac
487 2552 586 2606 per
607 2536 708 2591 hoc
729 2555 836 2591 non
860 2537 1071 2591 fallitur
1086 2577 1099 2600 ,
1142 2540 1242 2607 qui
1268 2540 1533 2612 intelligit
1552 2542 1803 2614 regimen
1822 2542 2005 2598 civili-

405 2610 532 2661 tatis
556 2608 883 2666 familiarem
905 2628 1026 2666 esse
1045 2611 1541 2681 dispensationem,
1567 2617 1643 2671 ita
1662 2618 1815 2673 enim
1836 2627 2005 2674 status
2088 2622 2090 2641 ²

407 2677 740 2739 domesticus
765 2687 980 2744 stabilis
1002 2686 1253 2741 habetur.
