2125 3084
370 174 465 227 428
858 179 1094 226 PHILO
1132 177 1468 222 nmAEus
1734 177 1822 242 [11.
1851 179 1966 244 εει]
2081 23 2086 218 Ι

368 297 439 334 ex
458 280 693 334 aliorum
709 279 885 334 salute
902 281 1072 338 vitam
1095 295 1202 334 non
1221 285 1304 332 est
1319 277 1564 334 lucratus
1576 275 1598 342 ,'
1629 297 1702 334 ex
1729 296 1834 338 suo
1857 283 1968 340 fine

366 355 483 410 illis
504 355 755 426 largitur.
830 355 926 408 Eis
945 355 1131 424 itaque
1150 354 1248 424 qui
1269 353 1552 425 supplices
1571 363 1752 419 erant,
1787 358 1967 414 vitam

368 438 687 501 exoptantes
715 429 1140 502 indigentesque
1169 445 1239 483 ex
1265 445 1358 483 ore
1387 429 1626 500 benigno
1653 429 1964 502 benignam

366 504 559 560 audire
579 519 769 559 vocem
784 546 796 569 ,
826 503 997 558 dixit:
1046 502 1504 573 Quandoquidem
1523 519 1608 556 me
1630 513 1848 560 vestrae
1869 508 1964 562 vi·-

365 588 453 634 tae
472 580 739 635 arbitrum
758 579 1120 634 constituistis
1134 620 1146 643 ,
1179 578 1392 632 utilitas
1412 585 1594 634 vestra⁸
1606 595 1635 632 a
1655 595 1778 633 meo
1799 581 1960 636 iudi-

369 657 457 710 cio
474 672 674 710 noxam
692 671 802 710 non
821 655 1077 725 patietur.
1156 652 1420 719 Quamvis
1449 653 1590 708 enim
1611 651 1839 708 formam
1863 657 1961 710 iu—

368 729 509 784 dicis
534 728 808 801 praefero,
842 728 940 784 sed
958 728 1199 782 accusati
1219 729 1596 784 necessitatem
1614 743 1769 799 gero:
1821 745 1958 784 nam

366 807 415 858 si
434 805 575 860 mihi
598 804 872 859 iudicium
899 821 1007 858 non
1034 803 1548 872 commendassetis,
1591 803 1706 858 sine
1735 803 1956 874 invidia

364 897 435 934 ex
454 880 685 934 aliorum
706 878 906 932 damno
925 886 1070 932 esset
1089 877 1234 932 velle
1262 878 1552 948 proficere3
1607 879 1739 948 quia
1764 885 1952 934 tamen

365 955 677 1010 adversario
710 952 1146 1008 iurisdictionem
1185 952 1502 1008 credidistis
1515 993 1528 1017 ,
1581 970 1756 1024 usquc
1784 954 1952 1008 etiam

362 1031 420 1084 in
442 1039 747 1084 extremum
766 1029 1023 1100 spiritum
1044 1027 1276 1083 servabo
1293 1028 1702 1100 praestantibus
1721 1028 1924 1085 fldeml‘

480 1158 561 1210 ⁴4.
601 1154 746 1221 Quid
767 1171 922 1228 ergO,
951 1170 983 1209 ο
1012 1153 1274 1228 propbeta
1305 1152 1462 1224 (dicit
1489 1153 1600 1207 sibi
1623 1153 1782 1226 ipsi),
1816 1155 1956 1225 quid

363 1231 619 1294 morariS,
660 1229 859 1302 utquid
886 1229 1180 1302 prolongas
1209 1227 1479 1282 salutem?
1535 1229 1645 1282 Fac
1674 1229 1778 1285 tibi
1808 1247 1955 1284 mor-

362 1313 499 1366 tem,
544 1312 596 1358 et
622 1303 679 1357 in
710 1304 761 1358 la
804 1321 967 1358 ueum
987 1302 1301 1376 aucupandi
1321 1305 1436 1358 vim
1460 1300 1667 1357 faciens
1689 1313 1742 1358 te
1763 1304 1951 1359 iniice.

362 1377 543 1443 Quum
565 1378 713 1435 enim
727 1322 798 1452 [q
815 1380 985 1434 vitam
1005 1395 1112 1434 non
1133 1378 1378 1450 potueris
1400 1378 1620 1442 lucrari,
1643 1379 1955 1435 columnam

362 1451 720 1522 benignitatis
748 1453 836 1506 vel
867 1454 988 1524 ipsa
1018 1462 1191 1509 morte
1219 1462 1312 1508 tua
1331 1453 1482 1526 erige
1500 1455 1730 1508 nuncin
1752 1456 1883 1510 navi
1903 1464 1956 1509 et

360 1535 599 1580 monstra
622 1525 713 1600 (te)
732 1528 890 1599 pium
910 1528 1071 1601 (esse)
1093 1527 1412 1600 prophetam
1429 1569 1441 1592 ,
1485 1528 1584 1598 qui
1615 1546 1688 1590 ex
1711 1529 1808 1600 pia
1828 1547 1954 1601 pro-

360 1601 547 1672 phetia
587 1603 697 1656 iam
735 1603 966 1676 profuga
996 1603 1174 1658 fuisti.
1251 1605 1394 1658 Haec
1421 1602 1640 1666 dicens,
1687 1620 1864 1674 quum
1894 1605 1951 1658 in

359 1675 631 1748 profundo
652 1686 835 1733 essent
852 1679 1048 1752 pelago
1062 1720 1076 1743 ,
1109 1677 1402 1746 dedit-sese
1421 1675 1624 1734 furenti
1645 1680 1807 1735 mari.

478 1805 557 1856 ⁴5.
598 1804 905 1859 Miseranda
927 1812 1067 1868 erat,
1111 1821 1142 1858 ο
1168 1804 1278 1858 viri
1305 1804 1414 1876 pii,
1454 1818 1659 1876 poena,
1699 1811 1764 1859 ut
1791 1804 1951 1860 homo

361 1877 555 1932 salutis
578 1879 798 1934 initium
818 1880 1043 1944 ducenS,
1068 1879 1126 1933 in
1148 1879 1331 1933 medio
1350 1879 1693 1932 necessitatis
1711 1881 1951 1950 prehen-

359 1969 455 2006 sus
478 1970 507 2006 a
526 1962 669 2008 sorte
686 1996 699 2017 ,
734 1963 786 2008 et
805 1971 835 2010 a
855 1955 956 2008 deo
978 1963 1140 2025 atque
1163 1954 1231 2008 ab
1252 1952 1571 2007 hominibus
1600 1957 1944 2017 constrictuS,

362 2027 533 2082 iudex
570 2046 701 2082 suae
739 2029 916 2100 ipsius
953 2029 1144 2085 mortis
1181 2028 1336 2082 fieret
1373 2035 1426 2082 et
1454 2029 1686 2082 salutem
1717 2029 1947 2085 aliorum

359 2103 701 2172 procurando
736 2105 1013 2176 propriam
1050 2104 1286 2158 salutem
1314 2102 1637 2176 negligeret.
1717 2105 1821 2159 Hic
1851 2103 1949 2159 mi-

363 2177 471 2229 rari
494 2176 622 2231 licet
642 2178 851 2233 domini
882 2177 1306 2250 benignitatem,
1347 2177 1554 2248 quippe
1585 2178 1684 2248 qui
1713 2180 1948 2252 prophe-

358 2261 468 2304 tam
490 2252 601 2306 iam
619 2253 960 2323 punitionem
983 2262 1282 2307 merentem
1301 2261 1522 2325 propter
1532 2249 1720 2324 fugam
1743 2271 1773 2308 a
1794 2271 1950 2326 prae-

360 2325 651 2390 dicatione,
676 2327 1003 2382 circumdari
1023 2328 1272 2399 undique
1292 2345 1322 2382 a
1344 2335 1514 2381 morte
1535 2327 1859 2393 decernens,
1883 2331 1949 2382 il-

360 2398 429 2454 lis
448 2418 579 2455 vero
594 2444 607 2465 ,
629 2403 729 2472 qui
754 2402 1055 2457 voluntario
1079 2411 1226 2457 more
1247 2401 1706 2466 condemnarunt,
1730 2412 1950 2474 peccata

358 2492 457 2528 sua
479 2475 723 2531 confiteri
744 2495 851 2535 non
873 2477 1205 2550 dedignans,
1249 2495 1358 2532 non
1385 2478 1566 2531 solum
1592 2479 1852 2534 misertus
1871 2487 1952 2532 est

357 2549 574 2613 miseri,
616 2551 716 2606 sed
742 2555 907 2607 etiam
934 2552 1003 2606 ad
1029 2551 1275 2608 futurum
1295 2553 1384 2606 sui
1405 2552 1776 2608 ministerium
1794 2569 1956 2625 prae-

359 2621 717 2679 destinaverit
752 2625 1010 2700 benigne.
1097 2629 1210 2681 Imo
1245 2635 1297 2680 et
1325 2628 1383 2681 in
1416 2627 1778 2682 irrevocabile
1803 2629 1956 2700 peri-

360 2695 547 2749 culum
568 2716 695 2753 eum
716 2702 1019 2764 adducens,
1061 2701 1364 2765 benefecit,
1403 2711 1464 2755 ut
1496 2718 1565 2756 ex
1592 2702 1958 2760 beneficentia
