2125 3084
156 177 336 247 [1,22.]
431 183 531 229 DE
569 181 1117 232 PROVIDENTIA
1165 183 1418 229 emino
1456 186 1494 229 1.
1700 181 1758 233 31

155 293 261 349 tet,
308 283 459 356 quod
491 301 579 339 ars
608 284 895 356 ingeniosa
930 285 1216 339 materiam
1255 286 1564 338 exanimem
1595 286 1765 341 variis

156 361 357 434 figuris
377 358 694 424 efformans,
737 377 930 416 vocem
961 358 1156 432 figuris
1184 358 1324 430 ipsis
1351 358 1496 413 indit
1517 359 1767 416 diverso-

156 453 285 491 rum
318 435 711 499 animantium‚
753 436 830 491 ita
856 443 919 490 ut
948 442 1164 489 autema
1192 450 1386 488 vocem
1413 435 1626 489 emittat
1645 437 1768 489 ani-

157 511 393 566 malium
426 510 755 564 viventium.
833 509 903 564 At
936 509 1035 580 qui
1071 526 1211 584 opus
1238 507 1383 563 illud
1411 508 1765 564 artificiosum

159 585 385 650 vident,
422 589 530 640 mm
552 585 735 656 ipsam
756 584 1070 640 machinam
1092 579 1412 639 fabricatam
1434 585 1617 639 mirati
1639 585 1766 638 abs-

158 661 394 725 cedunt,
449 676 627 731 quum
665 659 818 716 haud
853 660 1103 715 nesciant
1139 660 1295 715 illam
1331 676 1452 714 esse
1481 661 1768 715 materiam

160 737 504 800 exanimem,
543 734 693 790 haud
731 753 833 808 per
867 753 928 791 se
954 733 1251 790 habentem
1281 742 1434 790 actus
1465 734 1622 798 illos,
1666 735 1766 790 sed

157 813 349 884 ipsum
370 812 647 866 musicum
671 811 929 883 opificem
960 810 1274 875 laudanteS,
1318 818 1372 865 et
1397 811 1447 864 si
1475 826 1616 898 opus
1645 811 1765 865 eius

155 886 505 959 praeclarum
534 894 893 959 pertractant,
936 885 1099 941 illum
1127 893 1310 942 tamen
1339 885 1542 941 intueri
1563 901 1766 984 concu-

154 963 404 1033 piscunt.

273 1071 360 1126 44.
384 1071 505 1126 Non
524 1087 653 1144 ergo
673 1070 1005 1143 decipimur,
1028 1087 1203 1142 quum
1223 1070 1604 1142 providentiae
1624 1087 1764 1142 opus

158 1163 283 1202 esse
315 1145 556 1200 dicimus
585 1145 883 1201 fulminum
913 1147 1118 1211 iactuS,
1159 1146 1228 1200 ab
1259 1164 1323 1202 ea
1351 1153 1549 1218 nem‘pe
1575 1147 1766 1217 provi-

158 1221 350 1276 dentia
377 1220 673 1292 perfectOS‚
715 1222 808 1276 cui
844 1220 1040 1276 mundi
1080 1230 1263 1293 partes
1297 1222 1576 1293 sapienter
1602 1221 1765 1275 obse—

158 1304 420 1369 quentin,
435 1295 909 1372 quemadmodum
920 1299 1149 1352 materia
1167 1298 1328 1352 nutui
1347 1296 1598 1352 artificis:
1615 1296 1766 1352 dixi-

158 1389 286 1426 mus
309 1372 459 1426 enim
480 1372 768 1460 velipsum
786 1367 1213 1427 instrumentum
1236 1373 1497 1445 temporis
1520 1371 1762 1427 indicem

159 1465 230 1502 ex
261 1455 373 1502 arte
402 1448 669 1520 sapientis
700 1446 923 1503 factoris
951 1448 1317 1521 obsequenter
1345 1448 1558 1504 homini
1585 1457 1764 1504 motus

157 1522 441 1595 perficere

302 1630 481 1707 5.[*]
506 1631 665 1698 Quod
686 1633 737 1687 si
758 1632 921 1688 homo
935 1673 948 1697 ‚
992 1633 1256 1690 rationale
1278 1634 1481 1690 animal
1503 1634 1763 1706 idemque

156 1723 269 1779 que
270 1635 415 1778 4pars
436 1709 635 1762 mundi
653 1717 709 1762 et
726 1710 899 1780 partis
917 1726 1047 1780 pars
1060 1749 1073 1772 ,
1116 1717 1295 1780 potest
1313 1726 1412 1780 per
1426 1726 1488 1763 se
1511 1717 1674 1780 atque
1693 1727 1764 1764 ex

155 1783 367 1836 virtute
394 1781 507 1835 sibi
540 1783 715 1837 indita
755 1799 1084 1856 semperque
1120 1784 1366 1856 officiosa
1401 1800 1566 1854 opera
1605 1784 1761 1837 utilia

156 1856 423 1929 prudenti
445 1857 627 1913 animo
649 1857 825 1914 facere
839 1899 854 1924 ‚
884 1876 983 1914 cur
1000 1858 1378 1930 providentia,
1396 1857 1492 1911 illa
1513 1858 1762 1913 universi

156 1931 358 1988 mundi
387 1933 595 1998 anima,
640 1952 669 1988 a
696 1951 804 2006 qua
834 1935 1127 1990 rationales
1149 1935 1313 1988 etiam
1332 1941 1516 2005 partes
1536 1949 1763 2005 accepe-

155 2015 290 2064 runt
307 2023 429 2062 esse
459 2017 512 2063 et
533 2011 798 2065 exsistere
814 2052 826 2075 ‚
869 2018 1107 2081 nequeat
1129 2007 1306 2064 facere
1327 2007 1599 2079 quicquid
1619 2008 1757 2071 vult.

157 2084 299 2156 quin
330 2083 461 2138 ullis
492 2085 871 2141 instrumentis
910 2092 1123 2150 utatur,
1177 2083 1277 2140 sed
1313 2083 1507 2138 intima
1536 2100 1761 2154 prorsus

158 2160 362 2218 virtute
382 2159 519 2214 sua?

274 2269 356 2322 46.
398 2271 590 2324 Nonne
611 2271 784 2325 nimia
804 2269 1007 2326 fiducia
1021 2310 1035 2334 ‚
1079 2270 1248 2324 immo
1269 2277 1512 2325 extrema
1533 2267 1762 2322 audacia

158 2350 243 2400 est
272 2342 543 2417 denegare
574 2347 761 2418 sagaci
788 2344 1172 2417 providentiae
1201 2346 1508 2417 sapientem
1547 2342 1763 2397 delibe—

158 2419 425 2474 rationem
461 2421 728 2492 operandi
756 2421 826 2476 ad
854 2421 1271 2476 instructionem
1289 2462 1301 2485 ,
1342 2420 1558 2492 quoties
1592 2419 1763 2474 corri-

159 2511 288 2568 gere
308 2495 429 2548 vult
458 2504 630 2551 totum
660 2497 947 2551 hominum
977 2513 1182 2569 genua,
1224 2494 1516 2552 intendens
1545 2502 1761 2549 ornatos

160 2571 215 2623 in
248 2585 311 2623 eo
340 2587 517 2624 mores
546 2571 765 2626 efficere
798 2587 860 2626 ac
879 2589 980 2643 per
997 2588 1258 2642 pavorem
1279 2589 1341 2626 ac
1361 2571 1568 2626 donum
1589 2571 1764 2625 disci-

161 2644 480 2716 plinamque
525 2646 593 2701 ad
631 2645 882 2702 ordinem
922 2646 1207 2702 decentem
1245 2645 1525 2701 invitans?
1587 2648 1762 2701 Instar

162 2720 425 2776 nimirum
466 2721 641 2780 bonae
682 2723 913 2778 nutricis
944 2739 1116 2795 puero
1143 2721 1630 2798 diligentissimam
1662 2739 1762 2776 cu·-
