2125 3084
156 217 243 280 [Π.
275 212 399 278 287]
525 219 607 263 IN
644 218 997 264 GENESIN.
1050 220 1304 267 SERMO
1339 224 1423 269 lv.
1676 218 1772 271 405

155 328 266 375 tate
298 335 527 382 eorum,
578 319 679 389 qui
716 318 980 373 derelicta
1012 318 1219 373 virtute
1259 334 1330 373 ex
1351 319 1420 391 (s.
1449 322 1530 395 in)
1559 326 1772 382 malitia

158 394 547 450 deambulant.
645 391 1012 459 Quamobrem
1050 392 1204 448 locus
1249 396 1347 465 qui
1395 396 1772 458 honorabilem

158 469 407 541 praefert
434 469 779 524 honestatem
794 508 807 531 ‚
860 468 1012 541 viget
1042 475 1100 523 et
1128 469 1308 542 magis
1335 486 1398 523 ac
1434 476 1610 545 magis
1639 493 1772 531 con-

160 546 401 601 struitur
416 583 429 607 ,
492 543 675 615 turpis
718 550 902 597 autem
940 542 1310 608 subvertitur,
1371 544 1672 603 destruitur
1711 570 1774 607 ac

160 620 540 690 corrumpitur
560 635 591 671 a
616 618 881 691 legitimis
900 617 1224 673 bominibus
1243 620 1600 691 populisque.
1660 626 1774 679 lmo

163 704 215 749 et
234 694 311 749 ab
331 696 463 766 ipso
484 692 765 749 dominico
782 692 955 748 verbo
972 692 1440 749 abominationem
1465 697 1644 761 subit,
1687 710 1776 755 ut-

158 779 289 841 pote
330 768 555 824 futurae
593 767 799 823 deinde
836 769 1219 840 generationes
1260 779 1584 842 moneantur
1623 774 1774 830 nullo

158 844 329 900 modo
346 858 707 916 praesumere
728 859 896 914 opera
921 842 1156 915 indigna
1182 854 1522 916 perpetrare,
1566 847 1771 904 similia

158 920 435 979 nimirum
454 918 768 976 maledictis
789 918 1107 975 calamitose
1127 919 1258 991 igne
1279 924 1637 979 concrematis
1651 966 1664 989 ‚
1714 934 1776 980 ut

161 994 379 1071 quippe
400 994 543 1051 visis
564 994 837 1051 sociorum
860 992 1088 1047 casibus
1115 992 1468 1065 deplorandis
1493 999 1774 1072 corrigan-

163 1078 255 1123 tur
274 1078 331 1123 et
352 1069 644 1141 ingenium
664 1076 1053 1139 assequantur,
1099 1078 1262 1139 atque
1286 1086 1418 1141 prae
1439 1072 1633 1133 timore
1648 1115 1660 1138 ‚
1703 1093 1772 1131 ne

166 1143 402 1202 eandem
422 1144 703 1215 patiantur
723 1143 1051 1205 sententiam
1067 1184 1080 1207 ‚
1111 1143 1462 1203 coerceantur
1483 1145 1551 1200 ab
1572 1148 1774 1207 iisdem

166 1218 423 1274 moribus
441 1218 763 1295 impietatis.
842 1216 1113 1285 Quoniam
1133 1219 1182 1273 si
1205 1218 1342 1275 haec
1363 1231 1646 1278 cernerent
1675 1224 1776 1279 ho-

166 1294 352 1350 mines
396 1310 503 1352 non
544 1292 791 1371 corporis
832 1292 1036 1356 oculis,
1097 1293 1199 1350 sed
1239 1296 1425 1366 potius
1465 1296 1768 1363 intellectu,

164 1376 595 1429 transmutarent
624 1365 865 1443 profecto
898 1384 1020 1423 sese
1057 1369 1118 1429 in
1157 1370 1444 1434 virtutem,
1487 1372 1566 1426 ita
1593 1382 1680 1438 ut,
1723 1376 1771 1429 si

167 1460 275 1505 non
295 1460 550 1501 sermone
568 1442 1057 1514 persuaderentur,
1099 1444 1295 1500 saltem
1315 1445 1556 1503 violento
1575 1449 1771 1505 timore

168 1516 487 1577 inevitabili
505 1518 797 1577 sanitatem
816 1518 1014 1573 mentis
1034 1518 1144 1574 sibi
1163 1519 1538 1577 conciliarent.
1604 1526 1771 1579 Dixe-

168 1594 237 1648 rit
266 1594 436 1653 etiam
464 1594 699 1671 aliquiS,
742 1592 1024 1663 duplicem
1054 1595 1334 1652 exstitisse
1364 1596 1422 1649 in
1451 1604 1593 1651 terra
1619 1599 1773 1653 indi-

169 1686 285 1723 cem
331 1668 664 1733 notabilem,
731 1667 1050 1739 paradisum
1095 1668 1359 1724 videlicet
1398 1678 1451 1724 et
1489 1673 1772 1743 regionem

170 1743 549 1807 Sodomneam,
574 1759 808 1819 quorum
830 1742 1044 1814 primus
1067 1761 1096 1797 a
1117 1744 1395 1818 principio
1413 1760 1647 1800 coaevus
1669 1747 1773 1804 fuit

167 1818 374 1875 mundo
409 1816 660 1883 condite,
704 1816 981 1873 secundus
1015 1834 1150 1874 vero
1184 1824 1459 1889 postremo
1498 1826 1768 1890 tempore:

167 1894 432 1967 quoniam
453 1894 635 1949 virtus
654 1892 806 1969 prior
831 1899 914 1947 est
934 1908 997 1945 ac
1026 1891 1202 1947 maior
1220 1898 1354 1949 natu
1376 1899 1428 1944 et
1453 1888 1525 1967 [³⁶⁶]
1551 1901 1775 1949 naturae

169 1985 329 2039 opera
352 1968 423 2023 ab
446 1968 609 2026 initio
624 2008 637 2031 ‚
680 1967 890 2023 malitia
911 1982 1043 2021 vero
1071 1966 1257 2020 iunior
1277 1972 1360 2021 est
1379 1972 1439 2019 ut
1455 1982 1596 2037 puer
1615 1976 1774 2025 natus

168 2042 523 2115 postmodum
549 2042 619 2100 ab
642 2043 825 2103 animo
842 2041 1134 2113 insipienti
1156 2049 1209 2095 et
1229 2040 1454 2095 iniusto.

178 2240 269 2291 Gur
308 2242 572 2306 respiciens
618 2258 738 2290 uxor
790 2241 887 2290 eius
926 2251 1180 2290 retrorsum
1190 2279 1204 2303 ,
1269 2242 1442 2306 effecta
1490 2254 1558 2294 est
1610 2255 1772 2295 statua

317 2310 461 2371 salis,
517 2325 615 2357 non
648 2318 805 2357 autem
840 2308 1033 2358 alter-ius
1071 2310 1326 2358 materias?
1377 2315 1486 2373 (19,
1509 2313 1618 2374 26.)

276 2445 363 2499 52.
407 2442 616 2501 Littera
636 2442 867 2498 evidens
884 2451 969 2499 est
988 2442 1175 2499 valde.
1251 2442 1525 2510 Quoniam
1545 2443 1776 2497 manda-

174 2524 361 2571 verant
382 2517 572 2589 angeli
594 2535 703 2573 non
720 2518 903 2573 redire
920 2519 981 2573 in
998 2527 1216 2591 tergum
1229 2559 1244 2582 ,
1274 2533 1420 2589 quae
1438 2524 1776 2589 transgressa

177 2600 261 2646 est
293 2592 618 2648 mandatum
632 2634 646 2657 ‚
696 2610 930 2665 poenam
962 2599 1362 2663 consequenter
1398 2590 1529 2653 luit,
1581 2607 1777 2661 quam-

178 2682 341 2735 quam
360 2684 474 2723 non
494 2667 729 2723 eandem
750 2685 877 2722 cum
896 2668 1162 2722 Sodoma:
1205 2666 1304 2719 illa
1332 2664 1481 2717 enim
1511 2664 1778 2735 sulphure

182 2750 229 2794 et
256 2742 389 2815 igne
420 2752 678 2815 corrupta
702 2750 813 2808 est,
866 2742 1068 2797 mulier
1095 2748 1280 2795 autem
1307 2738 1414 2793 ista
1447 2746 1687 2794 mutatur
1722 2740 1781 2791 in
