2125 3084
112 178 205 242 [πῃ
232 174 355 238 360]
473 178 554 222 m
596 156 953 222 assessu.
993 179 1246 223 sunno
1284 182 1368 229 Ν.
1632 177 1726 229 473

116 282 247 335 anni
268 279 481 351 viginti
501 278 778 348 quinque:
814 278 1012 348 viginti
1034 294 1165 333 vero
1186 280 1623 350 quinquenarius
1645 290 1728 337 est

118 353 347 427 lunae*)
374 352 668 423 perioduS‚
712 367 825 422 quo
852 352 1066 408 calculo
1097 352 1188 407 lex
1216 353 1336 407 vult
1364 360 1416 407 et
1446 354 1726 411 ministros

116 430 311 501 templi
340 426 529 482 officio
569 426 757 498 fungi,
810 426 1133 481 inchoantes
1170 428 1435 481 nimirum
1465 446 1496 481 a
1525 431 1725 501 viginti

117 505 370 574 quinque
400 502 590 565 annis,
634 516 734 571 per
762 501 990 555 totidem
1026 502 1319 557 servitium
1349 502 1554 571 colere3
1599 522 1725 559 nam
1790 559 1795 563 ,

118 578 527 650 quinquaginta
558 592 730 631 annos
759 584 913 629 natos
942 592 1158 631 cessare
1191 575 1350 641 facit,
1393 576 1614 640 volem,
1668 587 1727 632 ut

118 653 375 708 sacerdos
396 652 613 707 imitari
632 650 925 707 caelestem
943 650 1195 707 ordinem
1217 654 1468 707 certatim
1487 652 1724 707 studeat.

119 728 273 783 Sicut
301 744 439 799 ergo
466 726 665 781 utilius
694 724 853 781 sidus
880 742 1055 797 prope
1083 735 1284 781 terram
1321 727 1452 781 luna
1480 726 1727 781 officium

118 803 347 857 exhibet
371 801 473 856 toti
492 798 703 855 mundo
724 800 927 873 viginti
948 802 1357 871 quinquenario
1377 801 1586 857 circulo
1601 843 1614 866 ‚
1645 802 1728 855 sic

115 894 359 949 aequum
386 876 553 931 duxit
580 875 747 930 etiam
774 876 1092 930 ministrum
1125 877 1319 947 templi
1349 876 1603 931 ordinare
1635 894 1727 931 ae-

114 952 268 1023 quali
289 960 541 1022 tempore
560 951 620 1004 in
640 948 906 1005 officium.
980 950 1338 1022 Septenarius
1359 952 1510 1005 enim
1529 968 1726 1007 nume-

114 1046 203 1082 rus
236 1027 653 1081 sacratissimus
682 1033 765 1081 est
792 1042 1176 1089 numerorum,
1219 1026 1366 1081 sicut
1385 1028 1616 1082 seorsim
1637 1027 1726 1081 in-

114 1102 364 1157 dicatum
386 1109 490 1156 est.
567 1099 792 1155 Adhaec
812 1100 981 1157 simul
1005 1100 1389 1172 comprehensi
1412 1103 1468 1157 in
1491 1100 1726 1173 Sapien-

114 1180 179 1233 tis
200 1178 329 1231 vita
357 1190 549 1230 omnes
566 1177 784 1231 numeri
812 1175 1045 1246 perfecti
1062 1184 1219 1240 sunt,
1263 1178 1610 1233 centenarius
1637 1177 1725 1231 in-

114 1269 317 1323 quam,
350 1257 407 1304 et
424 1251 765 1320 septenarius
780 1292 793 1314 ‚
824 1252 1404 1322 quinquenariusque:
1436 1254 1513 1307 ita
1531 1260 1594 1307 ut
1613 1260 1723 1307 tam

114 1324 447 1399 compositio
490 1341 661 1396 quam
707 1324 914 1383 divisio
962 1343 1154 1383 eorum
1199 1327 1572 1399 pulcherrima
1629 1328 1719 1382 sit.

114 1404 257 1456 Haec
278 1416 505 1473 quoque
527 1400 769 1457 indicata
788 1410 943 1467 sunt,
984 1418 1161 1473 quum
1182 1402 1251 1458 de
1270 1404 1517 1459 numeris
1537 1411 1722 1459 actum

116 1486 213 1532 est.
716 1498 737 1517 ·
1053 1514 1057 1518 -

125 1706 253 1765 Quid
299 1714 369 1757 est
406 1704 702 1769 „Deficiem
744 1716 949 1756 mortuus
993 1713 1140 1757 est“?
1197 1708 1292 1756 Cur
1330 1718 1481 1756 autem
1522 1709 1616 1768 „in
1652 1724 1721 1754 se-

247 1782 435 1824 nectute
474 1774 601 1822 bona
632 1789 775 1822 senex
809 1784 854 1822 et
880 1774 1051 1837 plenus
1089 1774 1346 1825 dierum“?
1383 1778 1487 1836 (25,
1512 1774 1586 1831 8.)

233 1918 347 1973 ⁴52.
377 1918 587 1971 Littera
606 1914 819 1970 nullam
839 1914 1080 1983 includit
1099 1914 1505 1985 quaestionem3
1531 1928 1725 1966 verum

120 1990 259 2047 illud
289 1990 600 2047 naturalius
634 1988 1027 2062 proferendum
1066 1997 1150 2043 est
1189 1997 1352 2059 atque
1388 1987 1728 2059 responden-

120 2066 278 2131 dum,
322 2066 475 2138 quod
506 2068 751 2136 corporis
787 2082 933 2121 mors
963 2066 1078 2121 vita
1108 2065 1322 2118 animae
1357 2071 1464 2127 est,
1509 2070 1570 2117 ut
1598 2079 1727 2134 pro-

117 2143 295 2212 priam
316 2142 428 2195 sihi
456 2142 626 2199 vitam
647 2141 1049 2212 incorporalem
1073 2141 1253 2193 anima
1273 2139 1456 2213 degat.
1516 2137 1634 2206 Qua
1656 2137 1725 2191 de

120 2234 173 2270 re
207 2217 375 2271 etiam
394 2216 734 2281 Heraclitus,
779 2214 972 2270 furtim
1002 2232 1032 2269 a
1060 2216 1209 2271 Mose
1245 2212 1317 2289 [³¹⁶]
1351 2214 1571 2285 dempta
1603 2215 1725 2285 lege

120 2300 169 2345 et
196 2292 501 2353 sententia,
556 2289 727 2354 dixit,
780 2290 931 2363 quod
976 2292 1203 2345 Vivimus
1241 2308 1416 2343 eorum
1441 2298 1628 2349 morte,
1679 2297 1727 2339 et

119 2373 507 2437 mortuissumus
525 2382 701 2418 eor-um
719 2369 856 2428 vita,
880 2364 985 2419 sub
1006 2366 1313 2437 aenigmate
1332 2372 1526 2417 notans
1542 2402 1554 2424 ‚
1578 2359 1726 2431 quod

121 2442 363 2512 corporis
383 2441 501 2495 vita
521 2456 668 2493 mors
690 2447 783 2494 est·
793 2440 1007 2495 animae
1022 2481 1034 2503 ‚
1073 2457 1221 2494 mors
1243 2446 1426 2493 autem
1447 2437 1592 2491 dicta
1612 2434 1727 2487 vita

121 2512 447 2569 felicissima
478 2530 541 2568 ac
570 2514 751 2586 prima
780 2516 1013 2569 animae.
1093 2514 1239 2569 lllud
1269 2522 1452 2567 autem
1488 2517 1547 2565 in
1583 2527 1729 2564 sene-

215 2724 263 2770 ⁴¹)
292 2723 365 2763 Sic
390 2722 497 2763 usn.
526 2720 625 2767 cm
672 2724 716 2760 at
742 2720 801 2761 A:
847 2722 1067 2760 seeundum
1093 2721 1250 2758 lunam.
1301 2718 1464 2757 Auch-
