2125 3084
2105 24 2108 163 l

386 198 450 249 28
622 202 818 247 PHIL.
854 202 1009 249 IUD.
1050 200 1374 258 QUAEST.
1411 202 1508 248 ΕΤ
1547 203 1703 247 SOL.
1743 198 1828 264 [IL
1853 203 2000 267 199.]

384 306 518 358 tiam
538 303 836 373 cuiusque,
867 303 1089 357 diluens
1109 303 1390 357 sinistram
1411 302 1776 360 eruditionem
1795 303 1865 377 (s.
1893 308 1998 361 in—

384 377 791 451 eruditionem).
867 380 1011 433 Laus
1050 385 1135 432 est
1174 385 1356 431 autem
1395 376 1548 433 locus
1585 379 1708 448 ipse
1737 380 1989 447 animae,

384 470 525 523 quae
564 452 847 507 sitibunda
886 462 971 507 est
1009 452 1080 506 ad
1120 452 1410 524 ingenium
1437 452 1826 525 placidamque
1853 456 1991 510 eius

385 527 591 599 legem,
634 528 864 599 cupiens
892 536 955 581 ut
982 527 1200 581 hauriat
1227 542 1426 596 aquam
1455 525 1568 580 fere
1597 544 1707 581 una
1737 545 1863 582 cum
1887 547 1991 583 so—

382 603 577 657 cietate
602 602 1030 674 compotantium
1056 602 1280 655 vinum:
1333 601 1417 654 sic
1445 601 1594 655 enim
1623 612 1990 659 conversatur

381 693 509 732 cum
529 676 672 741 illis,
702 678 802 749 qui
821 675 1212 731 exercitatione
1233 674 1656 747 disciplinarum
1675 687 1988 733 vescuntur

381 768 445 807 ac
472 752 839 819 delectantur;
892 751 991 805 ubi
1019 758 1214 805 natura
1243 750 1365 821 ipsa
1393 750 1622 821 praebet
1645 750 1986 807 satisfactio-

379 843 507 880 nem
530 824 823 897 ’tamquam
862 842 932 879 ex
971 824 1120 880 fonte
1157 822 1398 895 quodam
1428 824 1732 879 doctrinam
1761 834 1814 880 et
1842 842 1985 881 con-
2106 840 2107 895 ξ

378 892 717 955 ductionem.
801 898 1067 965 Quartum
1106 916 1237 956 vero
1273 898 1614 973 symbolum,
1675 904 1734 955 in
1775 904 1983 955 deserto
2105 904 2107 967 l

378 973 552 1028 fuisse
572 972 972 1029 inventionem:
1028 976 1291 1044 quoniam
1312 974 1567 1045 angustia
1585 973 1825 1047 singulis
1845 992 1980 1030 sen-

376 1047 535 1102 sibus
564 1048 960 1119 superveniens
988 1064 1098 1102 una
1137 1065 1264 1103 cum
1304 1046 1590 1103 influentia
1625 1047 1978 1121 singularum

376 1121 745 1195 cupiditatum
762 1122 1058 1195 supprimit
1080 1123 1324 1177 animum
1347 1130 1401 1175 et
1419 1138 1528 1177 non
1548 1123 1818 1194 permittit
1843 1122 1978 1177 lim-

372 1198 565 1268 pidam
595 1198 787 1253 bibere
817 1213 1042 1268 aquam3
1096 1194 1196 1248 sed
1223 1194 1446 1264 quando
1475 1197 1682 1249 evitare
1711 1196 1846 1254 haec
1870 1214 1975 1268 po·-

372 1274 529 1335 terit,
570 1280 851 1342 tamquam
879 1271 938 1324 in
967 1269 1184 1323 deserto
1213 1268 1515 1337 acquiescit
1547 1276 1711 1338 atque
1748 1288 1974 1326 cessans

374 1343 444 1398 de
464 1344 889 1415 cogitationibus
909 1360 969 1396 se
1000 1340 1457 1395 conturbantibus
1487 1342 1849 1410 convalescit,
1894 1347 1974 1401 ita

374 1425 435 1471 ut
454 1434 611 1488 spem
630 1418 861 1489 recipiat
879 1432 989 1471 non
1009 1415 1156 1470 vitae
1182 1414 1362 1470 solum
1377 1455 1390 1479 ,
1433 1414 1534 1469 sed
1554 1417 1721 1471 etiam
1741 1418 1974 1475 immor-

371 1490 497 1545 talis
518 1492 685 1546 vitae.
746 1490 1011 1557 Quintum
1032 1498 1148 1543 erat
1165 1488 1495 1562 symbolum,
1519 1494 1578 1545 in
1595 1497 1684 1547 via
1702 1495 1962 1565 reperiri:

370 1582 609 1636 namque
635 1565 839 1621 incorri
880 1564 1045 1620 ibiles
1074 1580 1253 1617 mores
1285 1581 1384 1636 per
1404 1566 1676 1637 impervia
1697 1576 1960 1640 aguntur;

370 1641 469 1709 qui
508 1656 638 1695 vero
676 1641 737 1695 in
776 1657 863 1695 me
888 1640 976 1693 ius
1016 1638 1158 1693 verti
1197 1647 1402 1710 potest,
1455 1656 1582 1695 ecce
1610 1642 1760 1696 viam
1789 1642 1968 1697 tendit

370 1730 517 1777 eam,
560 1732 703 1787 quae
742 1713 897 1791 ducit
934 1714 1005 1769 ad
1044 1714 1325 1769 virtutem.
1405 1713 1502 1769 Illa
1536 1725 1719 1771 autem
1746 1718 1838 1773 via
1863 1732 1965 1788 pro

368 1789 603 1846 moeniis
623 1798 708 1846 est
728 1800 784 1846 et
800 1790 1026 1847 custode
1047 1788 1249 1845 animis
1265 1830 1277 1853 ,
1319 1805 1462 1860 quae
1479 1800 1712 1861 possunt
1731 1791 1956 1846 salvari:

368 1866 475 1919 Sur
496 1866 645 1921 enim
666 1873 867 1922 moenia
892 1875 1067 1922 sonat.
1149 1863 1338 1921 Viden‘
1359 1864 1509 1937 quod
1536 1874 1711 1920 totum
1739 1866 1962 1939 symbo—

371 1939 475 1995 lice
506 1944 581 2012 (ε.
615 1942 888 2015 legitima)
918 1940 1092 2014 figura
1123 1948 1206 1996 est
1235 1940 1448 1995 animae
1476 1938 1850 2011 proficientis?
1909 1950 1961 1995 et

366 2014 609 2084 profecto
646 2034 755 2070 non
798 2014 871 2090 [Ἴ
913 2018 1057 2085 perit
1090 2014 1412 2085 proficiens,
1459 2014 1604 2070 sicut
1630 2015 1794 2087 plane
1823 2014 1960 2069 insi—

366 2087 547 2156 piens.
625 2088 764 2141 Nam
794 2090 843 2141 si
871 2090 1188 2143 inveniatur
1216 2088 1284 2159 (s.
1314 2087 1581 2160 inveniat)
1611 2088 1844 2145 verbum
1871 2088 1958 2143 di-

366 2161 588 2222 vinum,
622 2162 839 2229 quaerit
858 2177 979 2215 eam
1009 2160 1076 2232 (S.
1100 2160 1291 2235 illud):
1345 2171 1398 2218 et
1427 2161 1655 2233 quidem
1687 2162 1900 2237 aufugit
1929 2183 1957 2220 a

366 2232 535 2287 verbo
564 2232 781 2296 divino,
824 2234 924 2305 qui
953 2234 1202 2289 moribus
1231 2252 1339 2290 non
1370 2245 1452 2292 est
1480 2237 1721 2296 mundus
1751 2256 1814 2294 ac
1831 2257 1958 2312 pro-

366 2307 472 2362 bus
486 2348 500 2372 ‚
532 2306 737 2361 fontem
756 2317 937 2362 tamen
959 2308 1125 2379 babet
1145 2325 1320 2380 aquae
1333 2351 1347 2374 ,
1377 2328 1486 2381 qua
1507 2310 1684 2366 abluit
1702 2314 1840 2368 vitia
1859 2331 1954 2369 sua

366 2392 420 2437 et
448 2381 713 2445 malitias,
757 2382 1019 2437 hauriens
1058 2380 1191 2437 inde
1226 2382 1565 2440 fertilitatem
1606 2385 1767 2459 legis,
1844 2388 1956 2443 Ad-

366 2456 503 2512 haec
523 2456 801 2512 desertum
821 2465 965 2511 amat
994 2456 1061 2527 (S.
1086 2456 1268 2528 dicit),
1311 2474 1422 2528 quo
1443 2459 1660 2532 aufugit
1680 2479 1711 2516 a
1730 2462 1883 2517 vitiis
1904 2472 1956 2517 et

367 2533 593 2587 malitiis
609 2574 621 2597 ‚
665 2541 718 2587 et
747 2533 868 2588 visa
895 2531 1118 2587 virtutis
1147 2532 1240 2585 via
1267 2534 1560 2588 revertitur
1581 2534 1650 2588 ab
1672 2536 1953 2605 imperviis

366 2604 628 2661 malitiae.
706 2608 850 2662 Haec
890 2614 1072 2661 autem
1111 2604 1294 2659 omnia
1334 2608 1550 2659 moenia
1591 2617 1720 2662 sunt
1758 2610 1866 2678 ipsi
1901 2619 1953 2665 et

367 2680 613 2734 custodia
632 2722 644 2743 ,
688 2699 758 2737 ne
778 2681 1018 2755 quodam
1038 2678 1200 2736 modo
1223 2678 1291 2733 ab
1311 2676 1427 2732 illis
1442 2718 1455 2742 ,
1498 2696 1640 2750 quae
1661 2680 1945 2749 invadunt,
