2125 3084
318 203 384 257 52
568 205 763 251 PHIL.
809 203 962 249 IUD.
1006 201 1330 260 QUAEST.
1370 202 1468 249 ET
1508 202 1663 247 SOL.
1705 198 1922 265 [11‚226.]

319 324 467 363 mam
487 304 859 380 pyramidem,
891 305 981 358 ae'r
1002 310 1186 358 autem
1203 301 1514 358 octosedem
1529 338 1545 367 ,
1567 318 1712 373 aqua
1731 304 1924 376 vigin-

319 381 581 445 tisedem‚
633 388 688 435 et
722 388 863 435 ten-a
890 374 1118 433 cubum.
1205 378 1441 433 Necesse
1477 378 1667 448 itaque
1701 379 1924 449 censuit

318 464 546 520 terram,
596 472 742 527 quae
774 472 891 509 sors
927 461 1045 508 erat
1084 450 1268 507 futura
1305 454 1509 506 virtute
1545 450 1924 524 praeditorum

319 530 609 586 hominum
644 530 892 604 generis,
941 528 1274 599 participare
1315 542 1606 581 numerum
1635 526 1918 593 cubicum,

320 606 467 661 sicut
504 614 559 661 et
596 606 860 660 universa
902 600 1136 676 figurata
1181 608 1266 657 est
1307 610 1448 657 terra
1464 642 1478 666 ‚
1539 610 1594 656 et
1631 618 1760 673 pars
1799 604 1924 657 eius

320 688 607 752 receptans
643 680 930 753 geniturae
967 685 1150 750 partes
1165 717 1179 741 ‚
1239 676 1373 747 quia
1421 684 1475 730 et
1515 683 1709 732 natura
1747 685 1926 733 terrae

323 754 525 811 fertilis
546 764 628 810 est
648 755 817 809 nimis
830 794 845 819 ‚
868 752 1051 807 varias
1071 758 1458 823 separatusque
1479 751 1694 823 species
1714 750 1926 823 produ-

321 848 454 886 cens
474 830 725 887 omnium
742 825 1072 884 animalium
1088 826 1534 899 plantarumque.

484 984 646 1043 Quare
671 993 767 1035 tem
788 984 1068 1035 vernacuks
1087 1000 1232 1047 quam
1251 980 1481 1047 emptitios
1497 980 1769 1031 circumcidi

934 1052 1059 1101 iubet
1070 1048 1118 1116 *)
1129 1056 1153 1100 5
1193 1050 1312 1115 (ib.)

433 1158 519 1210 50.
569 1154 773 1209 Littera
800 1152 1093 1208 manifesta
1131 1159 1240 1218 est3
1289 1158 1507 1222 oportet
1532 1152 1684 1206 enim
1721 1160 1782 1206 et
1815 1154 1926 1207 mi—

319 1231 523 1285 nistros
552 1228 759 1284 imitari
784 1228 1080 1283 dominum
1110 1232 1334 1297 propter
1371 1227 1744 1281 necessarium
1781 1244 1924 1299 opus

319 1304 724 1374 servitiumque
743 1303 912 1357 vitae.
977 1299 1063 1355 Ad
1089 1308 1330 1354 mentem
1349 1314 1482 1355 vero
1501 1304 1814 1356 vernaculae
1833 1303 1926 1356 in-

321 1377 475 1432 doles
497 1384 653 1441 sunt,
684 1389 829 1447 quae
848 1384 1041 1429 natura
1060 1374 1186 1446 ipsa
1204 1383 1520 1443 moventur-3
1561 1384 1621 1430 et
1639 1381 1920 1445 emptitiae,

319 1468 464 1523 quae
483 1450 653 1505 verbo
674 1458 729 1505 et
748 1450 994 1505 doctrina
1014 1450 1075 1503 iu
1096 1448 1298 1505 melius
1313 1450 1455 1504 verti
1465 1460 1717 1521 possunt.
1763 1451 1928 1506 Utra-

319 1541 431 1598 que
453 1526 687 1582 istarum
710 1540 852 1597 opus
872 1524 1039 1580 habet
1053 1564 1066 1589 ,
1109 1532 1171 1579 ut
1196 1524 1512 1597 piantarum
1537 1540 1688 1581 more
1716 1540 1927 1599 purge-

319 1610 412 1656 tur
440 1608 493 1655 et
522 1609 747 1673 putetur
758 1641 771 1665 ‚
816 1600 886 1655 ad
904 1598 1162 1673 propriae
1181 1616 1244 1655 ac
1261 1598 1579 1655 fructiferae
1597 1602 1771 1672 partis
1787 1616 1926 1655 con-

320 1676 605 1731 stantiam:
666 1674 879 1732 fertiles
912 1676 1065 1731 enim
1098 1675 1272 1731 multa
1317 1672 1370 1749 *J
1393 1675 1617 1748 pariunt
1642 1674 1926 1747 superflua

317 1759 543 1824 propter
562 1750 927 1816 fertilitatem,
968 1763 1114 1823 quae
1132 1750 1288 1806 >abaci
1331 1751 1350 1804 i
1371 1749 1623 1822 expedit3
1667 1751 1770 1821 qui
1789 1767 1926 1806 vero

320 1826 619 1884 edocentur
639 1844 671 1883 a
691 1826 1008 1884 doctoribus
1020 1868 1035 1893 ,
1075 1826 1426 1883 inscientiam
1445 1833 1750 1897 amputant.

418 1989 551 2047 Quid
566 2001 635 2041 eat
651 2026 688 2056 2,
700 1990 907 2057 Eritque
928 2000 1248 2043 testamentum
1267 1990 1374 2055 (vel
1378 1990 1606 2054 pactum)
1621 2002 1770 2037 meum
1787 1990 1838 2037 in

786 2072 930 2107 came
952 2062 1193 2107 vestr-affl
1213 2060 1322 2123 (17,
1353 2058 1461 2121 la.)

430 2158 518 2209 51.
558 2154 691 2211 Vult
719 2172 829 2210 non
857 2156 1035 2211 solum
1065 2158 1328 2229 prodesse
1357 2152 1570 2212 homini
1599 2157 1806 2212 virtute
1834 2173 1926 2212 cr-

318 2237 473 2293 nat0,
515 2227 615 2284 sed
644 2244 754 2283 una
782 2246 911 2284 cum
940 2232 1122 2286 anima
1152 2247 1320 2305 super
1346 2247 1546 2304 corpus
1573 2232 1739 2287 etiam
1761 2250 1925 2303 prae-

318 2318 442 2359 esse
471 2303 705 2359 verbum
735 2302 1019 2369 divinum,
1072 2314 1353 2377 tamquam
1386 2306 1638 2361 medicus
1677 2308 1800 2361 eius
1840 2306 1927 2361 fa·—

318 2387 467 2443 ctus‚
518 2380 611 2435 cui
640 2396 803 2434 curae
840 2378 915 2434 sit
950 2378 1348 2436 circumcidere
1385 2396 1647 2436 excessus
1676 2382 1834 2435 visus
1871 2390 1928 2437 et

318 2453 541 2509 auditus
557 2495 569 2519 ‚
599 2462 907 2527 gustusque
928 2462 981 2507 et
999 2452 1258 2507 odoratus
1279 2464 1334 2508 et
1352 2462 1548 2519 tactus,
1580 2471 1682 2509 nec
1702 2471 1812 2509 non
1833 2456 1926 2509 in-

318 2530 610 2584 strumenti
642 2529 793 2583 vocis
824 2526 1097 2590 edendae,
1142 2535 1306 2596 atque
1331 2528 1659 2599 genitalium
1679 2529 1926 2599 impetus

316 2598 689 2657 redundantes
710 2604 1046 2675 nocivosque
1059 2641 1072 2665 ‚
1116 2600 1263 2653 sicut
1282 2601 1448 2653 etiam
1465 2602 1634 2657 totius
1653 2602 1918 2671 corporis,

418 2738 463 2785 ¹⁸)
490 2740 559 2779 Ad
575 2740 775 2781 verbum:
805 2742 1074 2782 circumcidit.
1127 2736 1293 2779 Auen.
