2125 3084
160 198 243 264 [n‚
270 196 398 265 som]
790 204 891 251 nn
934 206 1140 255 iona.
1663 200 1762 261 437

160 302 257 359 ille
276 312 465 371 tamen
482 303 729 360 mortalis
745 313 833 361 est
847 305 1033 363 homo.
1093 304 1189 361 Bis
1209 322 1368 378 ergo,
1392 308 1491 378 qui
1512 308 1762 383 sublege
1789 342 1794 347 -

160 378 517 452 (mortalium)
550 396 745 453 regum
785 380 1015 445 cadunt,
1067 382 1346 452 praesenti
1373 384 1554 455 magis
1585 384 1770 439 iudici.

160 452 487 527 (supremo),
528 456 629 525 qui
656 455 784 509 tulit
812 456 947 511 huie
968 456 1184 514 civitati
1203 456 1527 513 senteutiam
1547 460 1756 523 mortis,

158 530 418 584 convenit
442 530 1164 602 venerationem-praestare
1201 548 1272 587 ex
1306 532 1488 594 animo
1523 533 1756 605 integro,

158 621 301 677 quae
328 605 713 665 venerantium
742 606 1115 663 sinceritatem
1139 613 1392 678 testetur3
1435 624 1616 678 neque
1645 608 1760 665 ullo

157 678 321 735 modo
353 679 425 735 ad
452 678 691 735 doctoris
720 678 1152 753 (praedicatoris)
1182 681 1630 739 intercessionem
1660 701 1760 755 pe·—

155 754 387 809 tendam»
405 754 533 810 licet
552 763 772 827 tempus
790 764 991 813 terere:
1014 757 1275 827 quoniam
1292 756 1450 813 deest
1468 758 1520 811 ei
1541 766 1757 829 tempus

155 832 273 887 vim
302 826 445 903 legis
472 829 789 895 aufer-endi,
838 848 1013 902 quum
1042 832 1209 890 instet
1238 831 1424 905 legum
1453 832 1671 891 decisor
1705 843 1759 888 et

153 905 475 976 principum
502 906 781 961 dominus.

272 1016 358 1065 30.
401 1012 673 1086 Rogemus
696 1016 909 1087 itaque,
943 1032 976 1070 o
995 1014 1213 1078 dilecti,
1245 1014 1629 1069 universorum
1658 1016 1758 1071 do—

153 1088 374 1143 minum
406 1086 568 1143 deum
599 1098 823 1162 propter
852 1108 911 1145 se
942 1091 1130 1162 ipsum
1151 1088 1217 1162 (s.
1241 1089 1556 1145 immediate
1576 1107 1676 1161 per
1695 1108 1756 1146 se

153 1164 347 1237 ipsum
377 1163 835 1239 misericordem),
878 1162 1331 1245 quandoquidem
1362 1165 1515 1219 nulla
1546 1166 1636 1221 lex
1656 1182 1757 1221 no-

154 1248 302 1293 strae
331 1239 659 1309 precationis
692 1240 859 1297 solvit
886 1241 1033 1308 vim,
1077 1240 1219 1313 legis
1248 1240 1534 1295 dominum
1565 1241 1755 1313 ipsum

154 1312 488 1384 suppliciter
528 1316 877 1385 quaeramus,
932 1310 1005 1391 [Ἴ
1055 1314 1274 1370 Etenim
1312 1315 1410 1387 qui
1447 1314 1752 1371 secundum

152 1396 339 1460 partes
378 1389 665 1461 regionum
705 1390 989 1462 principes
1026 1397 1182 1454 sunt,
1223 1390 1756 1461 quum-interimunt

155 1478 278 1517 reos
292 1503 305 1527 ‚
320 1462 393 1518 'et
414 1480 587 1541 quum
608 1464 817 1537 ubique
836 1465 1149 1537 praevaleat
1169 1466 1286 1531 lex,
1319 1481 1461 1539 quae
1480 1484 1602 1522 reos
1623 1483 1756 1522 con-

153 1538 403 1605 demnat,
446 1556 570 1603 non,
584 1557 713 1595 suas
741 1540 1050 1596 voluntates
1078 1540 1399 1613 perficiunt,
1439 1543 1538 1598 sed
1577 1543 1755 1614 placi-

154 1625 270 1669 tum
288 1614 437 1689 regis
457 1623 854 1687 exsequuntur.
917 1614 1076 1683 Quod
1095 1616 1144 1670 si
1165 1617 1240 1671 ita
1261 1625 1368 1681 est,
1393 1624 1604 1673 tantum
1624 1635 1756 1689 pos·-

151 1705 347 1751 sumus
377 1688 749 1763 deprecando,
790 1698 853 1745 ut
879 1691 1017 1747 velit
1041 1708 1276 1765 magnus
1305 1708 1406 1746 rex
1423 1692 1636 1759 salvare
1655 1692 1756 1745 de-

150 1772 462 1837 precantes.
538 1766 729 1835 Neque
759 1782 883 1821 cum
915 1767 1147 1821 aliorum
1169 1766 1446 1821 voluntate
1467 1766 1756 1821 contendi-

152 1856 280 1893 mus
296 1880 309 1903 ,
335 1838 466 1909 quia
487 1855 675 1894 omnes
696 1856 725 1898 a
744 1841 891 1913 regis
912 1842 1192 1897 voluntate
1217 1839 1564 1910 dependent:
1607 1839 1754 1912 Age-

152 1915 291 1973 dum
321 1914 381 1975 in
408 1922 589 1975 mente
618 1915 991 1980 revolvemus,
1036 1916 1106 1981 ad
1134 1914 1401 1987 quidnam
1435 1913 1752 1977 faciendum

152 1988 463 2059 secundum
485 1989 819 2046 voluntatem
844 1990 937 2051 dei
962 1986 1408 2061 revocamur*)‘l.
1437 1988 1499 2045 Si
1519 1989 1668 2043 enim
1690 2006 1752 2047 ea

152 2064 523 2136 reperiamus,
554 2081 697 2138 quae
715 2067 1071 2137 attentionem
1091 2072 1396 2129 merentur,
1425 2064 1548 2137 ipsa
1570 2070 1750 2119 nostra

82 2180 91 2186 -
153 2140 268 2198 vita
292 2138 511 2203 fidelem
528 2140 711 2203 reddit
730 2138 1217 2215 praedicationem.

264 2252 350 2303 31.
398 2248 683 2315 Quomodo
709 2259 893 2312 autem
922 2249 1079 2323 (forte
1108 2247 1384 2321 dixeritis)
1399 2247 1751 2303 inveniamus

152 2332 363 2399 gratam
382 2323 484 2380 deo
508 2322 712 2381 vitam?
766 2328 829 2381 In
847 2343 937 2391 ea,
971 2342 1114 2398 quae
1136 2327 1194 2379 in
1215 2322 1752 2393 medio-suntaeffipud

152 2416 251 2465 nos
280 2396 569 2472 facinora),
610 2401 761 2461 intus
788 2401 1224 2475 perspiciamus:
1253 2448 1260 2453 .
1287 2408 1340 2458 et
1359 2398 1508 2487 quod
1529 2398 1751 2469 quaeri-

154 2490 297 2536 mus,
322 2474 692 2538 inveniemus.
752 2474 1019 2543 Quoniam
1038 2476 1090 2531 si
1111 2474 1180 2530 ab
1198 2474 1300 2539 >illa
1320 2472 1454 2549 (vita
1475 2472 1578 2531 deo
1597 2480 1748 2545 grata

152 2548 307 2608 velut
324 2548 592 2622 ingratus)
610 2550 741 2621 quis
762 2548 1053 2618 abscessit,
1087 2551 1414 2607 contrariam
1433 2550 1556 2608 eius
1575 2556 1752 2603 atten-

152 2620 262 2689 dat.
342 2622 460 2678 Una
499 2621 730 2696 quidem
765 2624 1091 2680 sententiam
1120 2624 1311 2679 mortis
1339 2625 1538 2689 movit,
1582 2622 1748 2679 altera

190 2738 193 2740 Α
252 2738 297 2811 Δυ)
323 2774 359 2802 ι.
385 2773 416 2801 «ι
440 2750 621 2813 mnan
643 2765 839 2813 radendo
969 2767 1252 2808 aestimem?
1300 2750 1488 2810 Men(
