2125 3084
160 195 259 260 [11,
291 190 414 256 441]
536 196 617 242 IN
656 189 1002 242 GENESIN.
1049 198 1304 244 SERMO
1339 200 1424 246 IV.
1681 196 1778 250 293

164 297 321 354 nulli
351 297 454 352 uni
484 295 589 351 soli
620 296 989 368 complacent,
1032 295 1408 368 imperfectam
1441 315 1504 354 ae
1527 315 1780 358 maneam

162 371 532 436 ostendentes
549 372 809 426 virtutem
826 413 839 436 ‚
862 371 1117 428 nonnulli
1138 389 1269 427 vero
1289 389 1390 429 nec
1409 375 1509 429 uni
1527 376 1774 446 quidem,

165 447 387 520 quibus
437 446 719 520 legislator
762 447 1053 519 increpans
1098 447 1342 502 minatus
1388 455 1472 503 est
1503 460 1776 508 -mortenn

164 523 333 578 Unde
363 530 513 596 patet
526 564 539 587 ‚
579 521 731 594 quod
754 523 927 578 vitam
949 531 1002 577 et
1018 521 1484 578 immortalitatem
1501 539 1780 595 praenun-
1847 519 1854 526 ⁶

164 599 347 654 eiavit
363 599 466 662 eis,
490 599 599 668 qui·
608 613 799 652 sanam
817 598 1151 669 plenamque
1169 606 1225 653 et
1239 596 1540 670 perfectam
1557 600 1804 674 utrique,

164 674 391 744 parenti
415 680 695 744 praestant
718 671 1001 743 pietatem.
1080 675 1220 728 Tum
1248 669 1412 728 etiam
1441 671 1512 730 ad
1537 683 1778 731 mentem

166 748 481 821 symbolice
498 747 695 804 itidem
716 747 879 803 laude
904 747 1215 804 celebratur
1242 747 1536 821 religiosus
1551 789 1564 814 ,
1603 765 1777 821 quum

166 823 393 879 indoles
430 823 645 878 animae
681 839 821 878 suae
857 822 1086 878 honorat
1129 824 1440 895 principem
1486 825 1771 888 rationem,

166 899 351 970 patris
376 899 640 954 virtutem
664 883 965 953 babentem
988 907 1047 953 et
1071 897 1497 972 intelligentiam
1520 899 1777 971 discipli·

170 990 278 1028 nae
292 1013 307 1037 ‚
340 989 487 1045 quae
500 973 827 1046 dignitatem
844 972 1088 1045 praefert
1104 974 1296 1030 matris
1311 1014 1325 1038 ‚
1357 990 1501 1045 quae
1521 975 1695 1030 nutrit
1722 985 1777 1030 et

166 1056 329 1103 cin-at
350 1048 666 1128 diligenter.
722 1061 729 1068 ·

174 1137 312 1196 Quid
352 1148 423 1188 est
464 1139 689 1202 „Videas
726 1139 889 1203 Esau,
946 1139 1079 1203 quod
1119 1138 1274 1188 malae
1315 1139 1598 1191 videbantur
1628 1140 1773 1203 filiae

316 1203 709 1258 Chamnaeorum
750 1223 911 1257 coram
942 1205 1094 1256 Isaac
1125 1207 1268 1270 patri
1291 1207 1405 1270 suo,
1455 1208 1542 1259 ivit
1576 1218 1622 1260 et
1652 1226 1773 1259 sum·

290 1274 405 1337 ,psit
437 1271 673 1340 Majeletlt
692 1275 857 1337 filiam
887 1274 1072 1327 Ismael
1095 1275 1201 1337 filii
1239 1274 1510 1338 Abraham,
1566 1293 1773 1328 sororem

308 1337 549 1406 Nabaotli,
574 1360 725 1408 supra
746 1359 835 1395 eas
861 1359 1031 1394 uxorea
1047 1359 1163 1394 suas
1178 1344 1507 1396 {numeremui
1527 1347 1635 1410 (28,
1658 1351 1687 1396 8
1701 1346 1770 1406 S.)

284 1411 405 1468 245.
452 1411 803 1484 Hiosquoque
828 1412 1072 1468 cernitur
1101 1420 1212 1469 tam
1241 1414 1556 1488 anterioris,
1601 1429 1770 1486 quam.

168 1551 302 1616 bus,
364 1551 594 1624 quidam
639 1561 822 1609 autem
864 1553 1053 1626 (mar-9.
1093 1556 1263 1630 enim)
1313 1559 1674 1629 semiplenam
1715 1567 1768 1612 et

168 1643 419 1682 mancam
439 1629 705 1684 exhibent
725 1628 1072 1684 devotionem
1092 1631 1254 1686 malis
1269 1672 1282 1696 ‚
1313 1649 1414 1688 neo
1440 1634 1620 1704 ipsam
1638 1633 1769 1703 qui-

166 1702 275 1756 bus
318 1702 602 1776 legislator
640 1703 1024 1759 interminatur
1058 1715 1310 1761 mortem.
1391 1707 1526 1762 In'de
1573 1707 1768 1760 merito

170 1784 384 1832 certum
437 1785 545 1841 est.
608 1779 780 1836 vitam
828 1788 881 1835 et
922 1780 1389 1835 immortalitatem
1435 1779 1764 1851 praedicari,

175 1851 278 1923 qui
300 1859 448 1906 recto
469 1850 630 1907 corde
657 1862 709 1909 et
734 1854 947 1929 integra
973 1861 1157 1909 me'nte
1183 1863 1542 1926 utrorumque
1569 1869 1768 1925 paren-

166 1936 290 1983 tum
319 1927 583 2006 pietatem
612 1929 941 2003 suscipiunt.
1018 1930 1124 1984 Pro
1161 1928 1446 1984 intellectu
1473 1939 1657 1984 tamen
1686 1929 1769 1984 al—

164 2005 281 2058 tius
330 2003 706 2076 speculantes,
762 2006 1134 2061 aestimamus
1181 2004 1333 2059 hunc
1378 2005 1604 2060 titulum
1647 2019 1770 2064 esse

167 2075 507 2133 laudabilem
535 2095 663 2134 cum
688 2079 935 2136 studiosi·
960 2078 1228 2136 sobrietas
1266 2078 1513 2135 moribus
1549 2081 1767 2152 synoeri

146 2154 370 2226 *pastori
392 2152 581 2225 (mary.
602 2155 867 2230 pectoris)
880 2163 1132 2222 ornatur,
1176 2163 1231 2211 et
1252 2153 1422 2210 verbo
1440 2154 1768 2227 praedican-

165 2227 239 2283 tis
267 2225 442 2284 defert
470 2246 570 2300 pro
596 2239 825 2303 paterna
860 2232 1066 2286 virtute
1081 2272 1094 2296 ,
1143 2239 1198 2292 et
1226 2229 1649 2305 disciplinarum
1677 2229 1769 2283 di-

166 2303 362 2376 gnitati
378 2345 390 2369 ‚
430 2304 624 2361 fauens
643 2323 747 2380 pro
764 2319 1007 2362 materna
1026 2323 1249 2379 quoque
1267 2306 1556 2362 elementia
1573 2345 1586 2370 ‚
1624 2321 1767 2377 quae

168 2377 337 2456 nuti-it
358 2387 411 2434 et
430 2379 639 2453 diligit.

174 2456 302 2522 Quid
333 2474 401 2514 est
434 2503 471 2530 „
489 2463 670 2516 Viden,
703 2463 845 2516 Esau
862 2465 1007 2529 filias
1044 2465 1307 2529 Οῆαπααη,
1366 2464 1498 2530 quod
1527 2463 1766 2528 maliqnae

296 2533 347 2582 in
389 2543 641 2599 conspectu
682 2531 830 2584 Isaac
864 2533 1046 2598 patris,
1095 2534 1310 2598 perrexit
1351 2533 1423 2582 acl
1450 2531 1761 2592 Ismahelech,

300 2602 484 2670 accepit
501 2599 737 2717 ‘asch-hol
762 2617 969 2651 sororem
1002 2599 1232 2651 Nabeoth
1270 2617 1412 2664 super
1448 2616 1620 2651 uxorea
1650 2615 1766 2649 suae

296 2683 490 2718 uxorem

272 2739 395 2793 245.
460 2733 813 2808 Pei'pendere
848 2737 1035 2792 statim
1075 2751 1359 2790 monemur
1396 2734 1762 2792 differentiam
