2125 3084
382 178 445 230 40
838 179 1208 226 PHILONIS
1255 177 1528 227 nmium
1719 176 1786 241 [1‚
1809 184 1887 229 31.
1911 181 2011 244 32]
2062 141 2063 158 1

381 265 681 353 coquorum
718 281 1025 336 ministeria
1062 279 1324 335 inutilia?
1377 281 1486 336 Ubi
1522 289 1652 335 sunt
1689 297 2008 354 corporum

382 356 566 414 vires?
590 359 782 411 Nan-ret
799 355 965 420 Aiax,
989 356 1039 410 si
1060 354 1242 424 adest3
1267 355 1415 411 dicat
1434 355 1704 411 Achilles.
1785 358 2001 412 Datur-

382 449 453 488 ne
480 431 687 488 alicubi
716 429 1074 504 pulchritudo
1101 429 1384 502 corporis?
1419 432 1573 486 Dicat
1595 430 1838 496 Helena,
1861 450 2002 487 nar-

382 518 466 563 ret
482 507 637 584 Parip
650 548 664 571 ,
702 505 1004 562 Amazones
1022 505 1282 560 referant.
1359 504 1518 572 Quod
1537 508 1588 560 si
1609 505 1747 560 haec
1757 509 2000 588 animae
2062 567 2063 572 ἵ

381 582 789 655 providentiam
809 578 882 655 [³¹⁵]
902 581 1235 636 constituere
1255 589 1538 652 nequeunt
1550 622 1563 645 ‚
1587 599 1732 652 quae
1753 591 1996 655 gemens

383 659 782 731 suspiransque
802 655 872 711 ab
891 656 981 712 his
1000 655 1236 720 recedit,
1265 654 1540 728 quomodo
1559 673 1709 711 nunc
1729 657 1996 712 dicamus

383 734 525 788 dona
562 732 841 789 fructuum
876 731 1401 803 possessionumque
1438 731 1630 803 impiis
1659 729 1992 788 felicitatem

386 806 611 864 afferre?
648 807 884 862 Ditescat
902 805 1138 878 impius,
1173 815 1234 861 ut
1260 805 1500 876 amplius
1530 805 1713 862 doleat
1737 807 1836 862 his
1855 808 1993 863 suh-

385 884 511 939 latis
523 925 537 948 ,
570 891 633 938 ut
648 890 703 937 et
719 889 883 937 nauta
901 880 1103 952 opibus
1124 881 1418 946 navalibus
1437 880 1773 954 deperditis:
1815 900 1989 956 quum

384 968 567 1014 tamen
596 959 731 1014 iusti
766 957 983 1014 animus
1019 963 1236 1012 maneat
1270 956 1510 1030 integer,
1550 958 1818 1028 quamvis
1857 959 1990 1015 haec

384 1033 640 1090 abierint.

494 1125 581 1176 66.
621 1121 861 1176 Noscant
878 1120 1092 1190 itaque,
1123 1119 1328 1174 iterum
1345 1116 1499 1182 dieo,
1532 1128 1764 1177 noscant
1792 1119 1986 1176 adver-

384 1197 517 1251 sarii
564 1203 831 1250 amatores
880 1194 1272 1257 accusationiS,
1340 1193 1492 1264 quod
1542 1194 1726 1248 iustus
1774 1195 1984 1250 nullam

383 1269 605 1323 omnino
626 1269 687 1323 in
704 1285 765 1324 se
783 1269 989 1341 patitur
1008 1269 1320 1342 passionem
1336 1309 1350 1332 ‚
1390 1269 1494 1324 etsi
1513 1269 1754 1324 nimium
1783 1270 1983 1326 multae

384 1345 497 1398 sint
514 1343 759 1414 corporis
780 1341 1132 1409 afflictionem
1175 1343 1349 1398 donec
1375 1344 1594 1398 animus
1619 1354 1910 1414 permanet
1925 1345 1982 1398 in

380 1419 695 1490 integritate
712 1419 867 1474 vitiis
888 1426 1105 1473 carente
1119 1459 1134 1482 ,
1155 1419 1258 1472 etsi
1281 1418 1466 1490 inopia
1485 1427 1538 1474 et
1557 1417 1734 1474 fames
1755 1427 1814 1474 et
1833 1419 1981 1476 infir·
2062 1427 2063 1434 ’

381 1493 545 1548 mitae
566 1493 945 1562 superveniat;
989 1494 1251 1562 quoniam
1279 1493 1628 1564 providentia
1657 1511 1723 1548 ea
1746 1502 1986 1566 praestat

381 1569 555 1632 iuste,
594 1583 737 1638 quae
763 1567 993 1640 integris
1018 1569 1142 1622 eius
1161 1567 1407 1623 moribus
1436 1567 1838 1640 respondeant,
1881 1571 1984 1624 alio

382 1643 546 1699 modo
568 1641 876 1716 adimplens
895 1642 1252 1707 voluntatem,
1283 1644 1385 1698 etsi
1406 1643 1566 1698 malis
1588 1644 1978 1699 circumdetur.

382 1716 767 1774 Providentiae
806 1716 1087 1790 siquidem
1127 1719 1412 1789 proprium
1448 1726 1531 1774 est
1565 1735 1756 1774 curam
1799 1736 1980 1793 gerere

384 1794 732 1868 singulorum
747 1835 759 1859 ,
783 1808 956 1865 quum
978 1794 1049 1848 sit
1069 1794 1443 1848 inornatorum
1464 1794 1779 1850 animorum
1799 1795 1978 1868 provi-

386 1869 573 1926 dentia
593 1869 662 1924 ad
683 1870 943 1924 virtutem
965 1869 1227 1923 invitans.
1433 1869 1438 1872 ’

500 1963 585 2016 67.
626 1962 789 2017 Porro
808 1962 857 2016 si
877 1959 1140 2016 rationale
1155 1951 1302 2015 ‘illud
1324 1958 1556 2023 animal,
1593 1958 1880 2016 hominem
1902 1962 1978 2013 in-

384 2054 581 2108 quam,
620 2053 685 2092 eo
714 2035 865 2108 quod
892 2053 1021 2108 pars
1050 2035 1124 2090 sit
1155 2042 1206 2088 et
1234 2035 1407 2104 partis
1426 2051 1555 2106 pars
1575 2035 1744 2090 totius
1767 2034 1973 2097 mundi,
2062 2091 2063 2110 ἢ

386 2111 632 2167 diximus
662 2111 1068 2184 providentiam
1096 2109 1299 2164 habere
1327 2108 1397 2164 ad
1425 2108 1668 2164 curanda
1694 2117 1809 2164 tam
1829 2109 1976 2165 bruta
2062 2125 2063 2180 j

386 2185 645 2241 animalia
664 2203 832 2258 quam
854 2183 1139 2240 rationalia
1153 2225 1166 2248 ‚
1191 2200 1288 2238 cur
1308 2201 1417 2238 non
1439 2185 1642 2238 maiore
1663 2184 1790 2239 iure
1808 2187 1978 2240 virtu·
2062 2189 2063 2196 ³

381 2269 495 2314 tem
534 2277 691 2314 suam
730 2258 1101 2314 universalem
1139 2267 1388 2314 exerceat
1424 2257 1778 2330 providentia
1824 2261 1978 2314 insita

382 2336 644 2389 universo
664 2333 889 2399 mund0‚
916 2342 1236 2389 cunctorum
1259 2333 1468 2388 habens
1487 2351 1696 2398 curam,
1727 2334 1980 2405 quamvis

384 2407 609 2462 effectus
628 2408 965 2478 impediatur
979 2407 1312 2482 quandoque
1332 2409 1481 2479 apud
1499 2408 1799 2464 nonnullos
1819 2410 1981 2464 ratio-

385 2481 778 2550 nepraeditos‘?
804 2482 866 2536 si
879 2489 1060 2536 autem
1081 2482 1430 2552 providentia
1450 2501 1560 2538 non
1579 2484 1859 2556 corripiat,
1873 2500 1981 2537 non

382 2555 603 2619 puniat,
646 2572 755 2610 non
784 2557 927 2611 bona
954 2556 1143 2620 faciat,
1187 2574 1296 2612 non
1316 2558 1468 2630 leges
1487 2559 1650 2622 ferat,
1683 2558 1868 2630 qualis
1885 2557 1984 2618 illa

384 2625 487 2704 efit
506 2623 577 2698 [²¹⁶]
596 2630 961 2696 providentia,
986 2630 1244 2686 omnihus
1264 2631 1419 2688 hisce
1440 2633 1740 2689 inutilibus
1759 2649 1826 2688 ac
1847 2633 1984 2698 otio,-

385 2708 463 2744 sis
481 2703 871 2756 manentibus?
