2125 3084
364 136 429 186 60
813 140 1183 186 PHILONIS
1229 139 1501 186 mnam
1795 133 1866 200 [1,
1895 41 2072 201 fuid!

363 249 567 304 tacere,
594 247 687 294 aut
706 240 755 294 si
778 238 920 294 alius
941 239 1203 304 dixisset,
1227 209 1505 294 obvelare.
1571 237 1876 310 Condigne
1900 250 1998 295 ta-

362 332 491 370 men
518 314 819 369 memoravi
848 314 1012 377 haee,
1054 323 1118 369 ut
1156 321 1477 386 argumento
1514 313 1626 367 sint
1655 330 1855 368 rerum
1885 321 1995 369 ιιι·-

362 381 640 462 gentium,
688 388 839 461 quod
876 405 1005 443 mox
1041 388 1394 461 significabo,
1440 404 1501 442 ea
1535 382 1985 458 praemittendo,

362 465 570 535 quibus
588 465 670 520 uti
692 464 867 518 solent
886 464 1136 520 veritatis
1161 465 1594 536 impugnatores.

479 550 560 601 ⁴5.
604 547 803 601 Dicunt
822 544 1061 617 enim*).
1105 548 1330 618 Nonest
1349 546 1488 601 deus
1507 546 1654 600 sicut
1676 553 1980 618 tyrannuS,

362 622 460 693 qui
491 621 871 676 crudelitatem
898 619 1358 692 violentiamque,
1400 629 1456 674 et
1479 627 1758 691 quotquot
1789 621 1983 676 domi-

362 715 468 752 nus
495 697 701 768 aliquis
728 696 959 768 agrestis
988 711 1051 749 ac
1081 695 1207 750 duri
1235 696 1582 767 principatus
1611 711 1785 766 opera
1813 714 1981 752 exer·
2070 693 2071 702 ³

363 781 507 836 ceat,
549 771 649 825 sed
678 788 778 826 rex
802 770 1079 825 humanus
1119 778 1172 825 et
1210 769 1496 856 legitimus
1531 785 1666 856 prae
1695 787 1759 826 se
1791 769 1978 826 ferens

360 847 733 918 principatum
772 861 899 900 cum
936 845 1174 908 iustitia,
1215 846 1426 916 quippe
1465 845 1562 916 qui
1599 849 1977 906 communiter

359 931 535 977 totum
546 919 850 992 caelum**)
870 926 923 974 et
943 918 1250 974 mundum
1234 937 1295 974 ιιι
1313 919 1480 973 finem
1501 918 1728 974 felicem
1753 919 1966 994 dirigit.

358 996 428 1051 Et
454 998 573 1070 regi
603 996 819 1050 nullum
848 1010 1044 1049 nomen
1076 1001 1158 1048 est
1175 994 1354 1066 magis
1381 993 1654 1049 familiare
1675 1011 1854 1080 quam
1877 1014 1969 1068 pa-

360 1072 487 1126 tris:
522 1087 689 1142 quam
712 1070 858 1125 enim
878 1069 1198 1124 relationem
1218 1086 1317 1140 per
1337 1068 1882 1141 consanguinitatem
1903 1070 1965 1125 ad

360 1145 505 1200 filios
524 1145 707 1200 ferunt
726 1153 927 1217 patres,
958 1161 1080 1198 eam
1102 1162 1200 1198 rex
1221 1143 1290 1198 ad
1310 1144 1610 1208 civitatem,
1637 1152 1694 1198 et
1713 1144 1786 1199 ad
1809 1163 1966 1200 mun-

361 1219 495 1274 dum
513 1218 672 1274 deus·
744 1219 1109 1285 Quamobrem
1121 1219 1177 1292 ᾧ)
1199 1218 1346 1290 apud
1367 1218 1858 1309 probatissimum
1855 1221 1965 1275 lau-

359 1293 819 1365 datissimumque
846 1288 1132 1365 poetarum
1157 1294 1452 1376 Homerum
1476 1303 1631 1362 pater
1654 1299 1900 1360 virorum
1919 1305 1964 1348 et

358 1373 569 1422 deorum
598 1376 823 1424 vocatus
855 1368 961 1423 fuit
986 1361 1261 1440 luppiter,
1309 1368 1448 1423 duas
1475 1385 1564 1422 res
1588 1370 1824 1426 omnino
1844 1371 1964 1442 pul-

360 1441 657 1497 cherrimas
691 1450 913 1496 naturae
942 1442 1029 1497 illi
1061 1442 1342 1498 immobili·
1363 1443 1524 1514 quasi
1556 1443 1680 1516 lege
1701 1461 1768 1499 ac
1787 1445 1965 1500 indis-

360 1516 587 1572 solubili
608 1518 810 1570 unione
838 1524 1128 1588 coaptans,
1165 1519 1538 1590 principatum
1567 1519 1748 1574 simul
1766 1529 1830 1576 et.
1843 1538 1966 1592 pro-

362 1591 684 1646 videntium.
762 1593 900 1646 Nam
933 1593 1079 1647 sicut
1103 1590 1178 1668 [Ἴ
1211 1593 1527 1664 desperatos
1555 1591 1704 1647 filios
1735 1612 1852 1650 non
1873 1596 1964 1650 de-

359 1675 549 1722 serunt
567 1674 848 1740 parentes,
890 1667 988 1721 sed
1016 1667 1241 1723 miseria
1261 1669 1384 1740 ipsa
1402 1669 1821 1724 miserationem
1842 1688 1962 1743 pro-

358 1751 587 1800 vocante
616 1759 800 1798 curam
832 1741 1099 1798 adhibent
1125 1750 1179 1798 et
1204 1743 1385 1807 alunt,
1429 1743 1762 1798 arbitrantes
1782 1745 1960 1800 infen-

358 1836 545 1875 sorum
585 1825 761 1890 atque·
785 1817 1225 1890 implacabilium
1272 1819 1626 1873 inimicorum
1670 1821 1956 1906 proprium

358 1911 509 1959 esse,
532 1894 814 1948 miseriam
832 1895 991 1964 quasi
1012 1892 1252 1965 pedibus
1274 1893 1623 1957 conculcare,
1654 1896 1952 1949 amicorum

358 1987 491 2026 vero
518 1977 572 2024 et
600 1969 851 2024 affinium
882 1968 1120 2023 allevare
1156 1968 1400 2042 lapsum.
1452 1985 1562 2040 quo
1597 1965 1684 2031 fit,
1737 1978 1801 2024 ut
1841 1971 1951 2024 istis

360 2043 623 2117 saepest)
644 2043 820 2116 magis
840 2061 1005 2114 quam
1028 2035 1292 2098 modestis
1311 2040 1516 2097 sobriis
1537 2042 1807 2114 largiores
1833 2045 1952 2099 flant

361 2137 423 2174 ac
447 2119 623 2174 multa
642 2116 959 2182 concedant,
984 2119 1117 2173 satis
1140 2118 1366 2182 conscii,
1396 2115 1548 2188 quod
1567 2116 1682 2171 illis
1706 2118 1950 2174 validum

359 2211 422 2249 ac
450 2209 713 2266 magnum
742 2159 1058 2248 subsidium
1097 2193 1246 2247 vitae
1274 2199 1357 2248 est
1395 2192 1787 2262 temperantia,
1838 2193 1949 2252 istis

357 2284 488 2324 vero
507 2284 635 2338 spes
654 2284 764 2322 una
783 2276 1036 2338 parentes
1056 2274 1212 2331 sunt,
1252 2283 1363 2338 qua
1392 2267 1441 2320 si
1461 2266 1780 2338 priventur,
1827 2267 1954 2322 hae-

356 2343 524 2397 sitant
543 2342 614 2396 de
634 2342 979 2397 necessariis.
1058 2341 1154 2396 Sic
1178 2333 1317 2396 deus
1336 2357 1587 2413 quoque,
1628 2342 1763 2412 quia
1788 2343 1954 2398 ratio-

454 2481 501 2526 ¹)
527 2479 594 2520 Cf.
620 2481 924 2530 Fragmentum
949 2491 1005 2521 ex
1026 2481 1188 2522 Euaeb.
1217 2491 1346 2532 snpra
1369 2481 1492 2521 Τοιιι.
1519 2480 1596 2522 VI.
1623 2482 1773 2532 1³02oe
1789 2491 1850 2523 aa.

455 2544 524 2590 ⁸¹)
559 2545 810 2588 Com-Arm.
836 2551 1011 2588 unam.
1058 2547 1222 2588 Διιοὶι.

454 2609 494 2653 i)
537 2608 693 2652 Citatlo
719 2613 896 2666 Epmerl
920 2615 1133 2654 omittitur
1157 2615 1272 2664 apud
1297 2615 1550 2656 Eusebium.
1600 2613 1766 2656 A‘nch.

402 2689 409 2694 ·
456 2673 517 2718 ‘m
562 2682 597 2712 ⁸-
624 2678 805 2720 auctare
830 2682 993 2730 lapsum
1017 2691 1140 2730 saepe
1165 2683 1364 2724 convenit.
1417 2679 1581 2723 A‘nch.
