2125 3084
304 135 396 185 ⁴36
529 138 726 183 PHIL.
765 138 912 184 IUD.
955 138 1277 194 QUAEST.
1318 138 1417 181 ET
1460 139 1615 183 SOL.
1658 132 1743 198 [IL
1778 136 1901 201 321]

301 239 768 301 commemoratam
829 246 1115 309 permanet
1154 239 1309 292 iuxta
1350 237 1582 302 fontem,
1635 239 1693 291 in
1730 256 1901 310 quem

301 330 554 400 egressae
571 321 700 369 sunt
721 313 1036 367 haurientes
1057 330 1257 382 aquam
1276 328 1527 383 vespere.
1596 311 1747 378 Quae
1767 332 1903 370 vero

299 396 413 443 stnt
431 389 596 451 istae,
629 387 778 442 haud
798 388 1033 441 notavit:
1081 404 1185 441 non
1208 387 1357 441 enim
1378 394 1463 440 est
1482 388 1535 441 ei
1554 389 1902 459 propositum

301 463 370 517 de
409 462 738 519 mulieribus
777 463 868 517 vel
908 461 980 516 de
1016 478 1159 532 aqua
1199 476 1387 533 agere,
1450 462 1551 515 sed
1584 463 1655 516 de
1698 464 1901 518 animis

299 538 466 593 deum
486 538 881 609 diligentibuS,
913 537 1012 607 qui
1031 536 1347 591 desiderant
1374 536 1577 591 rivum.
1657 539 1903 609 Tempus

301 621 484 670 autem
503 610 735 667 sedendi
755 620 838 667 est
857 612 940 665 eis
960 612 1107 665 circa
1134 612 1270 665 solis
1298 627 1581 674 occasum,
1626 611 1901 685 defatiga-

299 689 370 741 tis
392 689 499 742 iam
524 686 780 741 sensibus
792 686 872 758 *),
897 702 1073 757 quum
1095 702 1273 757 neque
1295 685 1574 741 radiorum
1592 687 1790 741 umbra
1811 706 1901 741 re-

301 770 424 816 stat.
506 764 659 815 Tunc
697 762 845 814 enim
883 761 1173 814 lucidioris
1202 763 1329 814 visu
1360 761 1587 814 rationis
1615 763 1901 832 accipiunt

301 845 580 907 aspectuS,
624 844 677 890 et
704 835 907 892 deinde
937 836 996 889 in
1025 835 1283 889 divinum
1311 836 1643 905 perveniunt
1670 836 1894 901 fontem,

299 911 628 981 sapientiam
657 910 884 980 inquam
899 951 911 973 ,
955 926 1097 980 quae
1118 909 1426 964 secundum
1446 910 1706 965 virtutem
1728 912 1901 966 sumit

301 1003 474 1057 aquae
503 985 948 1040 similitudinem.
1029 986 1103 1038 De
1136 984 1238 1038 hac
1266 1001 1395 1057 ergo
1423 986 1675 1039 nonnulli
1716 996 1899 1041 extre-

221 1092 228 1101 ·
300 1062 407 1125 mis
430 1060 593 1116 labiis
614 1060 872 1122 hausere,
909 1059 1005 1113 alii
1027 1076 1157 1115 vero
1179 1068 1389 1116 tantum
1417 1059 1608 1115 bibere
1636 1077 1899 1130 perseve-

298 1145 514 1201 rarunt,
556 1144 822 1215 quantum
853 1132 1137 1189 sufficiens
1166 1142 1280 1189 erat
1306 1134 1375 1189 ad
1394 1134 1694 1189 sedandam
1712 1137 1893 1203 sitim;

301 1212 474 1281 aliqui
496 1210 718 1263 demum
737 1210 914 1279 magis
937 1209 1268 1264 studuerunt
1289 1209 1599 1275 laetificari,
1631 1210 1793 1265 avide
1816 1220 1900 1265 at-

299 1302 407 1356 que
428 1284 590 1339 modo
612 1284 916 1337 insatiabili
943 1284 1011 1337 ad
1041 1302 1133 1349 ea,
1174 1302 1316 1357 quae
1345 1293 1591 1357 spectant
1618 1284 1686 1339 ad
1718 1286 1900 1341 virtu-

299 1369 380 1413 tes
397 1400 408 1422 ‚
444 1361 712 1431 impetum
732 1367 1081 1429 usurpantes

389 1533 463 1599 [*]
509 1531 668 1591 Quare
701 1550 861 1585 servus
894 1536 1121 1599 incipiens
1155 1552 1189 1585 a
1215 1536 1536 1599 prosperitate
1570 1535 1675 1585 viae
1703 1552 1819 1599 pro·

692 1602 909 1667 pketizat
930 1604 1143 1669 futura?
1189 1609 1296 1667 (24,
1344 1610 1403 1653 13
1422 1605 1491 1662 s.)

413 1724 498 1777 95.
557 1720 748 1789 Quoad
780 1723 1044 1787 litteram,
1094 1722 1227 1793 quia
1256 1738 1437 1775 comes
1460 1720 1646 1776 aderat
1666 1720 1899 1793 angelus

300 1798 410 1862 dei,
443 1798 693 1854 eiusdem
714 1798 924 1853 auxilio
946 1798 1194 1853 fortassis
1216 1797 1405 1851 altiora
1428 1796 1900 1867 comprehendens

301 1876 480 1945 coepit
500 1874 774 1929 divinare.
854 1873 938 1928 Ad
968 1881 1209 1928 mentem
1240 1889 1368 1925 vero
1399 1871 1602 1926 formae
1632 1880 1762 1925 sunt
1781 1888 1901 1925 mo-

299 1966 422 2002 rum
452 1949 542 2002 dei
575 1950 902 2011 amantium,
947 1948 1016 2002 ad
1047 1946 1340 2002 scrutanda
1360 1946 1706 2019 singulorum
1731 1946 1901 2000 verba

300 2032 353 2076 et
379 2023 648 2075 veraciter
679 2021 1058 2093 adimplenda3
1122 2038 1265 2093 quae
1298 2038 1472 2093 quum
1513 2021 1901 2076 concordantia

300 2095 626 2165 comperiat,
661 2096 898 2150 exsultat
919 2096 1252 2167 perficienda
1274 2095 1339 2167 (s.
1364 2095 1622 2167 perfecta)
1644 2078 1757 2149 lore
1778 2095 1901 2149 vel-

300 2180 360 2225 ut
399 2186 646 2240 sperans.
727 2170 858 2223 Tres
894 2172 1082 2241 itaque
1112 2180 1241 2225 sunt
1270 2170 1499 2226 formae:
1568 2187 1705 2235 una,
1749 2169 1899 2240 quod

304 2246 458 2317 virgo
488 2245 586 2311 sit3
651 2244 919 2305 secunda,
963 2245 1113 2315 quod
1142 2246 1371 2301 inclinet
1399 2244 1681 2319 hydriam3
1740 2246 1899 2299 tertia

300 2338 457 2383 ver0,
518 2319 667 2391 quod
707 2326 898 2389 potum
938 2319 1049 2373 det.
1170 2322 1307 2373 Nam
1350 2320 1622 2375 indicium
1661 2320 1900 2391 virginis

301 2404 383 2450 est
410 2413 549 2466 pura
569 2411 828 2466 mer-aque
851 2394 1076 2450 affectus
1096 2394 1349 2449 voluntas
1365 2437 1377 2460 ‚
1418 2398 1689 2450 sinceram
1712 2403 1765 2448 et
1785 2394 1902 2447 illi-

302 2472 484 2525 batam
531 2478 780 2524 naturam
827 2472 1098 2525 honorans
1146 2469 1539 2542 incorruptam.
1637 2469 1901 2541 Hydriam

301 2561 430 2598 vero
469 2546 738 2598 inclinare
776 2547 983 2600 indicat
1020 2545 1233 2615 copiam
1275 2544 1555 2599 doctrinae
1593 2542 1902 2597 communi-

403 2683 446 2729 ἕ)
479 2692 516 2721 s.
546 2682 770 2730 antiquatis
799 2686 884 2725 iam
909 2684 1188 2725 sensibilibus.
1242 2682 1402 2723 Auch-
