2125 3084
298 172 400 228 278
535 175 733 221 PHIL.
772 172 923 222 IUD.
966 174 1292 232 QUAEST.
1328 175 1428 220 ET
1468 175 1633 220 SOL.
1670 169 1756 235 [IL
1781 171 1924 238 4³13

297 288 423 352 post
448 285 525 332 tot
554 283 815 340 eventuS‚
858 276 1136 330 cruciatur
1167 274 1352 332 animo
1377 274 1450 330 ob
1487 275 1610 330 eius
1649 274 1927 332 volunta-

296 355 437 408 riam
456 349 904 407 ineruditionem.

386 510 483 560 Cur
508 519 768 574 postquam
804 508 980 558 eiulatu
1016 523 1192 573 mayno
1210 507 1426 570 fleverat
1456 506 1620 569 Esau,
1666 508 1822 572 coepit

686 586 834 642 pater
868 575 1222 626 benedicere“?
1257 576 1366 640 (27,
1396 575 1508 638 39.)

410 701 531 754 233.
576 695 826 751 Fortasse
844 695 973 766 quis
993 694 1202 749 dixerit
1215 735 1228 758 ,
1274 693 1533 766 lacrymis
1556 693 1695 748 visis
1716 693 1776 747 in
1797 696 1920 749 mi-

297 770 655 828 sericordiam
686 779 865 826 actum
896 787 1024 824 eum
1054 769 1250 824 fuisse.
1329 769 1536 824 Verum
1562 769 1662 839 qui
1690 767 1796 824 hoc
1817 769 1920 825 di—

298 848 400 911 cit,
426 854 643 918 peccat;
684 843 758 920 [⁴¹⁵]
792 845 926 917 quia
942 853 1200 900 constans
1220 844 1444 915 sapiens
1467 844 1914 900 misericordiam

298 930 517 976 exercet
557 938 687 994 erga
721 936 940 986 omnes,
981 928 1100 974 orat
1130 927 1313 974 autem
1338 935 1440 991 pro
1467 917 1683 991 dignis:
1746 918 1912 994 digni

298 1004 482 1052 autem
502 997 855 1067 reperiuntur
874 996 1086 1059 miseri,
1111 1011 1220 1049 non
1241 1010 1372 1049 vero
1392 994 1491 1064 qui
1512 992 1623 1046 sibi
1645 994 1790 1064 ipsis
1807 1013 1914 1050 no-

298 1080 443 1126 cent.
523 1072 695 1127 Movit
724 1071 911 1142 itaque
939 1078 1186 1125 orantem
1216 1086 1325 1124 non
1355 1067 1764 1134 misericordia,
1807 1071 1911 1125 sed

298 1164 426 1218 spes
446 1147 818 1217 poenitentiae
838 1145 908 1201 ad
928 1145 1176 1200 meliora.
1217 1143 1427 1201 Videns
1448 1144 1598 1198 enim
1619 1159 1748 1198 eum
1769 1143 1915 1200 flen-

298 1231 408 1277 tem
431 1229 485 1276 et
507 1220 919 1294 lacrymantem,
940 1221 1200 1291 opinatus
1220 1226 1329 1283 est,
1360 1219 1506 1274 sicut
1525 1217 1785 1286 decebat,
1810 1238 1915 1276 su·-

300 1297 510 1368 spirare
525 1337 537 1360 ,
571 1311 792 1368 gemere
808 1335 820 1359 ,
854 1293 984 1350 flere
1005 1303 1058 1349 et
1077 1296 1341 1367 plangere
1358 1311 1528 1366 super
1544 1293 1720 1350 vitam
1749 1313 1913 1362 suam

300 1541 426 1630 bus,
450 1565 659 1638 quibus
678 1567 845 1622 etiam
864 1567 1106 1642 hymnus
1126 1575 1288 1624 tacet.
1324 1569 1760 1642 Vide,quantam
1770 1569 1915 1628 alle-

300 1643 513 1717 goriam
534 1644 886 1715 compunctio
902 1642 1182 1719 requirit.]
1198 1643 1251 1718 *)

386 1784 546 1843 Quare
582 1785 875 1836 exclamante
910 1795 955 1836 et
980 1795 1096 1852 post
1115 1787 1288 1850 fletum
1320 1785 1462 1837 Esau
1487 1796 1636 1852 pater
1667 1786 1836 1852 incipit

960 1854 1263 1904 benedicere?

416 1960 537 2012 233.
588 1958 800 2030 Nempe
831 1958 1037 2030 aliquis
1066 1957 1217 2012 dicat
1253 1957 1564 2031 lachrymas
1603 1958 1916 2012 intuentem

304 2032 488 2086 anima
513 2049 741 2103 passum
769 2034 865 2104 pio
892 2033 1083 2089 dolore
1111 2041 1325 2104 patrem
1343 2050 1443 2104 pro
1463 2033 1598 2088 filio.
1677 2030 1786 2098 Qui
1809 2033 1916 2088 hoc

303 2108 645 2177 suspicatur,
707 2106 959 2176 offendit3
1040 2107 1290 2179 prudens
1335 2110 1485 2164 enim
1530 2108 1916 2165 misericordia

305 2181 478 2236 utitur
493 2223 505 2246 ,
540 2181 641 2236 sed
660 2182 849 2254 dignis
871 2200 990 2237 eam
1012 2182 1388 2254 superfundit.
1467 2183 1634 2256 Digni
1653 2192 1786 2237 sunt
1805 2184 1918 2238 mi-

306 2256 416 2310 seri
438 2256 528 2311 vel
549 2255 803 2311 infelices
818 2297 831 2321 ‚
856 2274 965 2311 non
984 2258 1216 2328 superbi
1235 2259 1327 2314 vel
1348 2257 1666 2314 facinorosi.
1744 2258 1916 2313 Novit

305 2347 435 2403 ergo
478 2331 799 2387 obtuentem
836 2348 946 2386 non
993 2333 1399 2399 misericordia,
1460 2332 1560 2388 sed
1605 2333 1916 2388 aestimatio

304 2405 676 2475 poenitentiae
708 2402 777 2458 ad
806 2405 1035 2460 meliora
1060 2416 1385 2473 venturum,
1429 2417 1484 2464 et
1512 2406 1755 2463 videndo
1775 2405 1918 2461 flen—

305 2487 443 2540 tem,
489 2480 802 2534 aestimavit
826 2482 1220 2552 ingemiscere,
1264 2484 1636 2554 suspirantem
1662 2499 1766 2555 pro
1783 2497 1920 2536 sua-

307 2552 477 2606 vitate
508 2552 922 2618 infelicissima,
968 2553 1256 2611 felicitate:
1301 2558 1488 2613 simile
1516 2558 1688 2614 huius
1708 2558 1921 2629 patitur

412 2723 453 2766 Ι·’)
481 2719 610 2763 Uncis
637 2726 805 2770 inclusa
830 2731 934 2769 sunt
958 2727 1296 2770 additamentum
1323 2733 1581 2782 interpretis.
