2125 3084
386 170 483 223 238
618 174 817 221 PHIL.
858 172 1012 219 IUD.
1054 171 1383 229 QUAEsT.
1423 172 1526 217 Εἰ·
1565 172 1721 217 soL.
1754 160 1967 240 [11,403.]

384 274 693 349 (corporis);
744 274 1026 345 oportebat
1044 273 1194 328 enim
1215 288 1343 327 eum
1357 315 1369 337 ,
1401 275 1502 344 qui
1523 281 1602 328 tot
1620 274 1834 346 magnis
1858 276 1976 328 vir-

383 351 598 406 tutibus
618 350 833 405 dotatus
854 357 969 404 erat
988 356 1213 421 eratque
1233 348 1540 421 patriarcha
1569 357 1749 403 tantae
1777 351 1970 421 gentis„
2068 366 2069 401 3

384 430 665 499 ingentem
686 432 739 479 et
760 424 1144 479 admirabilem
1165 421 1604 496 magnitudinem
1625 424 1865 494 corporis
1877 423 1977 478 ha-

382 503 534 557 here.
597 502 803 556 Verum
824 500 927 555 hoc
946 499 1245 563 excursim,
1267 515 1366 569 per
1385 497 1552 561 viam,
1577 506 1639 552 ut
1659 499 1832 561 aiunt,
1854 499 1976 553 obi-

383 589 576 648 terque
614 575 823 630 dictum
858 577 951 629 sit.
1032 574 1247 631 Cei-tius
1275 582 1453 628 tamen
1483 570 1626 627 illud
1656 571 1969 637 dicendum,

384 651 533 724 quod
562 667 671 707 non
700 658 1021 723 oppugnant
1049 650 1193 704 inter
1221 666 1281 703 se
1310 648 1548 703 invicem
1568 657 1857 718 parentum
1877 666 1978 703 vo·
2068 646 2069 653 ’

386 729 623 783 luntates
644 742 950 797 moresque,
974 726 1120 779 sicut
1139 741 1472 779 consuevere
1491 722 1763 785 nonnulli,
1787 721 1884 777 sed
1895 725 1978 777 si—

387 820 454 857 ne
475 802 847 857 disiunctione
866 799 1184 855 harmoniae
1214 800 1628 867 coniunctorum
1655 814 1742 852 res
1773 798 1968 869 agitur3

386 878 518 949 quia
538 876 607 932 ad
636 894 808 932 unum
836 875 1002 930 finem
1031 875 1324 946 pervenire
1353 874 1600 938 student,
1643 889 1976 945 quamquam

384 955 540 1009 iuxta
560 953 832 1007 variantes
852 951 1211 1024 cogitationes
1233 952 1366 1005 moti
1389 949 1612 1006 fuerint.
1689 949 1806 1004 Una
1831 948 1976 1003 enim

386 1028 507 1083 vult
536 1045 688 1092 eum,
731 1031 829 1099 qui
860 1027 1039 1099 bonus
1069 1034 1178 1090 est,
1231 1026 1497 1097 attingere
1525 1042 1584 1080 se
1614 1024 1972 1097 condignum,

390 1104 527 1159 alter
549 1120 677 1158 vero
712 1104 880 1167 „Non
912 1101 1160 1173 despicio
1190 1109 1242 1156 te
1272 1099 1527 1173 (inquit),
1571 1102 1669 1173 qui
1699 1118 1758 1155 es
1788 1116 1856 1154 ex
1883 1098 1979 1152 illa

387 1178 455 1251 (S.
470 1196 539 1233 ex
554 1178 681 1251 me),
707 1177 806 1232 sed
824 1176 1203 1232 haesitationis
1223 1177 1400 1230 iustae
1421 1178 1701 1241 misereor,
1728 1184 1788 1230 ut
1807 1191 1983 1247 quan-

387 1264 505 1308 tum
528 1253 644 1307 fieri
665 1260 869 1323 potest,
911 1268 1100 1324 regam
1121 1250 1471 1323 dirigamque
1488 1260 1547 1305 “.
1627 1252 1830 1305 Littera
1849 1250 1982 1303 haec

387 1345 517 1398 prae
546 1344 603 1381 se
633 1327 755 1381 fert.
834 1326 919 1381 Ad
948 1335 1188 1381 mentem
1216 1343 1344 1381 vero
1375 1328 1558 1381 anima
1585 1327 1788 1381 virtute
1824 1342 1985 1396 prae-

389 1402 503 1456 dita
538 1402 699 1455 habet
728 1401 1144 1473 dispositionem
1185 1400 1482 1472 quamdam
1520 1408 1981 1474 perseverantem,

388 1650 487 1707 sed
508 1668 607 1722 pro
625 1653 763 1707 mira
789 1652 1027 1725 quadam
1056 1661 1327 1709 structura
1357 1652 1490 1708 dum
1518 1662 1728 1725 oportet
1755 1660 1993 1707 sectato-

389 1745 476 1784 res
504 1725 800 1793 virtutum‚
845 1738 898 1783 et
926 1728 1063 1783 tanti
1091 1729 1310 1801 generis
1342 1738 1555 1783 autores
1585 1727 1840 1784 mirabile
1870 1745 1994 1781 ma-

389 1802 699 1877 gnitudinis
738 1822 935 1877 corpus
976 1800 1245 1860 habitare.
1343 1804 1454 1859 Sed
1501 1804 1636 1859 haec
1675 1804 1990 1859 transitoria

389 1882 481 1933 via
521 1878 745 1935 dicitur.
842 1879 987 1935 Illud
1027 1897 1158 1936 vero
1195 1881 1492 1951 praecipue
1531 1878 1833 1935 dicendum
1875 1887 1985 1932 est:

391 1956 704 2011 Sententiae
734 1956 1218 2011 solertissimorum
1249 1972 1357 2009 non
1389 1954 1722 2009 dimicantur
1741 1954 1886 2008 inter
1908 1970 1988 2014 se,

391 2039 451 2085 ut
470 2029 699 2101 quidam
720 2039 1080 2101 putaverunt,
1113 2030 1309 2085 horum
1330 2032 1478 2084 enim
1499 2031 1744 2086 armonia
1765 2030 1994 2099 insepa-

392 2105 640 2160 rabiliter
667 2106 777 2159 sibi
805 2114 1090 2169 consonat,
1133 2105 1204 2160 ad
1224 2122 1396 2159 unum
1419 2106 1566 2159 enim
1587 2106 1888 2160 terminum
1913 2102 1996 2156 fe-

391 2182 557 2235 stinat
572 2221 584 2244 ,
628 2197 737 2234 uno
764 2181 995 2233 consilio
1014 2180 1160 2234 freti.
1239 2179 1368 2235 Ideo
1388 2179 1664 2235 desiderat
1683 2188 1857 2233 mater
1880 2178 1994 2232 sibi

392 2256 633 2309 similem
654 2254 822 2325 digna
842 2255 1159 2309 nanciscere
1175 2296 1187 2318 ‚
1217 2264 1372 2325 pater
1394 2272 1522 2309 vero
1547 2272 1654 2310 non
1674 2254 1796 2309 vult
1818 2254 2001 2308 deho-

316 2361 322 2375 =
392 2332 593 2385 nestari
624 2347 693 2383 ex
722 2337 897 2383 comet
924 2336 1112 2383 natum
1141 2339 1435 2403 egestatem
1455 2331 1685 2401 pessimi
1703 2330 1876 2384 moris
1896 2346 2002 2400 per

392 2404 826 2459 misericordiam
848 2403 1210 2459 emendando,
1261 2408 1402 2460 Haec
1421 2408 1652 2460 oratorie
1670 2405 1844 2475 partis
1865 2404 2004 2459 red-

394 2480 550 2533 ditio.
627 2480 847 2534 Eximio
878 2488 1061 2533 tamen
1089 2496 1256 2533 sensu
1285 2482 1360 2535 ita
1388 2481 1570 2534 anima
1591 2480 1796 2535 cultrix
1814 2480 2002 2552 pieta-

392 2554 465 2604 tis
494 2553 659 2608 habet
686 2554 961 2623 quendam
989 2557 1430 2624 perseverantiae
1455 2554 1707 2611 affectum
1725 2555 2008 2610 Hebraice

395 2625 604 2679 dictum
624 2630 897 2683 Rebeccam
910 2668 923 2692 ,
967 2627 1132 2682 habet
1155 2630 1511 2700 palestricum
1531 2647 1695 2685 suum
1715 2631 2009 2701 quomodo

398 2707 587 2753 natura
606 2702 786 2765 Iacob,
832 2711 1018 2775 utpote
1048 2718 1178 2775 ergo
1205 2706 1266 2759 in
1285 2704 1519 2761 concilio
1539 2706 1756 2763 animae
1777 2722 2006 2762 morum
