2125 3084
149 191 215 257 [1‚
241 185 335 253 aa]
428 189 529 237 DE
566 189 1115 238 Pnovmnn‘ma
1159 193 1413 240 annuo
1451 196 1492 240 1.
1692 191 1759 244 45
1805 166 1814 174 ’

39 333 49 348 ‚
152 291 423 349 dentibus
444 307 477 345 a
496 290 844 363 providentia
864 277 1188 362 impositum
1202 332 1215 355 ,
1241 309 1349 348 non
1368 296 1647 351 sustinens
1665 314 1759 353 ac·-

152 372 347 441 cipere
366 365 437 422 ab
455 384 521 424 ea
536 383 729 420 sanam
747 367 1050 437 sapientiae
1078 367 1251 422 vitam
1265 408 1277 432 ,
1319 367 1418 423 sed
1446 371 1628 424 omnia
1658 389 1759 445 per

37 460 47 474 ⁴
152 459 281 500 eam
312 441 379 516 (e.
411 443 469 496 in
498 458 557 507 se
586 440 729 515 ipso)
758 440 899 496 facta
938 441 1008 496 ed
1046 441 1393 514 genethliaca
1431 455 1755 512 commenta,

149 520 335 575 fatum
364 517 747 588 fortunamque
775 516 1017 580 reducit,
1059 524 1339 589 totamque
1366 519 1545 590 ipsam
1563 521 1758 576 mundi

150 602 412 651 naturam
434 592 505 647 ab
522 592 701 648 stellis
722 591 1034 664 dispensari
1054 590 1292 648 dictitat.

269 680 360 733 78.
409 679 573 733 Enim
601 695 733 733 vero
758 678 865 733 hoc
890 693 995 734 nec
1032 678 1244 732 clarum
1282 693 1384 732 nec
1420 679 1761 735 luminosum

152 753 303 810 mihi
322 753 544 808 videtur
560 760 963 826 argumentum,
988 753 1088 808 sed
1107 753 1312 808 iniuria
1331 754 1528 827 ingens
1549 755 1618 809 ab
1638 757 1760 810 ani-

148 829 292 885 mali
332 827 555 885 homine
590 829 922 901 excogitata,
986 837 1041 883 et
1089 828 1407 884 adinventio
1444 829 1755 895 artificiosa,

149 920 304 977 quae
334 903 516 958 fallaci
545 902 743 958 illudat
770 902 1122 976 deceptione:
1188 904 1264 957 ita
1293 912 1356 958 ut
1383 919 1444 958 se
1471 904 1660 976 ipsum
1687 905 1761 960 li-

148 983 295 1037 bero
325 979 549 1033 arbitrio
574 979 795 1050 privare
821 979 951 1050 quis
978 978 1119 1033 velit
1143 986 1197 1032 et
1214 977 1482 1034 adversus
1497 981 1762 1053 obiurga·-

146 1057 339 1112 tiones
378 1053 733 1124 iniquitatum
773 1054 843 1109 ab
880 1054 1003 1126 ipso
1041 1047 1376 1124 patratarum
1413 1063 1759 1126 praetextum

148 1130 271 1186 sibi
294 1143 625 1200 comparare.
702 1129 871 1201 Lapis
895 1129 1092 1199 utique
1116 1134 1366 1201 repertus
1395 1127 1596 1195 duruS,
1637 1147 1760 1185 eam

148 1221 303 1279 quae
332 1203 686 1274 in-pravitate
712 1221 845 1276 prae
874 1221 935 1259 se
962 1202 1174 1258 ferebat
1199 1203 1563 1270 voluntatem,
1608 1205 1759 1260 haud

150 1281 251 1336 sui
280 1278 502 1334 consilii
528 1279 737 1350 proprii
765 1295 907 1353 opus
936 1277 1224 1344 dictitam,
1266 1279 1366 1335 sed
1400 1288 1669 1336 astrorum
1697 1281 1758 1354 in

149 1355 313 1412 caelo
342 1353 821 1420 circumactorum,
865 1371 1011 1426 quae
1036 1354 1331 1425 qualitates
1369 1363 1618 1412 motuum
1658 1372 1759 1411 ne-
1805 1395 1810 1398 -

149 1431 397 1487 cessario
426 1431 485 1483 in
516 1430 717 1484 animis
745 1429 987 1502 singulis
1015 1428 1321 1501 perficiant.

272 1505 357 1559 79.
400 1505 468 1559 At
486 1505 586 1575 qui
606 1505 893 1559 veritatem
914 1513 1060 1560 amat
1069 1503 1124 1578 ³¹⁵)
1139 1547 1151 1570 ,
1189 1514 1244 1561 et
1262 1509 1568 1578 praesentis
1586 1522 1759 1579 quae-

147 1581 353 1638 stionis
374 1580 701 1635 solutionem
721 1588 872 1651 optat
890 1589 1037 1636 certa
1056 1583 1438 1654 constantique
1454 1582 1753 1647 voluntate,

148 1658 208 1712 is
240 1655 427 1710 lucido
457 1672 520 1709 ac
539 1654 693 1709 fideli
715 1655 897 1710 animo
916 1657 1092 1712 cernit
1111 1657 1398 1712 evidenter
1416 1656 1760 1712 satisfactum

146 1731 336 1788 fuisse
373 1730 507 1783 huic
544 1730 977 1802 interrogationi.
1054 1733 1196 1786 Nam
1231 1733 1282 1785 ei
1315 1732 1426 1786 alio
1453 1739 1618 1801 atque
1649 1731 1757 1786 alio

145 1803 324 1862 modo
344 1804 575 1858 consilia
594 1811 1049 1870 transmutentur,
1083 1806 1338 1860 oberrant
1356 1821 1384 1859 a
1405 1803 1754 1860 rectitudine.

148 1883 369 1940 Verum
394 1878 537 1933 illud
564 1887 689 1936 ante
715 1882 897 1936 omnia
928 1897 1192 1952 quaerere
1219 1887 1456 1951 oportet,
1501 1895 1644 1933 anne
1671 1895 1760 1934 er-

146 1972 290 2014 rans
312 1954 599 2025 delinquat
616 1955 732 2019 ille,
757 1957 855 2028 qui
878 1955 1188 2011 libertatem
1205 1954 1446 2009 hominis
1463 1952 1757 2008 abscidens

144 2031 346 2089 omnia
367 2029 629 2085 adscribit
686 2029 1147 2103 enethlialogiae‘?
1193 2029 1257 2084 Id
1274 2029 1438 2083 modo
1455 2027 1757 2099 multiplici

145 2106 583 2178 interrogatione
608 2046 685 2180 [ἦ
704 2106 1117 2179 indagabimuS.
1185 2103 1267 2158 An
1289 2104 1503 2157 scilicet
1521 2111 1758 2158 rectores

147 2181 449 2239 civitatum
468 2188 713 2254 oporteat
730 2182 999 2236 sententia
1021 2180 1214 2234 mortis
1235 2177 1670 2254 animadvertere
1697 2179 1757 2232 in

147 2256 361 2320 maloS,
394 2258 603 2328 quippe
622 2257 723 2328 qui
744 2271 853 2311 non
874 2256 1049 2310 libero
1071 2255 1297 2310 arbitrio
1319 2254 1462 2308 mala
1487 2252 1752 2316 fecerunt,

149 2332 257 2388 sed
278 2331 457 2386 stellis
475 2332 701 2386 mutatis
720 2332 780 2385 in
810 2330 955 2386 mala
984 2337 1236 2394 ruentes,
1279 2330 1452 2384 vitam
1479 2329 1780 2401 propriam.

150 2407 271 2480 ipsi
307 2423 407 2478 per
440 2423 500 2461 se
528 2416 675 2462 recte
704 2405 907 2462 ducere
937 2407 1333 2476 nequiverunt,
1376 2421 1447 2459 ex
1474 2403 1758 2476 tyrannica

154 2491 431 2538 astromm
456 2483 700 2552 potentia
726 2497 827 2553 per
854 2481 972 2536 vim
1000 2479 1192 2536 ducti?

272 2559 360 2610 80.
398 2558 537 2610 Nam
556 2573 701 2628 quae
718 2556 817 2611 illa
836 2564 921 2611 est
937 2556 1151 2610 iustitia
1166 2597 1179 2620 ,
1210 2572 1302 2611 eos
1323 2555 1421 2627 qui
1443 2554 1608 2611 inviti
1626 2569 1760 2628 pec—

258 2697 303 2744 2)
339 2708 376 2736 s.
402 2673 603 2746 negative
639 2709 738 2737 eum
764 2699 1119 2746 interrogatione:
1171 2698 1368 2747 Alioquin
1394 2707 1526 2740 nonne
1550 2701 1758 2740 studiosus

150 2749 345 2789 veritatis
374 2775 387 2787 .
408 2775 421 2787 .
442 2775 454 2787 .
472 2748 491 2786 ἲ
541 2747 703 2788 Auch.
