2125 3084
333 198 435 252 322
566 201 765 246 PHIL.
803 200 954 248 mn.
998 199 1322 259 QUAEs'r.
1360 200 1459 246 ET
1498 200 1664 246 SOL.
1702 195 1789 260 [IL
1814 197 1952 262 473]

335 302 461 356 aliis
491 307 779 371 usurpata3
821 301 1087 372 quoniam
1114 298 1259 354 nihil
1300 297 1482 354 differt
1514 315 1615 369 per
1651 316 1711 353 se
1750 300 1951 370 ipsum

333 376 520 430 dicere
539 382 631 430 aut
653 374 826 428 alium
845 375 1082 428 invitare
1095 414 1109 438 ‚
1151 381 1213 428 ut
1233 372 1381 428 dicat
1399 374 1644 427 omnino.

338 530 458 594 chr,
513 539 772 608 postquam
809 528 1018 607 ‘dixer-it,
1090 529 1203 578 deos
1244 544 1345 606 non·
1394 527 1741 607 blasphemqre,
1814 529 1947 580 illico

518 597 710 659 aduxit,
765 595 952 646 ducens.-
1005 593 1226 659 „Neque
1260 598 1583 658 pnnczpes“?
1634 595 1753 658 (ib.)

443 701 496 752 6.
535 695 694 752 Sicut
724 696 872 751 enim
898 697 1089 766 poe'tae
1118 695 1339 750 dicunt:
1384 696 1630 750 Proximi
1658 695 1847 750 sobole
1888 707 1947 752 et

337 772 508 827 vicini
528 770 880 843 generatione
903 769 1267 840 eiusdemque
1286 769 1517 824 seminis
1539 786 1667 824 cum
1676 769 1787 823 diis
1808 779 1947 824 sunt

331 847 616 918 principes
631 886 644 909 ,
678 845 942 916 quoniam
962 842 1132 898 duces
1152 843 1462 907 constituti,
1502 851 1563 898 ut
1590 845 1701 914 ipsi
1720 843 1935 908 dicunt,

330 921 541 974 bonum
571 935 634 973 ac
664 919 873 973 malum
899 917 1080 972 facere
1108 917 1179 972 ob
1210 917 1443 972 liberam
1461 925 1784 988 potestatem
1804 934 1940 988 pos-

333 1002 482 1049 sunt.
549 991 804 1048 Secundo
823 1009 953 1047 cura
973 991 1213 1065 gerenda
1230 991 1481 1046 omnium
1502 992 1735 1046 aliorum
1756 992 1938 1046 homi-

332 1084 494 1131 num,
538 1084 608 1121 ne
643 1066 879 1122 subeant
913 1065 1313 1121 inexorabilem
1350 1081 1611 1136 poenam3
1674 1066 1937 1136 quoniam

333 1141 778 1196 maledictionem
799 1139 1087 1196 audientes
1105 1141 1387 1211 principes
1406 1157 1437 1194 a
1459 1139 1771 1195 dicentibus
1788 1180 1800 1203 ‚
1824 1155 1935 1194 non

331 1232 431 1286 per
479 1214 753 1269 iudicium
802 1214 1107 1270 vindictam
1160 1215 1413 1284 capiunt,
1482 1214 1581 1268 sed
1630 1213 1936 1268 absolutam

331 1295 602 1358 usurpant
631 1289 748 1342 vim
784 1288 853 1342 ad
891 1287 1363 1342 damnificandum
1398 1289 1642 1343 omnino.
1731 1288 1931 1352 Tei-tic,

330 1378 440 1416 non
469 1377 570 1431 pro
596 1362 748 1414 omni
776 1362 1030 1432 principe
1058 1363 1281 1417 videtur
1311 1361 1491 1433 legem
1523 1361 1691 1426 ferre,
1734 1361 1833 1415 sed
1862 1361 1936 1416 de

331 1451 396 1487 eo
411 1473 424 1496 ‚
467 1434 568 1502 qui
593 1443 810 1502 praeest
834 1436 1097 1490 universo
1119 1436 1325 1507 populo
1340 1476 1353 1499 ,
1396 1443 1561 1507 atque
1580 1436 1779 1490 ducem
1795 1451 1936 1507 gen-

332 1508 405 1560 tis
433 1506 743 1561 secundum
768 1507 1025 1573 Iudaeos,
1074 1511 1279 1565 virtute
1312 1509 1626 1580 praeditum
1654 1510 1935 1564 hominem

329 1581 705 1651 praepositum
721 1623 733 1646 ‚
767 1582 949 1638 innuit
969 1583 1161 1638 multis
1180 1583 1369 1638 rebus.
1449 1583 1743 1654 Siquidem
1764 1601 1793 1638 a
1812 1584 1936 1639 viro

329 1655 475 1709 bono
495 1654 838 1727 blasphemia
867 1656 1047 1712 aliena
1074 1667 1181 1721 est,
1238 1655 1311 1730 [³¹⁶]
1337 1657 1579 1713 laudatio
1606 1666 1788 1713 autem
1814 1675 1936 1712 ma—

330 1731 418 1802 gis
439 1729 730 1785 familiaris
746 1751 757 1784 :
772 1731 914 1785 nihil
935 1733 1085 1786 enim
1105 1740 1189 1786 est
1208 1731 1344 1786 adeo
1364 1731 1634 1788 inducens
1654 1732 1725 1786 ad
1744 1749 1935 1788 curam

331 1804 642 1859 habendam
657 1847 669 1870 ‚
719 1806 862 1861 sicut
882 1806 1056 1861 bonae
1078 1806 1255 1862 famae
1275 1805 1415 1860 laus,

422 1942 552 2002 Quid
583 1955 652 1995 est
695 1945 858 2010 „Non
893 1947 1153 2011 apparebis⁸
1186 1947 1235 1996 t‘n
1270 1956 1519 2012 conspectu
1552 1963 1652 1998 meo
1686 1947 1849 1996 vacuis

835 2016 1129 2064 manibus“?
1181 2015 1419 2079 (23,15.)

441 2112 495 2166 Ι7.
537 2113 742 2170 Littera
770 2114 892 2168 vult
921 2114 1245 2169 accedentes
1276 2115 1344 2169 ad
1371 2132 1522 2169 aram
1550 2115 1641 2170 dei
1669 2113 1852 2185 plenis
1872 2113 1935 2166 id

328 2185 586 2240 manibus
617 2186 821 2253 facere,
875 2188 1148 2244 afferendo
1176 2189 1451 2261 primitias
1482 2205 1551 2243 ex
1578 2189 1729 2244 omni
1756 2188 1929 2250 victu,

329 2261 388 2314 in
416 2259 624 2330 quibus
653 2262 805 2316 nulla
834 2263 910 2314 sit
937 2262 1173 2316 macula.
1258 2262 1342 2316 Ad
1378 2270 1619 2317 mentem
1654 2278 1786 2316 vero
1822 2277 1933 2315 non

329 2341 412 2387 est
447 2333 769 2404 prohibitio.
848 2336 986 2388 Nam
1033 2337 1137 2390 etsi
1180 2336 1411 2390 dixerit:
1472 2338 1593 2392 Non
1636 2340 1932 2404 apparebis,

329 2406 428 2460 sed
458 2424 565 2461 non
593 2407 894 2478 prohibens
923 2411 1125 2477 quovis
1153 2410 1315 2466 modo
1344 2411 1507 2465 dixit.
1598 2411 1746 2465 Fieri
1780 2410 1936 2462 enim

327 2482 547 2551 nequit,
592 2497 720 2535 eum
747 2482 845 2552 qui
876 2481 934 2534 in
965 2494 1317 2554 conspectum
1351 2485 1444 2539 dei
1469 2487 1648 2548 venit,
1692 2499 1936 2538 vacuum

329 2569 448 2607 esse
464 2594 476 2616 ‚
519 2555 617 2608 sed
635 2556 820 2625 potius
839 2555 1069 2625 plenum
1096 2560 1309 2612 cunctis
1334 2559 1517 2613 bonis·
1596 2558 1754 2613 Sicut
1780 2557 1936 2610 enim

327 2627 426 2709 qui
449 2628 660 2682 accedit
687 2628 756 2680 ad
784 2629 990 2693 lucem,
1034 2630 1222 2687 subito
1246 2632 1620 2696 illuminatur,
1665 2633 1740 2685 ita
1764 2631 1935 2685 etiam

332 2713 427 2750 cu1
453 2708 680 2768 apparet
700 2700 839 2756 deus
855 2740 868 2765 ,
912 2704 1177 2774 impletur
1210 2713 1315 2761 tota
1336 2722 1437 2759 sua
1464 2707 1676 2760 anima:
1702 2709 1941 2777 spiritu-
