2125 3084
380 201 474 252 460
512 205 707 250 mm..
746 201 894 250 mn.
920 205 1070 250 ¹1.113.
1107 204 1208 249 ΒΕ
1241 202 1725 284 artmannus.
1775 181 2012 268 [mm]

373 303 715 378 gnificatum.
794 303 977 358 Facile
996 310 1082 358 est
1099 303 1249 358 enim
1267 304 1351 366 ei,
1389 303 1488 372 qui
1507 303 1642 356 velit
1655 343 1670 365 ‚
1707 303 2012 361 inhume-

371 397 461 435 ras
480 378 686 452 fingere
707 376 1039 432 differentias
1057 384 1110 433 et
1129 376 1396 432 vocabula
1422 377 1762 432 contentiosa
1777 419 1792 442 ,
1833 396 2004 450 quae

374 453 555 510 eidem
586 453 887 509 sententiae
916 451 1323 524 aequivaleant:
1369 459 1757 524 argumentum
1791 462 1998 509 autem

372 531 454 584 rei
484 525 701 584 firmum
728 535 781 582 et
807 525 1160 582 manifestum
1187 526 1416 596 recipiet
1441 527 1569 596 quis
1588 543 1660 580 ex
1679 542 1745 582 eo
1762 567 1775 590 ‚
1827 530 1993 598 quod

376 603 651 658 auditores
688 603 842 658 vario
872 599 945 676 [Ἴ
979 600 1142 656 modo
1179 601 1497 672 concipiunt
1535 609 1588 654 et
1625 617 1736 654 non
1778 602 1990 658 eadem

372 693 589 744 omnes3
631 693 731 731 neo
762 677 909 732 enim
929 674 1001 730 ad
1017 676 1188 732 instar
1209 675 1520 730 blaesorum
1537 673 1988 731 balbutientium

374 761 457 808 est
514 768 681 806 sonus
736 751 963 804 istorum
1018 749 1402 822 (animantium
1455 765 1519 803 ac
1570 749 1988 806 instrumento-

372 823 516 898 rum)
532 866 544 890 ,
570 823 669 880 sed
686 824 969 880 tenebrosa
990 825 1398 896 comperiuntur
1418 823 1602 880 omnia
1616 863 1628 886 ,
1659 839 1810 894 quae
1831 825 1986 896 poli-

370 909 425 956 ta
445 917 579 956 voce
600 916 662 956 ac
681 899 883 954 diserte
902 899 1298 971 pronunciante
1317 905 1464 953 certo
1483 899 1799 970 privantur.

489 1005 602 1056 ⁴00.
642 1001 965 1056 Desinemus
994 1001 1182 1070 itaque
1207 998 1624 1054 obmurmurare
1653 1009 1843 1056 eontra
1869 1020 1978 1056 na·-

370 1089 577 1140 turam,
602 1084 656 1130 et
674 1075 1011 1147 impietatem
1029 1073 1240 1128 subire.
1305 1071 1772 1144 Quandoquidem
1789 1093 1974 1148 usque

370 1151 441 1206 ad
460 1149 693 1222 gradum
712 1150 938 1204 humani
958 1149 1176 1221 generis
1200 1147 1462 1202 extollere
1490 1149 1842 1206 immerentia
1857 1193 1870 1215 ,
1913 1161 1974 1206 et

368 1223 617 1295 indignis
656 1223 985 1279 distribuere
1020 1223 1297 1294 aequalia,
1348 1240 1562 1278 summa
1601 1234 1688 1278 est
1725 1225 1964 1280 iniuria:

366 1307 485 1352 tum
516 1297 827 1369 vituperare
854 1298 980 1354 illos
1016 1297 1115 1370 (se.
1157 1297 1454 1370 homines),
1505 1299 1605 1369 qui
1633 1298 1970 1372 dignitatem

367 1371 535 1444 primi
564 1371 770 1442 gradus
798 1389 870 1426 ex
895 1381 1087 1426 natura
1113 1373 1291 1426 sortiti
1317 1381 1444 1426 sunt
1474 1371 1553 1444 ³¹⁵),
1598 1382 1653 1428 et
1681 1377 1969 1447 egregiam

367 1445 719 1500 sobrietatem
749 1445 1060 1500 adscribere
1089 1447 1306 1520 ignavis
1346 1463 1408 1500 ao
1442 1448 1663 1521 exiguis
1701 1450 1970 1504 minime-

366 1535 476 1590 que
499 1520 889 1590 apparentibus
910 1519 1185 1577 bestiolis.

466 1685 509 1736 ⁴⁵)
553 1687 661 1726 Plin.
696 1685 798 1734 vn,
842 1688 887 1725 1:
934 1685 1268 1736 „Animantium
1299 1688 1342 1727 in
1377 1688 1526 1726 eodem
1559 1689 1760 1736 (mundo)
1795 1695 1964 1738 natura,

364 1738 523 1778 nullius
554 1747 683 1787 prope
716 1737 849 1787 partis
884 1739 1244 1788 contemplatione
1277 1739 1412 1778 minor
1444 1741 1532 1783 est,
1577 1739 1796 1787 siquidem
1821 1743 1968 1780 omnia

363 1789 539 1838 exsequi
571 1789 782 1829 humanus
817 1789 982 1828 artimus
1015 1793 1160 1838 queat.
1212 1790 1470 1838 Principium
1501 1789 1596 1828 iure
1630 1791 1852 1832 tribuetur
1883 1795 1966 1832 ho·-

367 1841 491 1888 mini,
531 1841 651 1880 culus
678 1849 805 1881 eausa
830 1839 999 1882 videtur
1024 1843 1180 1880 cuneta
1204 1839 1287 1880 aua
1311 1839 1509 1888 genuisse
1533 1843 1744 1882 natura-‘⁸
1799 1843 1963 1882 Auen.
