2125 3084
181 180 267 247 [11‚
292 180 411 247 ιιι]
818 188 918 233 DE
964 189 1136 249 nno.
1743 189 1776 237 ὸ

158 302 323 357 ,opus
350 284 705 347 artificiosum
720 325 733 348 ,
766 290 915 340 hum
952 304 1299 359 corrumpere
1337 305 1464 343 eum
1500 289 1776 346 dicimus?

179 361 427 415 Minime.
506 359 777 425 Quoniam
814 372 997 417 manet
1028 356 1178 417 colo'r
1209 363 1268 417 in
1299 362 1488 418 tabula
1513 373 1566 419 et
1594 381 1685 419 aes
1714 367 1772 420 in

180 443 357 490 statua
372 474 385 501 ‚
422 442 477 490 et
494 452 628 490 saxa
649 435 909 507 lignaque
929 438 987 491 in
1010 436 1280 492 aedificiis
1294 478 1307 502 ,
1349 445 1512 510 atque
1533 448 1773 495 caeterae

178 510 439 565 materiae
457 510 518 564 in
536 509 789 583 singulis·
798 510 963 566 rebus
981 513 1217 584 peractis
1232 530 1244 579 ;
1271 521 1494 567 manent
1512 522 1694 569 autem
1714 516 1774 569 in

178 585 405 640 meliore
422 584 661 657 quadam
682 585 1026 651 habitudine,
1056 588 1291 658 receptis
1311 589 1369 641 in
1391 604 1450 642 se
1470 588 1664 661 figura,
1685 606 1775 643 or-

178 660 313 715 dine
332 669 385 715 et
412 661 695 733 qualitate.
776 660 961 716 Simili
991 661 1154 717 modo
1183 670 1236 717 et
1264 660 1428 726 deus,
1467 663 1772 718 secundum

174 736 364 792 Mosen
383 750 683 806 omnesque
701 735 1007 792 secundum
1027 737 1190 791 illum
1209 734 1562 810 physiologos
1581 736 1769 803 factos,

176 818 464 865 consumet
492 810 746 865 materias
761 852 775 876 ,
813 828 921 867 non
942 810 1012 866 ad
1033 810 1276 866 nihilum
1295 821 1514 868 vertens
1529 854 1542 877 ,
1582 812 1679 867 sed
1702 830 1773 867 ex

175 885 411 941 adverso
441 885 509 939 de
538 885 715 941 nihilo
733 887 790 947 in
812 886 1194 953 exsistentiam
1213 886 1422 941 ducens
1443 904 1773 944 conservan-

173 960 307 1015 dam
322 1001 335 1024 ,
365 969 555 1033 estque
575 960 633 1017 in
652 961 867 1017 cunctis
888 961 1086 1017 salutis
1105 978 1290 1020 causa.

293 1087 346 1137 8.
386 1083 521 1137 Eam
546 1100 688 1157 quae
714 1085 949 1142 crassior
976 1104 1040 1141 ac
1069 1086 1289 1142 densior
1317 1094 1371 1142 et
1391 1088 1612 1161 gravior
1630 1087 1774 1143 inter

171 1158 436 1215 materias
456 1166 554 1224 est,
584 1162 924 1234 consumpsit
945 1162 1003 1216 in
1024 1170 1198 1217 terrae
1218 1162 1609 1239 substantiam3
1635 1163 1772 1217 sub-

170 1235 419 1290 tiliorem
440 1241 620 1289 autem
640 1243 693 1290 et
713 1236 974 1291 leviorem
994 1237 1052 1291 in
1074 1238 1221 1309 ignis
1241 1238 1672 1310 generationem3
1711 1239 1770 1291 in

173 1325 354 1381 aquae
374 1302 716 1365 subtiliorem
731 1351 744 1375 ‚
776 1318 951 1368 terrae
973 1313 1296 1367 crassiorem
1311 1354 1324 1377 ,
1357 1313 1506 1389 ignis
1527 1320 1580 1367 et
1597 1330 1770 1385 aquae

172 1385 357 1457 magis
378 1384 587 1439 aeream
607 1416 683 1427 —-
700 1386 842 1441 nihil
863 1388 1012 1442 enim
1034 1397 1186 1443 extra
1209 1386 1345 1442 haec
1363 1395 1545 1443 manet
1563 1408 1664 1442 -ε
1687 1396 1770 1442 at·-

171 1477 286 1533 que
314 1468 546 1533 quatuor
573 1460 727 1526 illas,
788 1462 1037 1517 omnium
1073 1458 1348 1536 principia
1363 1502 1378 1529 ,
1417 1464 1672 1518 materias
1709 1464 1770 1538 in

171 1536 389 1604 cunctis
416 1536 786 1609 consumpsit,
825 1546 888 1593 ut
916 1536 1065 1603 dixi,
1107 1555 1214 1594 non
1239 1539 1433 1594 volens
1467 1540 1772 1612 corruptio-

168 1628 329 1677 nem,
360 1610 461 1667 sed
478 1611 733 1666 salutem.
1664 1627 1672 1635 ·

289 1739 342 1789 9.
382 1736 458 1789 De
488 1737 757 1791 creatione
787 1754 916 1793 vero
940 1737 1190 1792 universi
1221 1737 1411 1808 loquar
1437 1737 1506 1792 ad
1531 1737 1772 1808 proban-

172 1812 313 1867 dum
350 1808 411 1863 id
426 1850 439 1874 ‚
479 1810 628 1881 quod
666 1810 981 1867 audivimus
996 1853 1008 1876 ‚
1044 1811 1344 1883 Seraphim
1383 1810 1632 1883 singulos
1670 1827 1770 1864 sex

174 1887 293 1942 alas
306 1884 586 1949 habuisse,
600 1902 832 1956 quarum
848 1884 921 1963 [Ἴ
937 1886 1154 1947 duabus
1164 1885 1334 1957 pedes
1345 1893 1398 1939 et
1409 1884 1624 1939 duabus
1639 1884 1770 1939 vul—

170 1971 267 2017 tus
287 1958 625 2031 operiebant,
651 1960 867 2016 duabus
888 1970 1070 2017 autem
1089 1959 1330 2017 residuis
1351 1958 1554 2014 volare.
1596 1958 1769 2013 Valde

171 2034 517 2091 naturaliter.
576 2035 845 2101 Quoniam
863 2054 961 2109 pes
980 2035 1295 2103 inscript-em
1316 2042 1526 2104 partem
1545 2034 1768 2089 sortitus

172 2119 260 2168 est
279 2110 523 2181 corporis
536 2150 549 2173 ,
582 2119 636 2165 et
660 2112 850 2167 vultus
868 2112 1228 2184 superiorem.
1307 2107 1499 2165 Mundi
1519 2125 1650 2163 vero
1670 2108 1771 2161 ba-

171 2188 255 2243 sis
275 2186 421 2240 sicut
440 2184 610 2257 pedes
629 2194 761 2241 sunt
776 2195 919 2241 terra
938 2194 993 2241 et
1012 2180 1366 2257 aqua,'facies
1387 2191 1587 2248 autem,
1607 2184 1768 2255 quasi

170 2260 392 2324 vultule,
436 2262 527 2316 ae'r
560 2269 614 2315 et
650 2258 889 2317 caelum:
932 2262 1090 2316 Eutis
1129 2269 1310 2315 autem
1347 2260 1583 2314 virtutes
1615 2257 1770 2313 velut

170 2352 335 2391 crura
354 2350 543 2389 eorum
571 2335 641 2390 ab
660 2334 803 2391 ‘orbe
830 2337 889 2390 in
915 2335 1104 2390 orbem
1135 2342 1386 2402 extensa3
1439 2341 1492 2387 et
1520 2332 1770 2389 universi

170 2409 346 2485 pedes
360 2408 695 2474 ,oinferiores
721 2426 918 2481 nempe
941 2411 1122 2485 ipsius
1141 2411 1398 2467 materiae
1417 2416 1626 2480 partes,
1653 2415 1769 2463 'ter-

172 2501 293 2541 ram
312 2492 368 2538 et
387 2492 587 2561 aquam
607 2478 770 2556 atq‘ue
790 2486 1036 2550 vultum,
1057 2486 1180 2540 aera
1201 2486 1465 2540 nimirum
1483 2492 1535 2538 et
1553 2483 1768 2538 caelum

150 2559 245 2615 -ad
272 2560 557 2630 superiora
584 2559 871 2615 tendentes
900 2569 1124 2615 naturas
1152 2560 1526 2615 includentem
1553 2558 1624 2614 ad
1651 2574 1770 2612 me·-

175 2634 287 2691 lius
316 2633 757 2689 conservandum
784 2642 1098 2707 protegunt.
1175 2635 1560 2691 Verumtamen
1582 2633 1768 2689 nullae

175 2724 247 2765 ex
274 2707 459 2764 solitis
482 2708 747 2764 creaturis
784 2726 815 2763 a
844 2710 1004 2783 longe
1032 2710 1239 2766 distant
1273 2709 1389 2765 ullo
1427 2708 1588 2765 modo
1601 2750 1614 2775 ,
1669 2708 1767 2763 sed
