2125 3084
166 201 229 266 [1‚
252 197 314 264 4.]
438 200 541 248 ΒΕ
578 199 1127 250 PROVIDENTIA
1161 201 1416 252 ammo
1455 205 1492 247 1.
1703 199 1766 251 ⁴3

277 302 340 358 Si
378 301 567 373 itaque
608 299 790 372 quoad
830 317 1015 356 rerum
1053 318 1244 356 curam
1281 301 1556 374 inculpat,
1608 302 1770 360 datur

166 376 538 452 providentia.
615 379 695 430 lta
716 384 799 430 est
808 375 883 448 ⁴⁶⁵).

279 452 512 508 Athona
533 459 687 506 estne
706 449 1093 522 providentia?
1127 451 1274 506 Bona
1299 467 1451 506 sane.

275 525 708 598 Improvidentia
749 534 930 581 tamen
969 543 1079 583 non
1119 535 1202 581 est
1239 525 1402 580 bona.
1479 526 1602 581 Non
1639 543 1768 599 ergo

163 601 656 675 improvidentiam
677 601 798 657 dari
819 601 958 657 dicit
992 602 1070 667 is,
1111 603 1211 674 qui
1231 601 1450 657 incusat
1465 600 1769 673 providen-

162 681 320 734 tiam.
397 680 500 732 lta.
1279 709 1293 723 .

277 753 443 808 Novit
462 768 592 824 ergo
611 751 1039 823 providentiam.
1118 749 1375 806 Omnino.

278 827 438 895 Quod
458 836 641 888 autem
663 827 867 890 noscit,
892 826 1130 881 habetne
1147 827 1206 880 in
1225 824 1444 881 animo?
1468 825 1689 897 Utique.

275 901 434 968 Quod
454 919 585 958 vero
605 901 772 957 habet
792 910 885 956 aut
902 900 1102 957 didicit
1119 910 1214 957 aut
1231 901 1445 956 invenit
1465 910 1559 962 aut
1578 918 1649 957 ex
1667 918 1768 960 na-

158 989 288 1035 tura
309 979 417 1032 iam
438 977 620 1033 habet.
699 979 777 1032 Ita
804 985 905 1032 est.

276 1050 580 1110 Accusatne
604 1049 1128 1134 improvidentiam?
1163 1051 1364 1112 Etiam

180 1187 189 1194 ’
282 1196 334 1248 4.
375 1194 573 1249 Porro
556 1210 677 1265 ipse
698 1201 898 1265 parsne
918 1203 1003 1249 est
1020 1193 1309 1250 universi?
1343 1194 1452 1261 Qui
1471 1192 1618 1249 non?

277 1269 437 1333 Para,
478 1270 730 1341 inquam,
772 1286 901 1340 cum
921 1271 1183 1326 universo
1202 1267 1527 1325 coniuncta?
1562 1271 1768 1325 Nenos-r

159 1344 331 1400 sario:

278 1418 492 1490 Atqui
474 1437 524 1472 is
554 1420 651 1490 qui
682 1420 934 1474 universi
962 1427 1047 1475 est
1073 1437 1202 1491 pars
1227 1422 1490 1492 novitque
1517 1421 1767 1476 universi

160 1495 595 1567 providentiam,
640 1512 865 1550 necesso
902 1503 983 1550 est
1015 1504 1076 1550 ut
1105 1495 1175 1551 ab
1201 1496 1460 1552 universo
1497 1485 1636 1572 quid
1665 1495 1767 1550 ha·-

162 1569 289 1625 beat
317 1569 721 1643 providentiae.
802 1569 863 1624 Si
897 1587 1025 1642 ergo
1057 1571 1128 1626 ab
1155 1573 1414 1628 universo
1441 1565 1586 1642 quid
1600 1571 1768 1626 habet

161 1646 574 1718 providentiae,
624 1663 687 1700 eo
722 1643 871 1724 quod
901 1663 1028 1717 pars
1055 1655 1140 1702 e'st
1168 1647 1444 1711 universi,
1492 1646 1766 1719 quomode

162 1737 296 1793 ergo
314 1738 425 1776 non
446 1719 623 1774 aderit
641 1703 1026 1792 providentia?

278 1855 334 1908 5.
361 1848 661 1908 Caeterum
681 1856 778 1926 qui
800 1855 1080 1911 doctrinae
1098 1855 1282 1911 studio
1301 1870 1556 1938 operam
1543 1851 1654 1916 dat,
1684 1852 1766 1906 la—

162 1929 317 1983 boris
346 1929 539 1983 timore
569 1928 639 1984 ab
668 1931 1029 2002 expendenda
1062 1929 1136 2004 [³¹⁵]
1173 1948 1257 1994 re,
1307 1946 1475 2000 quam
1509 1915 1762 1998 inquirit,

162 2020 451 2074 nunquam
480 2003 771 2060 abstineat.
850 2006 1117 2073 Quamvis
1147 2006 1295 2059 enim
1324 2003 1574 2058 difficilis
1602 2010 1766 2075 captu

161 2079 415 2150 quaestio
443 2080 541 2143 sit,
585 2088 765 2136 tamen
794 2099 920 2136 cum
949 2081 1119 2136 huius
1151 2079 1343 2146 mundi
1370 2095 1618 2133 summae
1637 2077 1767 2165 pul-

162 2153 502 2208 chritudinis
532 2156 945 2228 cognoscendae
975 2172 1140 2210 causa
1177 2154 1625 2240 contemplationi
1658 2154 1768 2207 im-

161 2228 494 2294 morabitur,
538 2231 939 2286 animadvertet
975 2249 1104 2285 eum
1131 2232 1205 2286 ita
1236 2247 1356 2284 esse
1384 2229 1761 2292 constitutum,

162 2313 223 2358 ut
243 2321 344 2376 per
362 2314 571 2375 parteS‚
628 2307 837 2377 quibus
864 2308 1194 2370 exstruitur,
1242 2323 1302 2360 ae
1322 2305 1507 2377 ipsum
1527 2303 1769 2358 declaret

162 2396 227 2434 ac
248 2379 318 2433 de
338 2397 399 2434 se
421 2380 694 2451 loquatur.
746 2381 885 2436 Hinc
903 2381 1001 2452 qui
1021 2382 1261 2454 optimae
1281 2380 1411 2436 fidei
1431 2397 1554 2436 esse
1572 2379 1767 2435 existi-

265 2553 310 2602 .)
338 2553 500 2594 Sensus
527 2557 628 2595 erit·
664 2555 763 2603 Ipse
790 2563 965 2604 prorsus
991 2559 1216 2595 aecusator
1227 2555 1532 2606 providentiae
1557 2557 1627 2602 (eo
1653 2553 1768 2604 quod

160 2607 310 2654 aliqua
336 2606 428 2644 elus
455 2616 585 2654 opera
610 2608 697 2645 noli
700 2611 719 2645 t
744 2605 961 2654 probare),
999 2607 1184 2646 fateatur
1209 2617 1383 2646 necesse
1410 2610 1495 2654 est,
1531 2606 1645 2655 quod
1669 2615 1767 2655 pro·

160 2657 377 2702 videntia,
423 2666 557 2704 eaque
590 2659 771 2705 optima,
818 2658 991 2697 omnino
1024 2660 1083 2697 nit
1113 2659 1367 2698 necessaria.
1429 2657 1526 2708 Quo
1561 2665 1766 2697 concesso

160 2707 290 2797 {aciae
318 2705 540 2799 duflum&
564 2708 769 2748 ridiculae
794 2709 1108 2749 accusationes.
1123 2709 1332 2748 humma·
1366 2708 1420 2749 de
1453 2709 1598 2748 divina
1621 2707 1766 2758 provi-

192 2767 247 2798 en
284 2767 325 2806 a,
425 2765 486 2796 uc
