<?xml version="1.0" encoding="UTF-8"?>
<!DOCTYPE html PUBLIC "-//W3C//DTD XHTML 1.0 Transitional//EN"
    "http://www.w3.org/TR/xhtml1/DTD/xhtml1-transitional.dtd">
<html xmlns="http://www.w3.org/1999/xhtml" xml:lang="en" lang="en">
 <head>
  <title>
</title>
<meta http-equiv="Content-Type" content="text/html;charset=utf-8" />
  <meta name='ocr-system' content='tesseract 3.04.00' />
  <meta name='ocr-capabilities' content='ocr_page ocr_carea ocr_par ocr_line ocrx_word'/>
</head>
<body>
  <div class='ocr_page' id='page_1' title='image "./philonisiudaeio00alejgoog_0392.png"; bbox 0 0 2125 3084; ppageno 0'>
   <div class='ocr_carea' id='block_1_1' title="bbox 204 158 1802 246">
    <p class='ocr_par' dir='ltr' id='par_1_1' title="bbox 204 158 1802 246">
     <span class='ocr_line' id='line_1_1' title="bbox 204 158 1802 246; baseline 0.005 -33"><span class='ocrx_word' id='word_1_1' title='bbox 204 160 289 227; x_wconf 71' lang='lat' dir='ltr'>[IL</span> <span class='ocrx_word' id='word_1_2' title='bbox 315 158 431 225; x_wconf 66' lang='lat'>533]</span> <span class='ocrx_word' id='word_1_3' title='bbox 572 165 653 211; x_wconf 82' lang='lat' dir='ltr'>IN</span> <span class='ocrx_word' id='word_1_4' title='bbox 688 167 1024 246; x_wconf 41' lang='lat' dir='ltr'>QXODUM.</span> <span class='ocrx_word' id='word_1_5' title='bbox 1065 170 1320 215; x_wconf 73' lang='lat' dir='ltr'>SERMO</span> <span class='ocrx_word' id='word_1_6' title='bbox 1358 174 1420 217; x_wconf 88' lang='lat'>11.</span> <span class='ocrx_word' id='word_1_7' title='bbox 1701 168 1802 221; x_wconf 78' lang='lat'>377</span> 
     </span>
    </p>
   </div>
   <div class='ocr_carea' id='block_1_2' title="bbox 198 265 1800 643">
    <p class='ocr_par' dir='ltr' id='par_1_2' title="bbox 198 265 1800 643">
     <span class='ocr_line' id='line_1_2' title="bbox 204 265 1800 341; baseline 0.006 -18"><span class='ocrx_word' id='word_1_8' title='bbox 204 277 347 323; x_wconf 84' lang='lat' dir='ltr'>amat</span> <span class='ocrx_word' id='word_1_9' title='bbox 393 265 658 322; x_wconf 81' lang='lat' dir='ltr'>divinitas</span> <span class='ocrx_word' id='word_1_10' title='bbox 672 306 687 331; x_wconf 86' lang='lat'><strong>,</strong></span> <span class='ocrx_word' id='word_1_11' title='bbox 754 284 857 322; x_wconf 89' lang='lat' dir='ltr'>nec</span> <span class='ocrx_word' id='word_1_12' title='bbox 902 278 1282 341; x_wconf 78' lang='lat' dir='ltr'><strong>paupertatem</strong></span> <span class='ocrx_word' id='word_1_13' title='bbox 1328 270 1528 327; x_wconf 85' lang='lat' dir='ltr'>taedet.</span> <span class='ocrx_word' id='word_1_14' title='bbox 1621 276 1800 332; x_wconf 89' lang='lat' dir='ltr'>Tertio</span> 
     </span>
     <span class='ocr_line' id='line_1_3' title="bbox 200 341 1800 416; baseline 0.006 -19"><span class='ocrx_word' id='word_1_15' title='bbox 200 349 520 414; x_wconf 79' lang='lat' dir='ltr'>quadratum</span> <span class='ocrx_word' id='word_1_16' title='bbox 535 341 847 416; x_wconf 81' lang='lat' dir='ltr'>symbolum</span> <span class='ocrx_word' id='word_1_17' title='bbox 878 352 989 407; x_wconf 69' lang='lat' dir='ltr'>est,</span> <span class='ocrx_word' id='word_1_18' title='bbox 1028 351 1337 400; x_wconf 78' lang='lat' dir='ltr'>constanter</span> <span class='ocrx_word' id='word_1_19' title='bbox 1355 348 1583 403; x_wconf 85' lang='lat' dir='ltr'>omnino</span> <span class='ocrx_word' id='word_1_20' title='bbox 1597 348 1800 408; x_wconf 88' lang='lat' dir='ltr'>debere</span> 
     </span>
     <span class='ocr_line' id='line_1_4' title="bbox 200 417 1800 489; baseline 0.005 -16"><span class='ocrx_word' id='word_1_21' title='bbox 200 430 346 474; x_wconf 75' lang='lat' dir='ltr'>stare</span> <span class='ocrx_word' id='word_1_22' title='bbox 366 434 493 473; x_wconf 86' lang='lat' dir='ltr'>eum</span> <span class='ocrx_word' id='word_1_23' title='bbox 508 458 520 482; x_wconf 89' lang='lat'><strong>‚</strong></span> <span class='ocrx_word' id='word_1_24' title='bbox 562 418 663 489; x_wconf 84' lang='lat' dir='ltr'>qui</span> <span class='ocrx_word' id='word_1_25' title='bbox 681 417 837 473; x_wconf 82' lang='lat' dir='ltr'>offert</span> <span class='ocrx_word' id='word_1_26' title='bbox 860 418 1195 475; x_wconf 86' lang='lat' dir='ltr'>sacrificium</span> <span class='ocrx_word' id='word_1_27' title='bbox 1211 461 1224 485; x_wconf 89' lang='lat'>‚</span> <span class='ocrx_word' id='word_1_28' title='bbox 1264 420 1420 476; x_wconf 90' lang='lat' dir='ltr'>nullo</span> <span class='ocrx_word' id='word_1_29' title='bbox 1437 422 1598 477; x_wconf 90' lang='lat' dir='ltr'>modo</span> <span class='ocrx_word' id='word_1_30' title='bbox 1617 427 1800 481; x_wconf 89' lang='lat' dir='ltr'>anima</span> 
     </span>
     <span class='ocr_line' id='line_1_5' title="bbox 200 493 1800 569; baseline 0.004 -20"><span class='ocrx_word' id='word_1_31' title='bbox 200 493 493 549; x_wconf 85' lang='lat' dir='ltr'>deficiente</span> <span class='ocrx_word' id='word_1_32' title='bbox 513 510 577 548; x_wconf 88' lang='lat' dir='ltr'>ac</span> <span class='ocrx_word' id='word_1_33' title='bbox 596 493 941 549; x_wconf 81' lang='lat' dir='ltr'>claudicante</span> <span class='ocrx_word' id='word_1_34' title='bbox 954 512 985 559; x_wconf 79' lang='grc'>,’</span> <span class='ocrx_word' id='word_1_35' title='bbox 1010 494 1112 550; x_wconf 89' lang='lat' dir='ltr'>sed</span> <span class='ocrx_word' id='word_1_36' title='bbox 1140 496 1353 568; x_wconf 85' lang='lat' dir='ltr'>integro</span> <span class='ocrx_word' id='word_1_37' title='bbox 1373 497 1648 569; x_wconf 88' lang='lat' dir='ltr'>plenoque</span> <span class='ocrx_word' id='word_1_38' title='bbox 1669 517 1800 556; x_wconf 82' lang='lat' dir='ltr'>con·-</span> 
     </span>
     <span class='ocr_line' id='line_1_6' title="bbox 198 568 1560 643; baseline 0 -18"><span class='ocrx_word' id='word_1_39' title='bbox 198 570 329 625; x_wconf 84' lang='lat' dir='ltr'>silio</span> <span class='ocrx_word' id='word_1_40' title='bbox 341 610 355 634; x_wconf 94' lang='lat'>,</span> <span class='ocrx_word' id='word_1_41' title='bbox 395 575 541 624; x_wconf 85' lang='lat' dir='ltr'>recte</span> <span class='ocrx_word' id='word_1_42' title='bbox 560 568 819 625; x_wconf 82' lang='lat' dir='ltr'>tendente</span> <span class='ocrx_word' id='word_1_43' title='bbox 838 570 909 625; x_wconf 90' lang='lat' dir='ltr'>ad</span> <span class='ocrx_word' id='word_1_44' title='bbox 929 570 1229 643; x_wconf 82' lang='lat' dir='ltr'>gratiarum</span> <span class='ocrx_word' id='word_1_45' title='bbox 1249 572 1560 627; x_wconf 87' lang='lat' dir='ltr'>actionem.-</span> 
     </span>
    </p>
   </div>
   <div class='ocr_carea' id='block_1_3' title="bbox 279 732 1729 801">
    <p class='ocr_par' dir='ltr' id='par_1_3' title="bbox 279 732 1729 801">
     <span class='ocr_line' id='line_1_7' title="bbox 279 732 1729 801; baseline 0.001 -16"><span class='ocrx_word' id='word_1_46' title='bbox 279 732 439 792; x_wconf 74' lang='lat' dir='ltr'>Quare</span> <span class='ocrx_word' id='word_1_47' title='bbox 470 734 974 797; x_wconf 71' lang='lat' dir='ltr'>‚‚alt2&#39;tudo“.altan⁰s</span> <span class='ocrx_word' id='word_1_48' title='bbox 1007 752 1068 785; x_wconf 73' lang='lat' dir='ltr'>ex</span> <span class='ocrx_word' id='word_1_49' title='bbox 1100 736 1298 800; x_wconf 67' lang='lat' dir='ltr'>„tribus</span> <span class='ocrx_word' id='word_1_50' title='bbox 1331 737 1577 786; x_wconf 65' lang='lat' dir='ltr'>cubin&#39;e“?</span> <span class='ocrx_word' id='word_1_51' title='bbox 1612 739 1729 801; x_wconf 86' lang='lat' dir='ltr'>(ib.)</span> 
     </span>
    </p>
   </div>
   <div class='ocr_carea' id='block_1_4' title="bbox 186 852 1797 2189">
    <p class='ocr_par' dir='ltr' id='par_1_4' title="bbox 186 852 1797 2189">
     <span class='ocr_line' id='line_1_8' title="bbox 318 852 1797 919; baseline 0.003 -12"><span class='ocrx_word' id='word_1_52' title='bbox 318 857 432 909; x_wconf 82' lang='grc'><strong>400.</strong></span> <span class='ocrx_word' id='word_1_53' title='bbox 473 855 677 909; x_wconf 78' lang='lat' dir='ltr'>Littera</span> <span class='ocrx_word' id='word_1_54' title='bbox 701 852 936 919; x_wconf 68' lang='lat' dir='ltr'>refiertur</span> <span class='ocrx_word' id='word_1_55' title='bbox 955 855 1025 910; x_wconf 92' lang='lat' dir='ltr'>ad</span> <span class='ocrx_word' id='word_1_56' title='bbox 1045 856 1419 911; x_wconf 88' lang='lat' dir='ltr'>ministerium</span> <span class='ocrx_word' id='word_1_57' title='bbox 1438 855 1797 917; x_wconf 86' lang='lat' dir='ltr'>uniuscuius-</span> 
     </span>
     <span class='ocr_line' id='line_1_9' title="bbox 194 929 1795 1005; baseline 0.003 -23"><span class='ocrx_word' id='word_1_58' title='bbox 194 946 309 1005; x_wconf 65' lang='lat' dir='ltr'>que</span> <span class='ocrx_word' id='word_1_59' title='bbox 338 929 683 988; x_wconf 83' lang='lat' dir='ltr'>sacerdotum</span> <span class='ocrx_word' id='word_1_60' title='bbox 696 971 710 993; x_wconf 90' lang='lat'>,</span> <span class='ocrx_word' id='word_1_61' title='bbox 754 934 814 985; x_wconf 83' lang='lat' dir='ltr'>ut</span> <span class='ocrx_word' id='word_1_62' title='bbox 832 930 1029 989; x_wconf 81' lang='lat' dir='ltr'>saltem</span> <span class='ocrx_word' id='word_1_63' title='bbox 1048 948 1218 1001; x_wconf 88' lang='lat' dir='ltr'>super</span> <span class='ocrx_word' id='word_1_64' title='bbox 1235 930 1571 987; x_wconf 81' lang='lat' dir='ltr'>soliditatem</span> <span class='ocrx_word' id='word_1_65' title='bbox 1591 939 1795 987; x_wconf 86' lang='lat' dir='ltr'>stantes</span> 
     </span>
     <span class='ocr_line' id='line_1_10' title="bbox 194 1004 1795 1079; baseline 0.003 -22"><span class='ocrx_word' id='word_1_66' title='bbox 194 1004 414 1077; x_wconf 82' lang='lat' dir='ltr'>possint</span> <span class='ocrx_word' id='word_1_67' title='bbox 432 1006 639 1060; x_wconf 82' lang='lat' dir='ltr'>servire</span> <span class='ocrx_word' id='word_1_68' title='bbox 652 1046 665 1069; x_wconf 90' lang='lat'>‚</span> <span class='ocrx_word' id='word_1_69' title='bbox 690 1004 851 1059; x_wconf 84' lang='lat' dir='ltr'>facile</span> <span class='ocrx_word' id='word_1_70' title='bbox 871 1013 1080 1071; x_wconf 87' lang='lat' dir='ltr'>ventre,</span> <span class='ocrx_word' id='word_1_71' title='bbox 1107 1007 1300 1076; x_wconf 89' lang='lat' dir='ltr'>eisque</span> <span class='ocrx_word' id='word_1_72' title='bbox 1319 1023 1460 1079; x_wconf 89' lang='lat' dir='ltr'>quae</span> <span class='ocrx_word' id='word_1_73' title='bbox 1481 1006 1586 1060; x_wconf 90' lang='lat' dir='ltr'>sub</span> <span class='ocrx_word' id='word_1_74' title='bbox 1605 1015 1795 1075; x_wconf 80' lang='lat' dir='ltr'>ventre</span> 
     </span>
     <span class='ocr_line' id='line_1_11' title="bbox 194 1078 1797 1154; baseline 0.001 -19"><span class='ocrx_word' id='word_1_75' title='bbox 194 1082 351 1135; x_wconf 85' lang='lat' dir='ltr'>intus</span> <span class='ocrx_word' id='word_1_76' title='bbox 378 1078 517 1144; x_wconf 89' lang='lat' dir='ltr'>sint,</span> <span class='ocrx_word' id='word_1_77' title='bbox 556 1079 855 1135; x_wconf 83' lang='lat' dir='ltr'>reconditis</span> <span class='ocrx_word' id='word_1_78' title='bbox 865 1080 918 1154; x_wconf 84' lang='lat'>*)</span> <span class='ocrx_word' id='word_1_79' title='bbox 944 1081 1017 1136; x_wconf 87' lang='lat' dir='ltr'>ob</span> <span class='ocrx_word' id='word_1_80' title='bbox 1036 1080 1200 1136; x_wconf 88' lang='lat' dir='ltr'>multi</span> <span class='ocrx_word' id='word_1_81' title='bbox 1219 1082 1416 1153; x_wconf 86' lang='lat' dir='ltr'>capitis</span> <span class='ocrx_word' id='word_1_82' title='bbox 1435 1081 1671 1151; x_wconf 84' lang='lat' dir='ltr'>bestiam</span> <span class='ocrx_word' id='word_1_83' title='bbox 1697 1100 1797 1136; x_wconf 90' lang='lat' dir='ltr'>cu-</span> 
     </span>
     <span class='ocr_line' id='line_1_12' title="bbox 194 1153 1794 1227; baseline 0.001 -18"><span class='ocrx_word' id='word_1_84' title='bbox 194 1153 519 1227; x_wconf 86' lang='lat' dir='ltr'>piditatem,</span> <span class='ocrx_word' id='word_1_85' title='bbox 560 1155 930 1227; x_wconf 87' lang='lat' dir='ltr'>ultimumque</span> <span class='ocrx_word' id='word_1_86' title='bbox 972 1158 1120 1211; x_wconf 90' lang='lat' dir='ltr'>circa</span> <span class='ocrx_word' id='word_1_87' title='bbox 1157 1173 1250 1211; x_wconf 88' lang='lat' dir='ltr'>cor</span> <span class='ocrx_word' id='word_1_88' title='bbox 1277 1156 1544 1221; x_wconf 84' lang='lat' dir='ltr'>furorem,</span> <span class='ocrx_word' id='word_1_89' title='bbox 1587 1157 1794 1213; x_wconf 86' lang='lat' dir='ltr'>malum</span> 
     </span>
     <span class='ocr_line' id='line_1_13' title="bbox 194 1228 1794 1305; baseline 0.001 -20"><span class='ocrx_word' id='word_1_90' title='bbox 194 1228 577 1301; x_wconf 73' lang='lat' dir='ltr'>consiliarium</span> <span class='ocrx_word' id='word_1_91' title='bbox 592 1270 605 1294; x_wconf 91' lang='lat'><strong>‚</strong></span> <span class='ocrx_word' id='word_1_92' title='bbox 628 1239 691 1286; x_wconf 89' lang='lat' dir='ltr'>ut</span> <span class='ocrx_word' id='word_1_93' title='bbox 708 1240 933 1303; x_wconf 77' lang='lat' dir='ltr'>superet</span> <span class='ocrx_word' id='word_1_94' title='bbox 952 1231 1118 1287; x_wconf 87' lang='lat' dir='ltr'>illum</span> <span class='ocrx_word' id='word_1_95' title='bbox 1137 1233 1336 1303; x_wconf 87' lang='lat' dir='ltr'>capite.</span> <span class='ocrx_word' id='word_1_96' title='bbox 1417 1232 1592 1305; x_wconf 87' lang='lat' dir='ltr'>Caput</span> <span class='ocrx_word' id='word_1_97' title='bbox 1612 1241 1794 1288; x_wconf 87' lang='lat' dir='ltr'>autem</span> 
     </span>
     <span class='ocr_line' id='line_1_14' title="bbox 194 1303 1794 1380; baseline 0.002 -19"><span class='ocrx_word' id='word_1_98' title='bbox 194 1312 283 1361; x_wconf 86' lang='lat' dir='ltr'>est</span> <span class='ocrx_word' id='word_1_99' title='bbox 310 1303 511 1359; x_wconf 88' lang='lat' dir='ltr'>mentis</span> <span class='ocrx_word' id='word_1_100' title='bbox 539 1306 834 1378; x_wconf 84' lang='lat' dir='ltr'>templum,</span> <span class='ocrx_word' id='word_1_101' title='bbox 878 1307 939 1361; x_wconf 89' lang='lat' dir='ltr'>in</span> <span class='ocrx_word' id='word_1_102' title='bbox 967 1324 1080 1380; x_wconf 91' lang='lat' dir='ltr'>quo</span> <span class='ocrx_word' id='word_1_103' title='bbox 1109 1307 1340 1363; x_wconf 85' lang='lat' dir='ltr'>consilia</span> <span class='ocrx_word' id='word_1_104' title='bbox 1369 1316 1677 1363; x_wconf 86' lang='lat' dir='ltr'>constanter</span> <span class='ocrx_word' id='word_1_105' title='bbox 1695 1308 1794 1364; x_wconf 92' lang='lat' dir='ltr'>de-</span> 
     </span>
     <span class='ocr_line' id='line_1_15' title="bbox 192 1381 1794 1454; baseline 0.003 -19"><span class='ocrx_word' id='word_1_106' title='bbox 192 1386 363 1454; x_wconf 79' lang='lat' dir='ltr'>gunt,</span> <span class='ocrx_word' id='word_1_107' title='bbox 404 1388 459 1437; x_wconf 89' lang='lat' dir='ltr'>et</span> <span class='ocrx_word' id='word_1_108' title='bbox 484 1381 725 1437; x_wconf 85' lang='lat' dir='ltr'>ministri</span> <span class='ocrx_word' id='word_1_109' title='bbox 754 1398 974 1437; x_wconf 76' lang='lat' dir='ltr'>sensus,</span> <span class='ocrx_word' id='word_1_110' title='bbox 1052 1382 1140 1438; x_wconf 87' lang='lat' dir='ltr'>Ad</span> <span class='ocrx_word' id='word_1_111' title='bbox 1167 1392 1406 1439; x_wconf 87' lang='lat' dir='ltr'>mentem</span> <span class='ocrx_word' id='word_1_112' title='bbox 1425 1392 1608 1439; x_wconf 89' lang='lat' dir='ltr'>autem</span> <span class='ocrx_word' id='word_1_113' title='bbox 1628 1391 1794 1441; x_wconf 80' lang='lat' dir='ltr'>ternio</span> 
     </span>
     <span class='ocr_line' id='line_1_16' title="bbox 193 1454 1792 1528; baseline 0.004 -17"><span class='ocrx_word' id='word_1_114' title='bbox 193 1454 628 1513; x_wconf 79' lang='lat' dir='ltr'>est&#39;condensus</span> <span class='ocrx_word' id='word_1_115' title='bbox 665 1457 975 1528; x_wconf 89' lang='lat' dir='ltr'>plenusque</span> <span class='ocrx_word' id='word_1_116' title='bbox 1004 1475 1296 1523; x_wconf 86' lang='lat' dir='ltr'>numerus,</span> <span class='ocrx_word' id='word_1_117' title='bbox 1340 1460 1552 1518; x_wconf 89' lang='lat' dir='ltr'>nullam</span> <span class='ocrx_word' id='word_1_118' title='bbox 1581 1460 1792 1517; x_wconf 88' lang='lat' dir='ltr'>habens</span> 
     </span>
     <span class='ocr_line' id='line_1_17' title="bbox 191 1531 1792 1608; baseline 0.003 -21"><span class='ocrx_word' id='word_1_119' title='bbox 191 1532 553 1598; x_wconf 81' lang='lat' dir='ltr'>vacuitatem,</span> <span class='ocrx_word' id='word_1_120' title='bbox 600 1531 700 1587; x_wconf 86' lang='lat' dir='ltr'>sed</span> <span class='ocrx_word' id='word_1_121' title='bbox 738 1533 1008 1605; x_wconf 81' lang='lat' dir='ltr'>quicquid</span> <span class='ocrx_word' id='word_1_122' title='bbox 1048 1535 1107 1588; x_wconf 89' lang='lat' dir='ltr'>in</span> <span class='ocrx_word' id='word_1_123' title='bbox 1148 1534 1412 1591; x_wconf 88' lang='lat' dir='ltr'>dualitate</span> <span class='ocrx_word' id='word_1_124' title='bbox 1451 1534 1792 1608; x_wconf 89' lang='lat' dir='ltr'>discerptum</span> 
     </span>
     <span class='ocr_line' id='line_1_18' title="bbox 192 1607 1792 1684; baseline 0.003 -21"><span class='ocrx_word' id='word_1_125' title='bbox 192 1616 335 1673; x_wconf 85' lang='lat' dir='ltr'>erat,</span> <span class='ocrx_word' id='word_1_126' title='bbox 368 1607 701 1679; x_wconf 84' lang='lat' dir='ltr'>adimplens.</span> <span class='ocrx_word' id='word_1_127' title='bbox 778 1608 1096 1681; x_wconf 86' lang='lat' dir='ltr'>Symbolice</span> <span class='ocrx_word' id='word_1_128' title='bbox 1115 1611 1300 1681; x_wconf 89' lang='lat' dir='ltr'>itaque</span> <span class='ocrx_word' id='word_1_129' title='bbox 1322 1610 1520 1684; x_wconf 74' lang='lat' dir='ltr'>figurat</span> <span class='ocrx_word' id='word_1_130' title='bbox 1541 1610 1792 1667; x_wconf 84' lang='lat' dir='ltr'>altitudi-</span> 
     </span>
     <span class='ocr_line' id='line_1_19' title="bbox 188 1683 1792 1757; baseline 0.001 -18"><span class='ocrx_word' id='word_1_131' title='bbox 188 1700 321 1739; x_wconf 87' lang='lat' dir='ltr'>nem</span> <span class='ocrx_word' id='word_1_132' title='bbox 341 1684 558 1737; x_wconf 88' lang='lat' dir='ltr'>animae</span> <span class='ocrx_word' id='word_1_133' title='bbox 575 1683 938 1751; x_wconf 83' lang='lat' dir='ltr'>immolantis,</span> <span class='ocrx_word' id='word_1_134' title='bbox 973 1702 1212 1757; x_wconf 88' lang='lat' dir='ltr'>aequum</span> <span class='ocrx_word' id='word_1_135' title='bbox 1234 1686 1442 1740; x_wconf 88' lang='lat' dir='ltr'>ducens</span> <span class='ocrx_word' id='word_1_136' title='bbox 1465 1703 1590 1741; x_wconf 88' lang='lat' dir='ltr'>eum</span> <span class='ocrx_word' id='word_1_137' title='bbox 1611 1688 1792 1741; x_wconf 89' lang='lat' dir='ltr'>omni-</span> 
     </span>
     <span class='ocr_line' id='line_1_20' title="bbox 190 1757 1791 1828; baseline 0.002 -16"><span class='ocrx_word' id='word_1_138' title='bbox 190 1774 267 1812; x_wconf 90' lang='lat' dir='ltr'>no</span> <span class='ocrx_word' id='word_1_139' title='bbox 287 1774 384 1828; x_wconf 87' lang='lat' dir='ltr'>per</span> <span class='ocrx_word' id='word_1_140' title='bbox 402 1758 588 1812; x_wconf 87' lang='lat' dir='ltr'>omnia</span> <span class='ocrx_word' id='word_1_141' title='bbox 608 1757 887 1828; x_wconf 79' lang='lat' dir='ltr'>expletum</span> <span class='ocrx_word' id='word_1_142' title='bbox 906 1777 1029 1815; x_wconf 85' lang='lat' dir='ltr'>esse</span> <span class='ocrx_word' id='word_1_143' title='bbox 1042 1800 1055 1825; x_wconf 84' lang='lat'><strong>‚</strong></span> <span class='ocrx_word' id='word_1_144' title='bbox 1089 1762 1166 1815; x_wconf 85' lang='lat' dir='ltr'>ita</span> <span class='ocrx_word' id='word_1_145' title='bbox 1185 1769 1248 1814; x_wconf 89' lang='lat' dir='ltr'>ut</span> <span class='ocrx_word' id='word_1_146' title='bbox 1263 1761 1406 1815; x_wconf 90' lang='lat' dir='ltr'>nihil</span> <span class='ocrx_word' id='word_1_147' title='bbox 1427 1760 1625 1815; x_wconf 89' lang='lat' dir='ltr'>habeat</span> <span class='ocrx_word' id='word_1_148' title='bbox 1646 1762 1704 1815; x_wconf 90' lang='lat' dir='ltr'>in</span> <span class='ocrx_word' id='word_1_149' title='bbox 1731 1778 1791 1815; x_wconf 90' lang='lat' dir='ltr'>se</span> 
     </span>
     <span class='ocr_line' id='line_1_21' title="bbox 191 1833 1790 1907; baseline 0 -18"><span class='ocrx_word' id='word_1_150' title='bbox 191 1833 470 1889; x_wconf 86' lang='lat' dir='ltr'>desertam</span> <span class='ocrx_word' id='word_1_151' title='bbox 508 1833 831 1899; x_wconf 83' lang='lat' dir='ltr'>vanitatem,</span> <span class='ocrx_word' id='word_1_152' title='bbox 890 1851 1035 1907; x_wconf 88' lang='lat' dir='ltr'>quae</span> <span class='ocrx_word' id='word_1_153' title='bbox 1075 1852 1249 1905; x_wconf 84' lang='lat' dir='ltr'>capax</span> <span class='ocrx_word' id='word_1_154' title='bbox 1284 1836 1358 1888; x_wconf 89' lang='lat' dir='ltr'>sit</span> <span class='ocrx_word' id='word_1_155' title='bbox 1393 1834 1634 1889; x_wconf 88' lang='lat' dir='ltr'>malitiae</span> <span class='ocrx_word' id='word_1_156' title='bbox 1670 1835 1790 1889; x_wconf 88' lang='lat' dir='ltr'>sive</span> 
     </span>
     <span class='ocr_line' id='line_1_22' title="bbox 186 1906 1788 1981; baseline -0.001 -16"><span class='ocrx_word' id='word_1_157' title='bbox 186 1907 379 1980; x_wconf 83' lang='lat' dir='ltr'>operis</span> <span class='ocrx_word' id='word_1_158' title='bbox 397 1907 544 1963; x_wconf 85' lang='lat' dir='ltr'>vitii.</span> <span class='ocrx_word' id='word_1_159' title='bbox 608 1906 839 1965; x_wconf 80' lang='lat' dir='ltr'>Attende</span> <span class='ocrx_word' id='word_1_160' title='bbox 861 1918 1041 1965; x_wconf 90' lang='lat' dir='ltr'>tamen</span> <span class='ocrx_word' id='word_1_161' title='bbox 1055 1950 1070 1975; x_wconf 91' lang='lat'>‚</span> <span class='ocrx_word' id='word_1_162' title='bbox 1093 1909 1242 1981; x_wconf 90' lang='lat' dir='ltr'>quod</span> <span class='ocrx_word' id='word_1_163' title='bbox 1263 1908 1644 1979; x_wconf 87' lang='lat' dir='ltr'>multiplicatis</span> <span class='ocrx_word' id='word_1_164' title='bbox 1667 1927 1788 1963; x_wconf 88' lang='lat' dir='ltr'>arae</span> 
     </span>
     <span class='ocr_line' id='line_1_23' title="bbox 186 1983 1789 2058; baseline 0.001 -21"><span class='ocrx_word' id='word_1_165' title='bbox 186 1984 470 2038; x_wconf 89' lang='lat' dir='ltr'>mensuris</span> <span class='ocrx_word' id='word_1_166' title='bbox 508 1983 807 2054; x_wconf 89' lang='lat' dir='ltr'>quinquies</span> <span class='ocrx_word' id='word_1_167' title='bbox 844 1986 1092 2058; x_wconf 88' lang='lat' dir='ltr'>quinque</span> <span class='ocrx_word' id='word_1_168' title='bbox 1133 1993 1215 2039; x_wconf 90' lang='lat' dir='ltr'>ter</span> <span class='ocrx_word' id='word_1_169' title='bbox 1247 1992 1470 2056; x_wconf 83' lang='lat' dir='ltr'>generat</span> <span class='ocrx_word' id='word_1_170' title='bbox 1499 2000 1789 2039; x_wconf 86' lang='lat' dir='ltr'>numerum</span> 
     </span>
     <span class='ocr_line' id='line_1_24' title="bbox 188 2054 1788 2134; baseline 0.001 -21"><span class='ocrx_word' id='word_1_171' title='bbox 188 2058 545 2131; x_wconf 83' lang='lat' dir='ltr'>septuaginta</span> <span class='ocrx_word' id='word_1_172' title='bbox 570 2058 846 2132; x_wconf 88' lang='lat' dir='ltr'>quinque,</span> <span class='ocrx_word' id='word_1_173' title='bbox 890 2060 961 2115; x_wconf 89' lang='lat' dir='ltr'>de</span> <span class='ocrx_word' id='word_1_174' title='bbox 986 2077 1098 2132; x_wconf 88' lang='lat' dir='ltr'>quo</span> <span class='ocrx_word' id='word_1_175' title='bbox 1121 2056 1194 2134; x_wconf 69' lang='lat'>[³¹⁶]</span> <span class='ocrx_word' id='word_1_176' title='bbox 1220 2054 1549 2132; x_wconf 86' lang='lat' dir='ltr'>iampridem</span> <span class='ocrx_word' id='word_1_177' title='bbox 1577 2058 1788 2115; x_wconf 90' lang='lat' dir='ltr'>dictum</span> 
     </span>
     <span class='ocr_line' id='line_1_25' title="bbox 188 2141 296 2189; baseline -0.019 0"><span class='ocrx_word' id='word_1_178' title='bbox 188 2141 296 2189; x_wconf 78' lang='lat' dir='ltr'>est.</span> 
     </span>
    </p>
   </div>
   <div class='ocr_carea' id='block_1_5' title="bbox 250 2238 1729 2375">
    <p class='ocr_par' dir='ltr' id='par_1_5' title="bbox 250 2238 1729 2375">
     <span class='ocr_line' id='line_1_26' title="bbox 250 2238 1729 2307; baseline 0 -16"><span class='ocrx_word' id='word_1_179' title='bbox 250 2238 409 2298; x_wconf 80' lang='lat' dir='ltr'>Quare</span> <span class='ocrx_word' id='word_1_180' title='bbox 442 2245 719 2305; x_wconf 79' lang='lat' dir='ltr'>„cornua“</span> <span class='ocrx_word' id='word_1_181' title='bbox 754 2242 897 2291; x_wconf 66' lang='lat' dir='ltr'>habet</span> <span class='ocrx_word' id='word_1_182' title='bbox 930 2242 1106 2305; x_wconf 79' lang='lat' dir='ltr'>altare,</span> <span class='ocrx_word' id='word_1_183' title='bbox 1146 2260 1239 2292; x_wconf 81' lang='lat' dir='ltr'>non</span> <span class='ocrx_word' id='word_1_184' title='bbox 1273 2252 1427 2293; x_wconf 69' lang='lat' dir='ltr'>atatam</span> <span class='ocrx_word' id='word_1_185' title='bbox 1459 2256 1729 2307; x_wconf 64' lang='lat' dir='ltr'>superea-sa,</span> 
     </span>
     <span class='ocr_line' id='line_1_27' title="bbox 593 2308 1382 2375; baseline 0.003 -17"><span class='ocrx_word' id='word_1_186' title='bbox 593 2308 682 2358; x_wconf 76' lang='lat' dir='ltr'>scd</span> <span class='ocrx_word' id='word_1_187' title='bbox 711 2310 846 2359; x_wconf 80' lang='lat' dir='ltr'>uuita</span> <span class='ocrx_word' id='word_1_188' title='bbox 880 2310 1121 2373; x_wconf 68' lang='lat' dir='ltr'>(altar-0?</span> <span class='ocrx_word' id='word_1_189' title='bbox 1166 2315 1274 2375; x_wconf 79' lang='lat'><strong>(27,</strong></span> <span class='ocrx_word' id='word_1_190' title='bbox 1307 2313 1382 2371; x_wconf 85' lang='lat'>2.)</span> 
     </span>
    </p>
   </div>
   <div class='ocr_carea' id='block_1_6' title="bbox 190 2410 1788 2569">
    <p class='ocr_par' dir='ltr' id='par_1_6' title="bbox 190 2410 1788 2569">
     <span class='ocr_line' id='line_1_28' title="bbox 308 2410 1788 2484; baseline 0.002 -19"><span class='ocrx_word' id='word_1_191' title='bbox 308 2412 422 2465; x_wconf 87' lang='grc'><strong>404.</strong></span> <span class='ocrx_word' id='word_1_192' title='bbox 461 2411 777 2482; x_wconf 85' lang='lat' dir='ltr'>Propterea,</span> <span class='ocrx_word' id='word_1_193' title='bbox 821 2410 971 2482; x_wconf 90' lang='lat' dir='ltr'>quod</span> <span class='ocrx_word' id='word_1_194' title='bbox 989 2412 1132 2467; x_wconf 92' lang='lat' dir='ltr'>nihil</span> <span class='ocrx_word' id='word_1_195' title='bbox 1157 2431 1227 2468; x_wconf 88' lang='lat' dir='ltr'>ex</span> <span class='ocrx_word' id='word_1_196' title='bbox 1247 2414 1346 2479; x_wconf 87' lang='lat' dir='ltr'>iis,</span> <span class='ocrx_word' id='word_1_197' title='bbox 1387 2412 1486 2484; x_wconf 89' lang='lat' dir='ltr'>qui</span> <span class='ocrx_word' id='word_1_198' title='bbox 1507 2428 1678 2468; x_wconf 89' lang='lat' dir='ltr'>cornu</span> <span class='ocrx_word' id='word_1_199' title='bbox 1695 2429 1788 2467; x_wconf 89' lang='lat' dir='ltr'>ca-</span> 
     </span>
     <span class='ocr_line' id='line_1_29' title="bbox 190 2486 1788 2569; baseline 0.003 -30"><span class='ocrx_word' id='word_1_200' title='bbox 190 2492 375 2550; x_wconf 87' lang='lat' dir='ltr'>reant,</span> <span class='ocrx_word' id='word_1_201' title='bbox 410 2502 647 2569; x_wconf 79' lang='lat' dir='ltr'>aequum</span> <span class='ocrx_word' id='word_1_202' title='bbox 666 2487 739 2541; x_wconf 87' lang='lat' dir='ltr'>sit</span> <span class='ocrx_word' id='word_1_203' title='bbox 758 2486 1069 2552; x_wconf 81' lang='lat' dir='ltr'>immolare,</span> <span class='ocrx_word' id='word_1_204' title='bbox 1101 2506 1204 2543; x_wconf 86' lang='lat' dir='ltr'>nec</span> <span class='ocrx_word' id='word_1_205' title='bbox 1229 2486 1563 2554; x_wconf 74' lang='lat' dir='ltr'>sacrificare,</span> <span class='ocrx_word' id='word_1_206' title='bbox 1608 2504 1788 2561; x_wconf 87' lang='lat' dir='ltr'>neque</span> 
     </span>
    </p>
   </div>
   <div class='ocr_carea' id='block_1_7' title="bbox 174 2594 1787 2776">
    <p class='ocr_par' dir='ltr' id='par_1_7' title="bbox 174 2594 1787 2776">
     <span class='ocr_line' id='line_1_30' title="bbox 291 2594 1786 2679; baseline 0.003 -14"><span class='ocrx_word' id='word_1_207' title='bbox 291 2623 335 2673; x_wconf 75' lang='lat'>⁴¹)</span> <span class='ocrx_word' id='word_1_208' title='bbox 368 2624 439 2667; x_wconf 75' lang='lat' dir='ltr'>Aa</span> <span class='ocrx_word' id='word_1_209' title='bbox 462 2628 669 2669; x_wconf 68' lang='lat' dir='ltr'>vsi-huma</span> <span class='ocrx_word' id='word_1_210' title='bbox 716 2629 761 2667; x_wconf 68' lang='lat' dir='ltr'>in</span> <span class='ocrx_word' id='word_1_211' title='bbox 794 2637 923 2677; x_wconf 77' lang='lat' dir='ltr'>opaco</span> <span class='ocrx_word' id='word_1_212' title='bbox 950 2594 1119 2677; x_wconf 47' lang='lat' dir='ltr'>positis.</span> <span class='ocrx_word' id='word_1_213' title='bbox 1189 2630 1347 2671; x_wconf 84' lang='lat' dir='ltr'>Sensus</span> <span class='ocrx_word' id='word_1_214' title='bbox 1374 2634 1460 2677; x_wconf 84' lang='lat' dir='ltr'>est,</span> <span class='ocrx_word' id='word_1_215' title='bbox 1500 2631 1615 2679; x_wconf 87' lang='lat' dir='ltr'>quod</span> <span class='ocrx_word' id='word_1_216' title='bbox 1641 2632 1786 2671; x_wconf 81' lang='lat' dir='ltr'>altaris</span> 
     </span>
     <span class='ocr_line' id='line_1_31' title="bbox 188 2676 1787 2734; baseline 0.004 -19"><span class='ocrx_word' id='word_1_217' title='bbox 188 2676 372 2715; x_wconf 82' lang='lat' dir='ltr'>altitudo</span> <span class='ocrx_word' id='word_1_218' title='bbox 406 2678 636 2727; x_wconf 65' lang='lat' dir='ltr'>superabat</span> <span class='ocrx_word' id='word_1_219' title='bbox 668 2680 875 2718; x_wconf 81' lang='lat' dir='ltr'>maiorem</span> <span class='ocrx_word' id='word_1_220' title='bbox 906 2682 1069 2729; x_wconf 81' lang='lat' dir='ltr'>partem</span> <span class='ocrx_word' id='word_1_221' title='bbox 1098 2683 1286 2730; x_wconf 78' lang='lat' dir='ltr'>corporis</span> <span class='ocrx_word' id='word_1_222' title='bbox 1313 2682 1570 2721; x_wconf 76' lang='lat' dir='ltr'>adstantium</span> <span class='ocrx_word' id='word_1_223' title='bbox 1596 2683 1787 2734; x_wconf 51' lang='lat' dir='ltr'>aeaplte</span> 
     </span>
     <span class='ocr_line' id='line_1_32' title="bbox 174 2727 858 2776; baseline 0.001 -9"><span class='ocrx_word' id='word_1_224' title='bbox 174 2728 279 2775; x_wconf 65' lang='lat' dir='ltr'>(vel</span> <span class='ocrx_word' id='word_1_225' title='bbox 303 2727 495 2776; x_wconf 79' lang='lat' dir='ltr'>pectore)</span> <span class='ocrx_word' id='word_1_226' title='bbox 520 2728 648 2769; x_wconf 71' lang='lat' dir='ltr'>iun-a.</span> <span class='ocrx_word' id='word_1_227' title='bbox 696 2729 858 2769; x_wconf 72' lang='lat' dir='ltr'>Auca.</span> 
     </span>
    </p>
   </div>
  </div>
 </body>
</html>
