2125 3084
354 190 448 242 406
612 192 809 237 PHIL.
846 191 996 239 IUD.
1034 190 1358 249 QUAEST.
1394 191 1494 237 ET
1533 192 1690 237 SOL.
1735 186 1966 255 [11‚288.]

348 294 483 348 salis
504 300 756 346 naturam
770 333 783 356 ‚
827 292 1194 363 privationem
1213 309 1242 345 a
1265 292 1618 364 generatione
1644 291 1967 350 feracitate-

350 385 460 439 que
486 368 692 439 pariter
712 366 1089 432 denotantem3
1135 366 1268 437 quia
1289 367 1578 432 combusta
1597 368 1822 440 regione
1841 386 1964 425 non

349 444 535 496 minus
566 440 859 497 inferacior
888 449 971 496 est
998 440 1228 495 salsosa.
1305 442 1473 496 Porro
1499 441 1624 496 vult
1657 442 1964 499 admonere

348 526 401 571 te
416 558 429 581 ,
474 534 615 571 nova
636 534 699 571 ac
724 518 863 571 mira
889 524 1140 588 patrans:
1185 515 1340 571 Sicut
1363 532 1532 587 super
1553 515 1848 573 Sodomam
1869 519 1953 583 id,

346 591 496 663 quod
526 600 721 647 natura
749 599 864 647 erat
900 592 1049 656 leve,
1101 590 1361 646 deorsum
1395 590 1528 645 ferri
1561 599 1812 647 coactum
1845 592 1958 649 fuit

346 668 519 721 instar
558 684 777 730 eorum,
839 683 981 737 quae
1020 673 1214 721 natura
1253 673 1384 719 sunt
1427 665 1600 730 levia,
1661 668 1746 721 sic
1785 669 1955 723 etiam

346 759 491 813 quae
516 741 586 797 ad
606 742 840 797 salutem
860 741 1420 813 perdurationemque
1446 739 1589 795 facta
1615 749 1796 807 erant,
1839 744 1956 799 sic·-

344 825 407 872 ut
427 817 535 880 sal,
581 817 739 871 exitii
760 824 925 888 atque
944 816 1312 887 corruptionis
1333 832 1498 871 causa
1521 817 1803 873 exstitere.

457 922 614 977 Ratio
633 938 782 976 nunc
802 920 1084 976 reddenda
1105 929 1213 986 est,
1256 936 1425 993 quare
1446 921 1833 978 mandaverint
1852 940 1953 978 an-

344 995 456 1069 geli
476 1012 583 1051 non
605 995 787 1052 redire
815 1004 1135 1052 retrorsum.
1213 996 1352 1051 Nam
1372 996 1506 1050 satis
1526 1006 1794 1054 noverant
1811 1015 1952 1053 non-

343 1071 527 1126 nullos
557 1070 785 1127 fortasse
812 1072 1105 1145 gavisuros
1133 1070 1204 1125 de
1239 1071 1548 1126 calamitate
1575 1073 1719 1127 visa.
1799 1073 1952 1129 Gau-

344 1146 473 1201 dere
504 1156 686 1201 autem
715 1156 769 1202 et
795 1146 1158 1218 pessumdare
1185 1146 1256 1200 ob
1287 1146 1568 1201 miseriam
1586 1155 1946 1212 caeterorum,

343 1223 447 1277 etsi
477 1222 596 1276 iure
627 1221 866 1285 accidat,
910 1221 1123 1275 homini
1153 1228 1334 1276 tamen
1366 1237 1475 1276 non
1501 1224 1788 1291 convenit3
1835 1232 1951 1279 ete-

342 1297 459 1349 nim
482 1295 664 1351 futura
684 1296 814 1367 (ipsi
836 1294 1079 1367 quoque)
1098 1296 1308 1351 incerta
1329 1305 1485 1362 sunt,
1529 1304 1584 1352 et
1603 1297 1950 1354 inexorabile

342 1377 426 1423 est
460 1369 733 1425 iudicium
774 1378 827 1424 et
865 1368 1050 1424 subito
1085 1372 1340 1442 pervenit
1376 1371 1617 1443 ubique,
1671 1390 1784 1427 una
1819 1391 1950 1429 cum

341 1445 662 1513 impotentia
702 1460 765 1498 ac
802 1445 1144 1515 gravamine.
1231 1446 1500 1501 Nonnulli
1540 1464 1672 1503 vero
1717 1447 1949 1504 forsitan

341 1517 537 1572 molles
575 1518 861 1589 tenerique
897 1521 1100 1591 reperti
1138 1519 1269 1592 plus
1311 1538 1487 1593 aequo
1532 1538 1695 1595 aegre
1741 1522 1950 1579 ferrent

340 1608 527 1647 casum
544 1633 556 1656 ‚
619 1593 931 1649 visceribus
970 1594 1253 1662 ardenteS,
1311 1598 1666 1653 miseratione
1704 1601 1948 1655 convicti

338 1684 470 1738 prae
508 1666 801 1725 dilectione
840 1672 1143 1726 amicorum
1178 1679 1234 1727 et
1267 1671 1654 1737 familiarium,
1706 1674 1948 1745 quibus-

340 1759 467 1797 cum
517 1744 683 1815 paulo
732 1752 855 1801 ante
900 1747 1392 1815 conversabantur3
1457 1745 1706 1819 adeoque
1748 1750 1948 1804 intimo

340 1818 502 1874 corde
532 1820 675 1875 inter
701 1838 761 1876 se
788 1821 1030 1877 invicem
1054 1820 1128 1897 [³¹⁶]
1153 1823 1432 1877 coniuncti
1454 1840 1517 1877 ac
1535 1824 1772 1879 connexi
1791 1834 1948 1879 erant

339 1912 555 1951 summa
591 1896 883 1952 clementia
917 1906 971 1953 et
1006 1898 1498 1953 commiseratione.
1587 1899 1727 1954 Istae
1757 1900 1945 1971 itaque

339 1969 480 2024 duae
501 1972 739 2026 rationes
766 1981 920 2027 erant
945 1971 1302 2028 abstrahendi
1325 1971 1391 2045 (s.
1415 1971 1742 2038 cohibendi,
1769 1991 1838 2029 ne
1856 1992 1948 2029 re-

339 2051 575 2097 trorsum
595 2044 883 2118 redirent),
927 2055 989 2100 ut
1008 2048 1273 2101 nimirum
1295 2064 1395 2101 nec
1421 2048 1589 2102 nimis
1615 2048 1942 2121 gauderent,

338 2133 518 2185 neque
547 2118 785 2171 nimium
820 2121 1272 2176 contristarentur
1297 2122 1368 2176 de
1383 2138 1559 2193 poena
1579 2124 1701 2178 iure
1718 2125 1944 2179 incussa

338 2189 629 2260 proximis·
709 2192 888 2246 Tertia
928 2194 1115 2249 aderat
1151 2198 1318 2261 ratio,
1361 2213 1528 2267 quam
1564 2215 1695 2253 mox
1723 2198 1947 2272 signifi-

338 2263 493 2318 cabo.
572 2265 773 2330 Deum,
812 2266 975 2333 dicit,
1006 2269 1360 2340 punientem,
1397 2288 1431 2326 o
1451 2271 1730 2337 homineS,
1771 2275 1945 2329 nolite

338 2339 556 2406 mirari3
583 2340 718 2395 satis
738 2341 886 2395 enim
907 2341 1070 2397 vobis
1090 2352 1173 2398 est
1193 2352 1404 2400 tantum
1425 2346 1740 2419 intelligere
1753 2390 1766 2414 ‚
1790 2348 1941 2419 quod

338 2414 617 2485 supplicio
644 2416 893 2471 mulctati
924 2425 1080 2482 sunt,
1123 2418 1274 2488 quod
1305 2419 1682 2489 merebantur3
1727 2430 1782 2477 at
1800 2440 1946 2493 quo-

337 2489 499 2543 modo
525 2489 585 2543 id
610 2491 760 2561 passi
786 2492 924 2555 sint,
967 2491 1232 2563 indagare
1250 2495 1340 2547 vel
1361 2498 1723 2563 perscrutari,
1767 2497 1944 2551 auda-

336 2562 454 2615 ciae
474 2572 630 2617 estet
656 2566 995 2637 arrogantiae
1010 2605 1023 2628 ,
1067 2582 1176 2619 non
1200 2584 1332 2620 vero
1358 2569 1573 2623 timoris
1595 2569 1755 2643 (dei),
1799 2588 1944 2643 quo-

337 2650 464 2687 cum
494 2642 807 2693 conversari
837 2640 1164 2712 diligentius
1202 2648 1256 2693 et
1291 2644 1630 2714 constantius
1666 2644 1942 2701 familiare

336 2715 419 2761 est
439 2717 663 2766 naturae
684 2713 957 2769 rationali.
1036 2716 1240 2769 Littera
1261 2714 1388 2769 talis
1408 2724 1528 2787 est.,
