2125 3084
186 160 259 226 [1,
283 158 399 225 151]
580 163 722 211 mn.
762 166 861 211 mi:
898 166 1381 213 AMMALIBUs.
1681 160 1776 214 ⁴³9

187 265 437 320 cernitur
461 280 569 319 non
597 263 775 319 solum
804 265 863 319 in
890 264 1278 319 mansuefactis
1306 274 1358 319 et
1385 264 1532 335 apud
1561 282 1660 320 nos
1677 265 1780 321 de-

186 338 451 413 gentibus
465 380 477 404 ,
512 338 611 393 sed
630 340 688 393 in
708 338 913 394 belluis
932 356 1152 410 quoque
1166 380 1178 403 ‚
1211 356 1354 409 quae
1373 338 1630 394 videntur
1647 356 1777 395 con-

180 414 481 469 tinentiam
502 414 645 469 ultro
663 414 775 468 sibi
795 413 1116 469 adscivisse.
1189 413 1352 467 Plura
1371 412 1598 483 quidem
1617 430 1778 484 opor-

188 496 329 544 teret
355 489 413 543 in
440 488 687 543 medium
724 489 975 559 exempla
1016 488 1156 543 ferre
1193 486 1575 543 diffidentibus
1615 487 1779 543 fidem

188 563 427 627 factura,
468 579 660 617 verum
689 563 823 617 satis
852 564 955 618 erit
974 564 1142 617 unius
1162 564 1438 617 mentione
1462 562 1600 617 facta
1621 563 1780 615 simi-

189 639 320 693 liter
340 638 705 711 argumentari
727 646 779 693 et
800 636 869 693 de
890 638 1117 692 caeteris
1138 636 1244 692 sub
1263 637 1504 692 silenti0.
1584 636 1780 693 Croco-

188 712 344 767 dilus
363 712 648 769 hominum
666 730 837 767 vorax
856 712 1314 783 amphibiumque
1333 713 1392 767 in
1402 709 1649 785 Aegypto
1659 712 1780 765 ani-

188 786 331 850 mal,
372 788 574 842 coitum
594 787 863 851 facturus,
910 787 1149 843 educens
1171 786 1430 841 feminam
1451 785 1687 841 revolvit
1710 784 1778 840 ad

188 864 371 933 ripam
400 859 583 926 fluvii,
626 862 757 933 quia
786 861 947 916 dorso
973 862 1174 934 supino
1202 861 1488 916 consuevit
1520 876 1780 915 concum-

186 936 349 993 bere:
411 944 535 1005 post
560 946 740 992 autem
769 937 973 993 coitum
1001 954 1192 991 rursus
1223 954 1388 991 manu
1413 936 1634 991 elevans
1655 952 1782 989 ver-

186 1019 277 1067 sat
299 1026 437 1064 eam.
515 1010 694 1075 Quum
714 1021 894 1067 autem
916 1012 1226 1083 suspicatur
1245 1028 1364 1067 eam
1383 1012 1492 1065 iam
1513 1011 1781 1066 commix-

186 1096 305 1142 tam
326 1084 450 1139 aliis
477 1088 816 1157 concepisse,
858 1087 990 1157 quia
1018 1086 1286 1141 subdolus
1316 1093 1424 1150 est,
1467 1085 1691 1141 simulat
1719 1102 1778 1141 se

188 1160 380 1230 aliquo
417 1159 577 1214 modo
592 1200 605 1223 ,
664 1162 823 1232 quasi
865 1162 1063 1216 iterum
1103 1168 1321 1234 appetat
1359 1162 1590 1229 coitum;
1661 1169 1779 1215 tum

186 1244 473 1305 tamquam
495 1236 731 1289 amasius
752 1235 1012 1307 cupidine
1034 1244 1186 1291 actus
1205 1238 1456 1307 sequitur
1477 1253 1596 1291 eam
1617 1242 1670 1290 et
1689 1252 1780 1291 so-

188 1310 291 1365 lito
320 1308 480 1365 modo
507 1310 740 1365 revolvit
776 1306 974 1382 ips‘am.
1052 1312 1122 1367 Ut
1161 1319 1342 1366 autem
1379 1312 1562 1365 statim
1599 1318 1778 1365 certus

186 1382 451 1439 reddatur
470 1384 539 1439 de
558 1386 834 1457 opinione,
848 1386 1124 1444 odorando
1146 1394 1238 1441 aut
1258 1386 1443 1457 aliq‘uo
1464 1386 1571 1442 alio
1592 1384 1772 1448 modo,

190 1475 454 1515 verumne
482 1462 557 1514 sit
582 1470 675 1515 aut
700 1463 1029 1517 contrarium
1049 1492 1126 1503 —
1142 1461 1308 1517 babet
1327 1462 1473 1516 enim
1496 1480 1566 1517 ex
1584 1469 1778 1517 natura

185 1534 474 1591 scientiam
496 1538 897 1608 incognitorum
922 1567 1023 1602 —‚
1066 1538 1264 1593 certior
1292 1536 1466 1592 factus
1496 1536 1778 1592 evidenter

185 1608 259 1663 ab
282 1611 421 1679 ipsis
442 1611 607 1664 rebus
629 1610 697 1664 de
716 1610 1013 1666 concubitu
1026 1652 1039 1675 ‚
1070 1611 1352 1686 unguibus
1374 1611 1616 1667 lacerans
1635 1613 1779 1665 inte-

186 1684 333 1736 stina
360 1684 697 1753 depascitur;
742 1692 925 1738 tenera
948 1686 1095 1739 enim
1115 1694 1267 1749 sunt,
1313 1703 1438 1740 cum
1458 1703 1528 1740 ex
1548 1685 1776 1740 adverso

187 1756 430 1813 musculi
459 1757 570 1810 sint
598 1759 843 1826 squamis
871 1757 1046 1812 solide
1075 1760 1338 1813 connexis
1373 1759 1774 1829 colligatisque,

186 1832 265 1886 ita
287 1838 347 1884 ut
367 1829 453 1885 vel
478 1829 681 1883 ferrum
702 1838 921 1885 acutum
939 1830 1196 1886 hebetent
1211 1838 1538 1887 contactum.

302 1937 387 1989 5⁴.
428 1933 610 2001 Quum
629 1932 891 1995 hactenus
912 1932 980 1987 de
1001 1933 1292 1988 sobrietate
1313 1942 1490 1988 actum
1511 1934 1610 1998 sit,
1638 1935 1775 2005 quid

188 2026 331 2081 opus
350 2010 423 2063 sit
444 2008 512 2063 de
534 2007 852 2085 fortitudine
872 2006 1109 2062 referre?
1145 2007 1600 2078 Quandoquidem
1619 2025 1778 2080 apro-

192 2101 317 2139 rum
346 2092 441 2138 aut
466 2092 747 2140 taurorum
762 2124 775 2146 ‚
816 2082 905 2137 vel
944 2081 1296 2153 elephantum
1335 2091 1776 2155 caeterorumque

190 2160 281 2213 his
322 2158 649 2213 ferociorum
687 2156 855 2213 robur
888 2158 1116 2229 vimque
1143 2174 1304 2213 nemo
1333 2166 1416 2213 est
1441 2158 1540 2229 qui
1570 2160 1779 2213 nesciat

186 2236 469 2306 ingentem
495 2248 643 2297 esse,
686 2241 741 2288 et
760 2233 876 2287 loco
896 2234 1151 2305 exigente
1177 2230 1249 2306 [*]
1273 2249 1534 2305 magnum
1555 2232 1778 2287 fortem-

188 2326 299 2379 que
318 2309 563 2363 animum
582 2308 951 2363 demonstrare
972 2309 1111 2362 mira
1131 2308 1188 2361 in
1208 2324 1394 2380 pugna
1423 2315 1554 2363 arte.
1633 2308 1774 2362 Eece

188 2385 339 2439 enim
366 2384 534 2437 istum
562 2382 819 2455 (taurum)
843 2383 963 2437 vidi
984 2384 1041 2437 in
1062 2382 1265 2437 luctam
1283 2382 1594 2437 venientem
1614 2382 1776 2453 pedi-

187 2459 313 2523 bus,
338 2457 657 2530 gladiatoris
676 2459 865 2523 instar,
888 2458 1175 2530 pulverem
1193 2459 1477 2521 suscitare,
1501 2466 1652 2513 torve
1673 2458 1774 2513 ad-

186 2534 399 2605 spicere
426 2534 603 2589 oeulis
630 2533 1051 2589 rubescentibus
1066 2575 1081 2599 ,
1121 2541 1176 2587 et
1201 2532 1460 2588 cornibus
1482 2532 1552 2587 ad
1571 2531 1774 2589 ferien-

188 2606 321 2663 dum
338 2610 542 2680 paratis
564 2607 743 2665 furore
769 2608 979 2665 fervere
992 2650 1005 2674 ,
1028 2617 1248 2679 totoque
1267 2608 1528 2681 adspectu
1547 2607 1771 2663 horren-

191 2683 321 2739 dum
342 2700 622 2757 apparere.
700 2683 909 2758 Aprum
930 2692 1111 2741 autem
1129 2683 1346 2749 dicunt,
1387 2685 1486 2756 qui
1519 2693 1773 2742 venatum
