2125 3084
199 158 282 225 [IL
308 156 427 224 550]
566 162 823 209 SERHO
855 164 955 209 DE
1002 164 1422 214 sAmlvsoNE.
1695 162 1794 215 393

198 264 427 333 Quando
454 264 641 337 itaque
669 264 729 319 in
759 264 929 319 altum
958 280 1087 319 eum
1115 263 1246 323 fune
1265 266 1464 321 tollens
1483 269 1796 342 strangula-

194 343 276 395 vit
302 349 357 396 et
386 339 674 395 emolliens
704 338 987 403 dissolvit,
1032 338 1255 394 blandis
1283 340 1472 395 verbis
1501 342 1788 408 illusoriis,

193 417 269 471 ita
294 423 359 471 ut
388 412 463 491 [Ἴ
496 416 755 469 interiora
792 415 1071 469 viscerum
1110 414 1332 473 iuvenis
1373 416 1662 489 attingeret
1681 427 1794 474 tor-

192 491 394 546 mentis
423 490 819 562 cupiditatum,
852 491 1126 561 nequiens
1155 490 1281 555 ille,
1315 490 1466 561 quod
1487 490 1650 546 facile
1681 502 1796 548 erat

190 582 292 638 per
317 566 661 621 intellectum
690 565 939 629 consilii,
981 564 1231 621 detinere
1259 582 1319 619 se
1339 566 1410 623 ab
1429 566 1623 622 ardore
1642 584 1795 622 amo·-

188 643 296 706 ris,
343 642 525 713 coepit
554 657 747 695 arcana
776 639 1092 701 indicibilia
1119 640 1460 712 expandere,
1503 650 1558 697 et
1577 641 1789 699 dicere:

190 717 465 773 Novae-ula
482 734 585 771 non
604 720 851 771 ascendat
866 732 1023 784 super
1040 725 1196 785 caput
1215 732 1380 770 meum
1407 723 1586 783 (ludio.
1609 724 1690 785 13,
1715 722 1791 782 5).

186 791 391 857 Mulier
416 800 599 847 autem
618 789 969 863 impudenter
988 790 1230 847 dormire
1251 808 1379 846 eum
1398 791 1606 847 faciens
1625 808 1794 863 super

186 883 371 940 genua
392 883 519 931 sua,
551 874 711 921 vocat
727 874 1029 921 tonsorem:
1092 874 1258 937 atque
1287 867 1364 923 ita
1393 867 1484 921 cui
1511 868 1672 939 prius
1691 867 1793 922 ho-

184 950 375 997 nestas
394 942 621 998 detonsa
640 941 819 997 fuerat
831 982 844 1006 ,
874 940 1226 1013 postmodum
1244 942 1421 999 virtus
1441 958 1664 1014 quoque
1691 941 1795 997 de-

182 1015 465 1075 tondetur.
539 1016 671 1075 Erat
699 1024 883 1075 autem
911 1034 1023 1071 una
1051 1032 1181 1073 oum
1207 1016 1464 1073 sensibili
1494 1026 1711 1075 tonsore
1740 1025 1795 1073 et

182 1090 567 1164 intelligibilis
587 1100 772 1147 tonsor
792 1090 1049 1151 diabolus
1065 1132 1080 1157 ,
1121 1092 1220 1162 qui
1250 1109 1378 1149 cum
1407 1092 1656 1151 crinibus
1674 1093 1793 1149 vir-

180 1175 365 1225 tutem
388 1167 557 1227 etiam
584 1166 793 1227 decidit
822 1165 1066 1237 fecitque
1091 1183 1220 1225 eum
1245 1168 1390 1237 sicut
1409 1184 1584 1227 unum
1602 1184 1674 1225 ex
1691 1166 1792 1225 bo-

180 1242 443 1301 minibus·
456 1250 679 1314 peccato
698 1240 1076 1305 studentibus.

295 1372 349 1429 2.
396 1366 484 1427 Ad
512 1370 785 1428 maiorum
812 1384 945 1423 sane
973 1384 1204 1441 operum
1235 1371 1643 1425 exsecutionem
1673 1370 1792 1426 vir—

176 1451 301 1503 tute
326 1461 468 1518 opus
486 1452 598 1516 est3
651 1443 814 1499 nobis
836 1450 1015 1501 autem
1040 1440 1112 1498 ad
1131 1451 1374 1503 actorum
1393 1446 1791 1519 stupendorum

178 1521 585 1581 enarrationem
630 1520 935 1593 sapientiae
980 1519 1170 1591 inopia
1193 1527 1320 1593 ,εει
1395 1522 1600 1578 Verum
1640 1523 1791 1577 enim

174 1612 313 1653 vero
348 1595 623 1668 Sampson
660 1595 811 1649 vires
850 1595 1090 1667 sumpsit
1127 1594 1198 1650 ad
1235 1596 1586 1653 monstranda
1624 1614 1790 1671 opera

173 1688 411 1758 magum
462 1671 537 1727 ab
555 1686 620 1727 eo
638 1669 852 1741 itaque,
883 1670 983 1743 qui
1010 1670 1239 1743 largitus
1261 1678 1345 1725 est
1361 1672 1473 1748 ipsi
1502 1674 1783 1736 virtutem,

174 1754 427 1819 petimus
468 1752 523 1801 et
559 1761 659 1805 nos
698 1745 1056 1817 sapientiam,
1108 1752 1172 1799 ut
1208 1759 1352 1821 quae
1388 1762 1489 1821 per
1525 1749 1789 1811 virtutem

176 1822 456 1895 Sampson
484 1820 845 1893 perpetravit,
886 1820 1166 1893 sapienter
1204 1818 1549 1875 auditoribus
1586 1835 1789 1891 propo-

174 1913 316 1954 nere
335 1894 641 1951 valeamus.
717 1892 986 1961 Quoniam
1004 1897 1059 1949 si·
1077 1894 1391 1971 ignoranter
1410 1892 1698 1965 obiterque
1715 1894 1789 1948 ad

173 1988 349 2043 opera
388 1968 555 2029 fidem
591 1972 855 2026 merentia
883 1967 1209 2043 exponenda
1240 1969 1538 2022 accessisse
1567 1985 1791 2041 compe-

173 2047 392 2103 riamur
410 2046 468 2101 in
486 2047 765 2119 praesenti
791 2046 1043 2103 sermone
1058 2085 1072 2109 ,
1115 2044 1217 2100 vix
1245 2042 1566 2119 Sampsonis
1593 2043 1788 2099 virtuti

173 2122 445 2181 iniuriam
465 2120 665 2181 fecisse
684 2122 1079 2181 convincamur
1091 2160 1106 2185 ,
1149 2118 1249 2175 sed
1269 2119 1502 2196 gratiam
1522 2117 1613 2172 dei
1634 2119 1789 2173 calu-

175 2198 417 2255 mniatos
444 2214 587 2257 esse.
648 2254 659 2263 ,

183 2366 189 2369 .
296 2324 348 2377 3.
370 2323 433 2377 In
450 2322 578 2379 aliis
599 2324 788 2394 itaque
807 2322 967 2376 miris
984 2320 1251 2393 operibus
1271 2320 1412 2377 deus
1429 2336 1606 2375 unum
1625 2318 1787 2391 quic-

176 2413 349 2471 quam
374 2398 779 2453 mirabiliorum
801 2408 1026 2451 suorum
1044 2405 1328 2468 operatur:
1383 2403 1502 2459 aut,
1533 2396 1781 2468 inquam,

178 2471 444 2530 virtutem
471 2472 739 2537 ostendit,
786 2478 881 2527 aut
906 2472 1306 2545 benignitatem
1336 2470 1644 2544 praedicat,
1693 2479 1788 2526 aut

174 2555 503 2621 potestatem
532 2547 874 2612 manifestat,
917 2556 1011 2603 aut
1049 2547 1522 2620 longanimitatem
1561 2545 1782 2613 edocet3

176 2622 271 2679 vel
294 2633 509 2679 servata
531 2623 694 2679 iustis
715 2622 857 2677 bona
885 2621 1118 2677 fruenda
1149 2622 1342 2686 refert,
1362 2622 1475 2676 ‘vel
1505 2630 1786 2677 servatum

175 2698 563 2772 peccatoribus
599 2697 875 2754 iudicium
910 2696 1184 2769 praedicit
1279 2695 1438 2764 Quod
1477 2706 1657 2754 autem
1683 2712 1787 2769 per
