<?xml version="1.0" encoding="UTF-8"?>
<!DOCTYPE html PUBLIC "-//W3C//DTD XHTML 1.0 Transitional//EN"
    "http://www.w3.org/TR/xhtml1/DTD/xhtml1-transitional.dtd">
<html xmlns="http://www.w3.org/1999/xhtml" xml:lang="en" lang="en">
 <head>
  <title>
</title>
<meta http-equiv="Content-Type" content="text/html;charset=utf-8" />
  <meta name='ocr-system' content='tesseract 3.04.00' />
  <meta name='ocr-capabilities' content='ocr_page ocr_carea ocr_par ocr_line ocrx_word'/>
</head>
<body>
  <div class='ocr_page' id='page_1' title='image "./philonisiudaeio00alejgoog_0020.png"; bbox 0 0 2125 3084; ppageno 0'>
   <div class='ocr_carea' id='block_1_1' title="bbox 198 184 1798 252">
    <p class='ocr_par' dir='ltr' id='par_1_1' title="bbox 198 184 1798 252">
     <span class='ocr_line' id='line_1_1' title="bbox 198 184 1798 252; baseline 0.001 -16"><span class='ocrx_word' id='word_1_1' title='bbox 198 184 431 252; x_wconf 66' lang='lat'><strong>[113170]</strong></span> <span class='ocrx_word' id='word_1_2' title='bbox 542 188 629 235; x_wconf 83' lang='lat' dir='ltr'><strong>IN</strong></span> <span class='ocrx_word' id='word_1_3' title='bbox 666 188 1024 234; x_wconf 74' lang='lat' dir='ltr'><strong>GENESIN.</strong></span> <span class='ocrx_word' id='word_1_4' title='bbox 1066 190 1318 235; x_wconf 76' lang='lat' dir='ltr'><strong>sERMo</strong></span> <span class='ocrx_word' id='word_1_5' title='bbox 1357 190 1443 235; x_wconf 87' lang='lat'>111.</span> <span class='ocrx_word' id='word_1_6' title='bbox 1768 186 1798 238; x_wconf 88' lang='lat'>3</span> 
     </span>
    </p>
   </div>
   <div class='ocr_carea' id='block_1_2' title="bbox 195 287 1808 1613">
    <p class='ocr_par' dir='ltr' id='par_1_2' title="bbox 195 287 1808 1613">
     <span class='ocr_line' id='line_1_2' title="bbox 198 287 1802 355; baseline 0 -10"><span class='ocrx_word' id='word_1_7' title='bbox 198 290 361 345; x_wconf 85' lang='lat' dir='ltr'><strong>altari</strong></span> <span class='ocrx_word' id='word_1_8' title='bbox 380 287 713 355; x_wconf 83' lang='lat' dir='ltr'><strong>offeruntur3</strong></span> <span class='ocrx_word' id='word_1_9' title='bbox 755 288 958 342; x_wconf 86' lang='lat' dir='ltr'><strong>namin</strong></span> <span class='ocrx_word' id='word_1_10' title='bbox 978 287 1188 342; x_wconf 87' lang='lat' dir='ltr'><strong>hostias</strong></span> <span class='ocrx_word' id='word_1_11' title='bbox 1207 288 1467 345; x_wconf 88' lang='lat' dir='ltr'><strong>distincta</strong></span> <span class='ocrx_word' id='word_1_12' title='bbox 1488 289 1624 345; x_wconf 83' lang='lat' dir='ltr'><strong>haec</strong></span> <span class='ocrx_word' id='word_1_13' title='bbox 1645 299 1802 346; x_wconf 79' lang='lat' dir='ltr'><strong>sunt:</strong></span> 
     </span>
     <span class='ocr_line' id='line_1_3' title="bbox 196 362 1806 433; baseline 0.001 -14"><span class='ocrx_word' id='word_1_14' title='bbox 196 366 267 420; x_wconf 90' lang='lat' dir='ltr'><strong>de</strong></span> <span class='ocrx_word' id='word_1_15' title='bbox 289 363 650 419; x_wconf 83' lang='lat' dir='ltr'><strong>terrestribus</strong></span> <span class='ocrx_word' id='word_1_16' title='bbox 671 362 775 417; x_wconf 84' lang='lat' dir='ltr'><strong>tria</strong></span> <span class='ocrx_word' id='word_1_17' title='bbox 791 403 803 425; x_wconf 89' lang='lat'><strong>‚</strong></span> <span class='ocrx_word' id='word_1_18' title='bbox 848 362 974 426; x_wconf 78' lang='lat' dir='ltr'><strong>boS,</strong></span> <span class='ocrx_word' id='word_1_19' title='bbox 1019 378 1210 433; x_wconf 86' lang='lat' dir='ltr'><strong>capra,</strong></span> <span class='ocrx_word' id='word_1_20' title='bbox 1247 379 1446 433; x_wconf 89' lang='lat' dir='ltr'><strong>pecus,</strong></span> <span class='ocrx_word' id='word_1_21' title='bbox 1481 372 1534 419; x_wconf 90' lang='lat' dir='ltr'><strong>et</strong></span> <span class='ocrx_word' id='word_1_22' title='bbox 1553 364 1624 420; x_wconf 90' lang='lat' dir='ltr'><strong>de</strong></span> <span class='ocrx_word' id='word_1_23' title='bbox 1641 366 1806 420; x_wconf 88' lang='lat' dir='ltr'><strong>volu-</strong></span> 
     </span>
     <span class='ocr_line' id='line_1_4' title="bbox 196 436 1806 504; baseline 0 -10"><span class='ocrx_word' id='word_1_24' title='bbox 196 439 391 494; x_wconf 89' lang='lat' dir='ltr'><strong>cribus</strong></span> <span class='ocrx_word' id='word_1_25' title='bbox 422 437 561 501; x_wconf 87' lang='lat' dir='ltr'><strong>duc,</strong></span> <span class='ocrx_word' id='word_1_26' title='bbox 604 444 788 491; x_wconf 85' lang='lat' dir='ltr'><strong>turtur</strong></span> <span class='ocrx_word' id='word_1_27' title='bbox 816 445 869 490; x_wconf 91' lang='lat' dir='ltr'><strong>et</strong></span> <span class='ocrx_word' id='word_1_28' title='bbox 897 436 1179 504; x_wconf 83' lang='lat' dir='ltr'><strong>columba3</strong></span> <span class='ocrx_word' id='word_1_29' title='bbox 1231 438 1470 493; x_wconf 80' lang='lat' dir='ltr'><strong>celebrat</strong></span> <span class='ocrx_word' id='word_1_30' title='bbox 1489 441 1638 493; x_wconf 89' lang='lat' dir='ltr'><strong>enim</strong></span> <span class='ocrx_word' id='word_1_31' title='bbox 1659 457 1806 494; x_wconf 90' lang='lat' dir='ltr'><strong>sem-</strong></span> 
     </span>
     <span class='ocr_line' id='line_1_5' title="bbox 196 510 1805 587; baseline 0.001 -20"><span class='ocrx_word' id='word_1_32' title='bbox 196 516 451 587; x_wconf 86' lang='lat' dir='ltr'><strong>piternas</strong></span> <span class='ocrx_word' id='word_1_33' title='bbox 480 512 689 566; x_wconf 89' lang='lat' dir='ltr'><strong>hostias</strong></span> <span class='ocrx_word' id='word_1_34' title='bbox 718 511 989 583; x_wconf 81' lang='lat' dir='ltr'>originem</span> <span class='ocrx_word' id='word_1_35' title='bbox 1011 510 1244 565; x_wconf 85' lang='lat' dir='ltr'><strong>duxisse</strong></span> <span class='ocrx_word' id='word_1_36' title='bbox 1271 529 1302 565; x_wconf 88' lang='lat' dir='ltr'><strong>a</strong></span> <span class='ocrx_word' id='word_1_37' title='bbox 1327 514 1663 583; x_wconf 83' lang='lat' dir='ltr'><strong>patriarcha,</strong></span> <span class='ocrx_word' id='word_1_38' title='bbox 1705 516 1805 587; x_wconf 89' lang='lat' dir='ltr'><strong>qui</strong></span> 
     </span>
     <span class='ocr_line' id='line_1_6' title="bbox 197 584 1808 660; baseline 0 -17"><span class='ocrx_word' id='word_1_39' title='bbox 197 597 253 644; x_wconf 86' lang='lat' dir='ltr'><strong>et</strong></span> <span class='ocrx_word' id='word_1_40' title='bbox 280 589 469 660; x_wconf 83' lang='lat' dir='ltr'><strong>gentis</strong></span> <span class='ocrx_word' id='word_1_41' title='bbox 498 586 655 658; x_wconf 80' lang='lat' dir='ltr'><strong>origo</strong></span> <span class='ocrx_word' id='word_1_42' title='bbox 685 584 811 639; x_wconf 84' lang='lat' dir='ltr'><strong>fuit.</strong></span> <span class='ocrx_word' id='word_1_43' title='bbox 890 586 1180 641; x_wconf 82' lang='lat' dir='ltr'>Caeterum</span> <span class='ocrx_word' id='word_1_44' title='bbox 1215 602 1316 657; x_wconf 91' lang='lat' dir='ltr'><strong>pro</strong></span> <span class='ocrx_word' id='word_1_45' title='bbox 1354 587 1453 640; x_wconf 88' lang='lat' dir='ltr'><strong>illo</strong></span> <span class='ocrx_word' id='word_1_46' title='bbox 1491 588 1646 642; x_wconf 80' lang='lat' dir='ltr'><strong>Ferto</strong></span> <span class='ocrx_word' id='word_1_47' title='bbox 1681 594 1808 643; x_wconf 76' lang='lat' dir='ltr'><strong>mihi</strong></span> 
     </span>
     <span class='ocr_line' id='line_1_7' title="bbox 197 659 1808 734; baseline 0.001 -18"><span class='ocrx_word' id='word_1_48' title='bbox 197 664 411 734; x_wconf 90' lang='lat' dir='ltr'><strong>optime</strong></span> <span class='ocrx_word' id='word_1_49' title='bbox 456 660 669 715; x_wconf 89' lang='lat' dir='ltr'><strong>dictum</strong></span> <span class='ocrx_word' id='word_1_50' title='bbox 721 668 830 713; x_wconf 87' lang='lat' dir='ltr'><strong>est:</strong></span> <span class='ocrx_word' id='word_1_51' title='bbox 898 664 1088 727; x_wconf 79' lang='lat' dir='ltr'><strong><em>Accipe</em></strong></span> <span class='ocrx_word' id='word_1_52' title='bbox 1135 664 1287 729; x_wconf 72' lang='lat' dir='ltr'><strong>mihi5</strong></span> <span class='ocrx_word' id='word_1_53' title='bbox 1356 659 1808 733; x_wconf 87' lang='lat' dir='ltr'><strong>quandoquidem</strong></span> 
     </span>
     <span class='ocr_line' id='line_1_8' title="bbox 195 734 1808 806; baseline 0 -14"><span class='ocrx_word' id='word_1_54' title='bbox 195 744 487 792; x_wconf 78' lang='lat' dir='ltr'><strong>creaturae</strong></span> <span class='ocrx_word' id='word_1_55' title='bbox 522 734 668 791; x_wconf 88' lang='lat' dir='ltr'>nihil</span> <span class='ocrx_word' id='word_1_56' title='bbox 708 734 929 806; x_wconf 85' lang='lat' dir='ltr'>proprie</span> <span class='ocrx_word' id='word_1_57' title='bbox 968 734 1250 805; x_wconf 81' lang='lat' dir='ltr'><strong>peculiare</strong></span> <span class='ocrx_word' id='word_1_58' title='bbox 1298 744 1407 800; x_wconf 88' lang='lat' dir='ltr'><strong>est,</strong></span> <span class='ocrx_word' id='word_1_59' title='bbox 1477 736 1576 790; x_wconf 90' lang='lat' dir='ltr'><strong>sed</strong></span> <span class='ocrx_word' id='word_1_60' title='bbox 1624 739 1808 793; x_wconf 85' lang='lat' dir='ltr'><strong>omnia</strong></span> 
     </span>
     <span class='ocr_line' id='line_1_9' title="bbox 198 808 1802 882; baseline 0.001 -16"><span class='ocrx_word' id='word_1_61' title='bbox 198 820 335 867; x_wconf 86' lang='lat' dir='ltr'><strong>sunt</strong></span> <span class='ocrx_word' id='word_1_62' title='bbox 373 810 515 864; x_wconf 88' lang='lat' dir='ltr'><strong>dona</strong></span> <span class='ocrx_word' id='word_1_63' title='bbox 552 809 873 882; x_wconf 80' lang='lat' dir='ltr'><strong>gratiaeque</strong></span> <span class='ocrx_word' id='word_1_64' title='bbox 913 808 1031 863; x_wconf 90' lang='lat' dir='ltr'><strong>dei:</strong></span> <span class='ocrx_word' id='word_1_65' title='bbox 1097 809 1189 863; x_wconf 88' lang='lat' dir='ltr'><strong>cui</strong></span> <span class='ocrx_word' id='word_1_66' title='bbox 1218 810 1398 882; x_wconf 90' lang='lat' dir='ltr'><strong>placet</strong></span> <span class='ocrx_word' id='word_1_67' title='bbox 1427 812 1679 878; x_wconf 89' lang='lat' dir='ltr'><strong>omnino,</strong></span> <span class='ocrx_word' id='word_1_68' title='bbox 1723 820 1802 878; x_wconf 91' lang='lat' dir='ltr'><strong>ut,</strong></span> 
     </span>
     <span class='ocr_line' id='line_1_10' title="bbox 197 882 1803 960; baseline 0.002 -20"><span class='ocrx_word' id='word_1_69' title='bbox 197 893 499 959; x_wconf 80' lang='lat' dir='ltr'><strong>postquam</strong></span> <span class='ocrx_word' id='word_1_70' title='bbox 517 885 646 956; x_wconf 90' lang='lat' dir='ltr'><strong>quis</strong></span> <span class='ocrx_word' id='word_1_71' title='bbox 669 882 886 954; x_wconf 87' lang='lat' dir='ltr'><strong>aliquid</strong></span> <span class='ocrx_word' id='word_1_72' title='bbox 906 884 1228 955; x_wconf 85' lang='lat' dir='ltr'><strong>sumpserit,</strong></span> <span class='ocrx_word' id='word_1_73' title='bbox 1253 892 1362 940; x_wconf 91' lang='lat' dir='ltr'><strong>toto</strong></span> <span class='ocrx_word' id='word_1_74' title='bbox 1384 884 1578 941; x_wconf 88' lang='lat' dir='ltr'><strong>affectu</strong></span> <span class='ocrx_word' id='word_1_75' title='bbox 1599 889 1803 960; x_wconf 81' lang='lat' dir='ltr'><strong>gratias</strong></span> 
     </span>
     <span class='ocr_line' id='line_1_11' title="bbox 198 959 1807 1031; baseline 0.001 -15"><span class='ocrx_word' id='word_1_76' title='bbox 198 960 427 1017; x_wconf 79' lang='lat' dir='ltr'><strong>referat.</strong></span> <span class='ocrx_word' id='word_1_77' title='bbox 523 959 773 1013; x_wconf 87' lang='lat' dir='ltr'><strong>Trimum</strong></span> <span class='ocrx_word' id='word_1_78' title='bbox 819 975 950 1013; x_wconf 89' lang='lat' dir='ltr'><strong>vero</strong></span> <span class='ocrx_word' id='word_1_79' title='bbox 994 960 1428 1031; x_wconf 88' lang='lat' dir='ltr'><strong>unumquodque</strong></span> <span class='ocrx_word' id='word_1_80' title='bbox 1481 963 1807 1017; x_wconf 88' lang='lat' dir='ltr'><strong>animalium</strong></span> 
     </span>
     <span class='ocr_line' id='line_1_12' title="bbox 198 1033 1806 1106; baseline 0 -16"><span class='ocrx_word' id='word_1_81' title='bbox 198 1036 367 1090; x_wconf 86' lang='lat' dir='ltr'><strong>iubet</strong></span> <span class='ocrx_word' id='word_1_82' title='bbox 406 1033 675 1106; x_wconf 82' lang='lat' dir='ltr'><strong>accipere3</strong></span> <span class='ocrx_word' id='word_1_83' title='bbox 740 1033 1001 1103; x_wconf 89' lang='lat' dir='ltr'><strong>quoniam</strong></span> <span class='ocrx_word' id='word_1_84' title='bbox 1037 1034 1236 1104; x_wconf 86' lang='lat' dir='ltr'><strong>plenus</strong></span> <span class='ocrx_word' id='word_1_85' title='bbox 1276 1052 1338 1088; x_wconf 87' lang='lat' dir='ltr'><strong>ac</strong></span> <span class='ocrx_word' id='word_1_86' title='bbox 1376 1035 1652 1105; x_wconf 80' lang='lat' dir='ltr'><strong>perfectus</strong></span> <span class='ocrx_word' id='word_1_87' title='bbox 1700 1055 1806 1090; x_wconf 88' lang='lat' dir='ltr'><strong>nu-</strong></span> 
     </span>
     <span class='ocr_line' id='line_1_13' title="bbox 200 1108 1802 1180; baseline -0.001 -15"><span class='ocrx_word' id='word_1_88' title='bbox 200 1126 400 1165; x_wconf 86' lang='lat' dir='ltr'><strong>merus</strong></span> <span class='ocrx_word' id='word_1_89' title='bbox 422 1116 500 1163; x_wconf 84' lang='lat' dir='ltr'><strong>est</strong></span> <span class='ocrx_word' id='word_1_90' title='bbox 516 1109 693 1163; x_wconf 85' lang='lat' dir='ltr'><strong>trinus</strong></span> <span class='ocrx_word' id='word_1_91' title='bbox 709 1149 721 1171; x_wconf 93' lang='lat'><strong>,</strong></span> <span class='ocrx_word' id='word_1_92' title='bbox 748 1110 1051 1163; x_wconf 85' lang='lat' dir='ltr'><strong>consistens</strong></span> <span class='ocrx_word' id='word_1_93' title='bbox 1069 1108 1366 1180; x_wconf 89' lang='lat' dir='ltr'><strong>principio,</strong></span> <span class='ocrx_word' id='word_1_94' title='bbox 1396 1108 1582 1164; x_wconf 90' lang='lat' dir='ltr'><strong>medio</strong></span> <span class='ocrx_word' id='word_1_95' title='bbox 1602 1118 1656 1163; x_wconf 82' lang='lat' dir='ltr'><strong>et</strong></span> <span class='ocrx_word' id='word_1_96' title='bbox 1675 1110 1802 1164; x_wconf 88' lang='lat' dir='ltr'><strong>fine.</strong></span> 
     </span>
     <span class='ocr_line' id='line_1_14' title="bbox 201 1182 1806 1254; baseline -0.001 -14"><span class='ocrx_word' id='word_1_97' title='bbox 201 1186 461 1240; x_wconf 84' lang='lat' dir='ltr'><strong>Attamen</strong></span> <span class='ocrx_word' id='word_1_98' title='bbox 482 1182 735 1237; x_wconf 85' lang='lat' dir='ltr'><strong>dubitare</strong></span> <span class='ocrx_word' id='word_1_99' title='bbox 758 1182 911 1247; x_wconf 91' lang='lat' dir='ltr'><strong>licet,</strong></span> <span class='ocrx_word' id='word_1_100' title='bbox 944 1200 1115 1254; x_wconf 86' lang='lat' dir='ltr'><strong>quare</strong></span> <span class='ocrx_word' id='word_1_101' title='bbox 1139 1183 1406 1237; x_wconf 87' lang='lat' dir='ltr'><strong>extribus</strong></span> <span class='ocrx_word' id='word_1_102' title='bbox 1433 1184 1806 1239; x_wconf 85' lang='lat' dir='ltr'><strong>animantibus</strong></span> 
     </span>
     <span class='ocr_line' id='line_1_15' title="bbox 202 1256 1805 1330; baseline -0.001 -15"><span class='ocrx_word' id='word_1_103' title='bbox 202 1260 348 1315; x_wconf 85' lang='lat' dir='ltr'><strong>duas</strong></span> <span class='ocrx_word' id='word_1_104' title='bbox 386 1258 628 1313; x_wconf 74' lang='lat' dir='ltr'><strong>feminas·</strong></span> <span class='ocrx_word' id='word_1_105' title='bbox 654 1256 907 1321; x_wconf 89' lang='lat' dir='ltr'><strong>inducat,</strong></span> <span class='ocrx_word' id='word_1_106' title='bbox 961 1257 1198 1313; x_wconf 85' lang='lat' dir='ltr'><strong>vitulam</strong></span> <span class='ocrx_word' id='word_1_107' title='bbox 1238 1266 1290 1313; x_wconf 90' lang='lat' dir='ltr'><strong>et</strong></span> <span class='ocrx_word' id='word_1_108' title='bbox 1327 1275 1574 1330; x_wconf 85' lang='lat' dir='ltr'><strong>capram,</strong></span> <span class='ocrx_word' id='word_1_109' title='bbox 1630 1277 1805 1314; x_wconf 91' lang='lat' dir='ltr'><strong>unum</strong></span> 
     </span>
     <span class='ocr_line' id='line_1_16' title="bbox 204 1330 1805 1405; baseline 0.001 -17"><span class='ocrx_word' id='word_1_110' title='bbox 204 1351 339 1389; x_wconf 84' lang='lat' dir='ltr'><strong>vero</strong></span> <span class='ocrx_word' id='word_1_111' title='bbox 363 1333 696 1395; x_wconf 86' lang='lat' dir='ltr'><strong>masculum,</strong></span> <span class='ocrx_word' id='word_1_112' title='bbox 722 1330 983 1386; x_wconf 75' lang='lat' dir='ltr'><strong>arietem?</strong></span> <span class='ocrx_word' id='word_1_113' title='bbox 1026 1333 1110 1386; x_wconf 94' lang='lat' dir='ltr'><strong>Ne</strong></span> <span class='ocrx_word' id='word_1_114' title='bbox 1131 1332 1266 1387; x_wconf 88' lang='lat' dir='ltr'><strong>forte</strong></span> <span class='ocrx_word' id='word_1_115' title='bbox 1287 1332 1438 1397; x_wconf 90' lang='lat' dir='ltr'><strong>ideo,</strong></span> <span class='ocrx_word' id='word_1_116' title='bbox 1458 1334 1608 1405; x_wconf 91' lang='lat' dir='ltr'><strong>quod</strong></span> <span class='ocrx_word' id='word_1_117' title='bbox 1629 1335 1805 1389; x_wconf 87' lang='lat' dir='ltr'><strong>vitula</strong></span> 
     </span>
     <span class='ocr_line' id='line_1_17' title="bbox 204 1404 1799 1480; baseline -0.001 -16"><span class='ocrx_word' id='word_1_118' title='bbox 204 1418 259 1465; x_wconf 84' lang='lat' dir='ltr'><strong>et</strong></span> <span class='ocrx_word' id='word_1_119' title='bbox 290 1425 458 1480; x_wconf 87' lang='lat' dir='ltr'><strong>capra</strong></span> <span class='ocrx_word' id='word_1_120' title='bbox 485 1407 555 1461; x_wconf 91' lang='lat' dir='ltr'><strong>ob</strong></span> <span class='ocrx_word' id='word_1_121' title='bbox 584 1414 873 1479; x_wconf 88' lang='lat' dir='ltr'><strong>peccatum</strong></span> <span class='ocrx_word' id='word_1_122' title='bbox 908 1404 1235 1471; x_wconf 82' lang='lat' dir='ltr'><strong>offeruntur,</strong></span> <span class='ocrx_word' id='word_1_123' title='bbox 1288 1425 1395 1462; x_wconf 91' lang='lat' dir='ltr'><strong>non</strong></span> <span class='ocrx_word' id='word_1_124' title='bbox 1433 1417 1613 1462; x_wconf 88' lang='lat' dir='ltr'><strong>autem</strong></span> <span class='ocrx_word' id='word_1_125' title='bbox 1650 1410 1799 1477; x_wconf 79' lang='lat' dir='ltr'><strong>ovis3</strong></span> 
     </span>
     <span class='ocr_line' id='line_1_18' title="bbox 202 1480 1806 1556; baseline 0.001 -19"><span class='ocrx_word' id='word_1_126' title='bbox 202 1486 353 1539; x_wconf 86' lang='lat' dir='ltr'><strong>sicut</strong></span> <span class='ocrx_word' id='word_1_127' title='bbox 374 1491 427 1538; x_wconf 88' lang='lat' dir='ltr'><strong>et</strong></span> <span class='ocrx_word' id='word_1_128' title='bbox 446 1498 674 1553; x_wconf 87' lang='lat' dir='ltr'><strong>peccare</strong></span> <span class='ocrx_word' id='word_1_129' title='bbox 702 1498 775 1535; x_wconf 87' lang='lat' dir='ltr'><strong>ex</strong></span> <span class='ocrx_word' id='word_1_130' title='bbox 802 1480 1098 1555; x_wconf 83' lang='lat' dir='ltr'><strong>fragilitate</strong></span> <span class='ocrx_word' id='word_1_131' title='bbox 1126 1482 1407 1553; x_wconf 85' lang='lat' dir='ltr'><strong>provenit,</strong></span> <span class='ocrx_word' id='word_1_132' title='bbox 1452 1482 1668 1556; x_wconf 82' lang='lat' dir='ltr'><strong>fragilis</strong></span> <span class='ocrx_word' id='word_1_133' title='bbox 1706 1501 1806 1538; x_wconf 85' lang='lat' dir='ltr'><strong>au-</strong></span> 
     </span>
     <span class='ocr_line' id='line_1_19' title="bbox 198 1556 664 1613; baseline -0.004 0"><span class='ocrx_word' id='word_1_134' title='bbox 198 1570 313 1613; x_wconf 89' lang='lat' dir='ltr'><strong>tem</strong></span> <span class='ocrx_word' id='word_1_135' title='bbox 336 1566 420 1612; x_wconf 88' lang='lat' dir='ltr'><strong>est</strong></span> <span class='ocrx_word' id='word_1_136' title='bbox 439 1556 664 1611; x_wconf 83' lang='lat' dir='ltr'><strong>femina.</strong></span> 
     </span>
    </p>
   </div>
   <div class='ocr_carea' id='block_1_3' title="bbox 198 1644 1810 1937">
    <p class='ocr_par' dir='ltr' id='par_1_3' title="bbox 198 1644 1810 1937">
     <span class='ocr_line' id='line_1_20' title="bbox 318 1644 1805 1717; baseline -0.001 -17"><span class='ocrx_word' id='word_1_137' title='bbox 318 1644 607 1701; x_wconf 85' lang='lat' dir='ltr'><strong>Tantidem</strong></span> <span class='ocrx_word' id='word_1_138' title='bbox 646 1644 895 1717; x_wconf 89' lang='lat' dir='ltr'><strong>apposite</strong></span> <span class='ocrx_word' id='word_1_139' title='bbox 922 1644 1033 1699; x_wconf 84' lang='lat' dir='ltr'><strong>iam</strong></span> <span class='ocrx_word' id='word_1_140' title='bbox 1062 1644 1246 1699; x_wconf 86' lang='lat' dir='ltr'><strong>dicere</strong></span> <span class='ocrx_word' id='word_1_141' title='bbox 1283 1644 1468 1699; x_wconf 86' lang='lat' dir='ltr'><strong>visum</strong></span> <span class='ocrx_word' id='word_1_142' title='bbox 1503 1654 1605 1701; x_wconf 88' lang='lat' dir='ltr'><strong>est.</strong></span> <span class='ocrx_word' id='word_1_143' title='bbox 1686 1648 1805 1701; x_wconf 91' lang='lat' dir='ltr'><strong>Non</strong></span> 
     </span>
     <span class='ocr_line' id='line_1_21' title="bbox 200 1718 1808 1793; baseline 0 -18"><span class='ocrx_word' id='word_1_144' title='bbox 200 1732 389 1775; x_wconf 81' lang='lat' dir='ltr'><strong>tamen</strong></span> <span class='ocrx_word' id='word_1_145' title='bbox 418 1721 637 1793; x_wconf 80' lang='lat' dir='ltr'><strong>ignom,</strong></span> <span class='ocrx_word' id='word_1_146' title='bbox 687 1720 839 1791; x_wconf 91' lang='lat' dir='ltr'><strong>quod</strong></span> <span class='ocrx_word' id='word_1_147' title='bbox 868 1718 1187 1785; x_wconf 85' lang='lat' dir='ltr'><strong>huiusmodi</strong></span> <span class='ocrx_word' id='word_1_148' title='bbox 1214 1721 1398 1773; x_wconf 90' lang='lat' dir='ltr'><strong>omnia</strong></span> <span class='ocrx_word' id='word_1_149' title='bbox 1429 1738 1616 1775; x_wconf 90' lang='lat' dir='ltr'><strong>ansam</strong></span> <span class='ocrx_word' id='word_1_150' title='bbox 1646 1738 1808 1791; x_wconf 88' lang='lat' dir='ltr'><strong>prae-</strong></span> 
     </span>
     <span class='ocr_line' id='line_1_22' title="bbox 198 1792 1808 1869; baseline -0.002 -19"><span class='ocrx_word' id='word_1_151' title='bbox 198 1796 338 1850; x_wconf 90' lang='lat' dir='ltr'><strong>bent</strong></span> <span class='ocrx_word' id='word_1_152' title='bbox 360 1794 681 1849; x_wconf 90' lang='lat' dir='ltr'><strong>hominibus</strong></span> <span class='ocrx_word' id='word_1_153' title='bbox 708 1792 780 1869; x_wconf 82' lang='lat'><strong>[*]</strong></span> <span class='ocrx_word' id='word_1_154' title='bbox 805 1795 1039 1849; x_wconf 86' lang='lat' dir='ltr'><strong>inaniter</strong></span> <span class='ocrx_word' id='word_1_155' title='bbox 1061 1794 1512 1855; x_wconf 75' lang='lat' dir='ltr'><strong>criminantibu5‚</strong></span> <span class='ocrx_word' id='word_1_156' title='bbox 1547 1802 1608 1847; x_wconf 89' lang='lat' dir='ltr'><strong>ut</strong></span> <span class='ocrx_word' id='word_1_157' title='bbox 1629 1794 1698 1847; x_wconf 91' lang='lat' dir='ltr'><strong>de</strong></span> <span class='ocrx_word' id='word_1_158' title='bbox 1719 1812 1808 1847; x_wconf 88' lang='lat' dir='ltr'><strong>sa-</strong></span> 
     </span>
     <span class='ocr_line' id='line_1_23' title="bbox 201 1866 1810 1937; baseline -0.002 -13"><span class='ocrx_word' id='word_1_159' title='bbox 201 1872 313 1925; x_wconf 87' lang='lat' dir='ltr'><strong>cris</strong></span> <span class='ocrx_word' id='word_1_160' title='bbox 337 1869 499 1924; x_wconf 89' lang='lat' dir='ltr'><strong>libris</strong></span> <span class='ocrx_word' id='word_1_161' title='bbox 520 1868 830 1924; x_wconf 79' lang='lat' dir='ltr'><strong>detrahant.</strong></span> <span class='ocrx_word' id='word_1_162' title='bbox 889 1870 1048 1923; x_wconf 91' lang='lat' dir='ltr'><strong>Nunc</strong></span> <span class='ocrx_word' id='word_1_163' title='bbox 1070 1870 1256 1937; x_wconf 84' lang='lat' dir='ltr'><strong>itaque</strong></span> <span class='ocrx_word' id='word_1_164' title='bbox 1276 1866 1418 1920; x_wconf 89' lang='lat' dir='ltr'><strong>nihil</strong></span> <span class='ocrx_word' id='word_1_165' title='bbox 1441 1866 1594 1919; x_wconf 86' lang='lat' dir='ltr'><strong>aliud</strong></span> <span class='ocrx_word' id='word_1_166' title='bbox 1617 1866 1810 1921; x_wconf 88' lang='lat' dir='ltr'><strong>dicunt</strong></span> 
     </span>
    </p>
   </div>
   <div class='ocr_carea' id='block_1_4' title="bbox 108 1939 1809 2013">
    <p class='ocr_par' dir='ltr' id='par_1_4' title="bbox 108 1939 1809 2013">
     <span class='ocr_line' id='line_1_24' title="bbox 108 1939 1809 2013; baseline -0.001 -15"><span class='ocrx_word' id='word_1_167' title='bbox 108 2004 119 2013; x_wconf 49' lang='grc'>,</span> <span class='ocrx_word' id='word_1_168' title='bbox 202 1946 313 1999; x_wconf 89' lang='lat' dir='ltr'><strong>nisi</strong></span> <span class='ocrx_word' id='word_1_169' title='bbox 336 1945 774 1999; x_wconf 90' lang='lat' dir='ltr'><strong>immolationem</strong></span> <span class='ocrx_word' id='word_1_170' title='bbox 794 1940 1059 1997; x_wconf 85' lang='lat' dir='ltr'><strong>delineari</strong></span> <span class='ocrx_word' id='word_1_171' title='bbox 1089 1958 1152 1995; x_wconf 91' lang='lat' dir='ltr'><strong>ac</strong></span> <span class='ocrx_word' id='word_1_172' title='bbox 1181 1939 1418 1995; x_wconf 89' lang='lat' dir='ltr'><strong>indicari</strong></span> <span class='ocrx_word' id='word_1_173' title='bbox 1448 1956 1546 2013; x_wconf 91' lang='lat' dir='ltr'><strong>per</strong></span> <span class='ocrx_word' id='word_1_174' title='bbox 1574 1940 1809 1997; x_wconf 88' lang='lat' dir='ltr'><strong>divisio·</strong></span> 
     </span>
    </p>
   </div>
   <div class='ocr_carea' id='block_1_5' title="bbox 201 2016 1808 2538">
    <p class='ocr_par' dir='ltr' id='par_1_5' title="bbox 201 2016 1808 2538">
     <span class='ocr_line' id='line_1_25' title="bbox 201 2016 1807 2090; baseline 0 -17"><span class='ocrx_word' id='word_1_175' title='bbox 201 2036 333 2073; x_wconf 89' lang='lat' dir='ltr'><strong>nem</strong></span> <span class='ocrx_word' id='word_1_176' title='bbox 363 2018 688 2073; x_wconf 85' lang='lat' dir='ltr'><strong>animalium</strong></span> <span class='ocrx_word' id='word_1_177' title='bbox 724 2018 1252 2089; x_wconf 88' lang='lat' dir='ltr'><strong>inquisitionemque</strong></span> <span class='ocrx_word' id='word_1_178' title='bbox 1291 2016 1593 2071; x_wconf 90' lang='lat' dir='ltr'><strong>viscerum:</strong></span> <span class='ocrx_word' id='word_1_179' title='bbox 1657 2017 1807 2090; x_wconf 91' lang='lat' dir='ltr'><strong>quod</strong></span> 
     </span>
     <span class='ocr_line' id='line_1_26' title="bbox 205 2092 1807 2155; baseline 0 -8"><span class='ocrx_word' id='word_1_180' title='bbox 205 2102 390 2148; x_wconf 89' lang='lat' dir='ltr'><strong>autem</strong></span> <span class='ocrx_word' id='word_1_181' title='bbox 412 2092 691 2149; x_wconf 89' lang='lat' dir='ltr'><strong>adsederit</strong></span> <span class='ocrx_word' id='word_1_182' title='bbox 711 2093 821 2155; x_wconf 76' lang='lat' dir='ltr'><strong>eie,</strong></span> <span class='ocrx_word' id='word_1_183' title='bbox 860 2092 1252 2146; x_wconf 86' lang='lat' dir='ltr'><strong>indicationem</strong></span> <span class='ocrx_word' id='word_1_184' title='bbox 1273 2092 1426 2146; x_wconf 86' lang='lat' dir='ltr'><strong>aiunt</strong></span> <span class='ocrx_word' id='word_1_185' title='bbox 1456 2109 1576 2147; x_wconf 89' lang='lat' dir='ltr'><strong>esse</strong></span> <span class='ocrx_word' id='word_1_186' title='bbox 1603 2110 1807 2147; x_wconf 87' lang='lat' dir='ltr'><strong>conve-</strong></span> 
     </span>
     <span class='ocr_line' id='line_1_27' title="bbox 203 2165 1803 2223; baseline 0.001 -2"><span class='ocrx_word' id='word_1_187' title='bbox 203 2168 447 2223; x_wconf 89' lang='lat' dir='ltr'><strong>nientiae</strong></span> <span class='ocrx_word' id='word_1_188' title='bbox 481 2177 533 2223; x_wconf 90' lang='lat' dir='ltr'><strong>et</strong></span> <span class='ocrx_word' id='word_1_189' title='bbox 562 2165 901 2223; x_wconf 90' lang='lat' dir='ltr'><strong>occurrentis</strong></span> <span class='ocrx_word' id='word_1_190' title='bbox 928 2184 998 2220; x_wconf 89' lang='lat' dir='ltr'><strong>ex</strong></span> <span class='ocrx_word' id='word_1_191' title='bbox 1030 2166 1354 2221; x_wconf 88' lang='lat' dir='ltr'><strong>visibilibus</strong></span> <span class='ocrx_word' id='word_1_192' title='bbox 1394 2167 1803 2222; x_wconf 61' lang='lat' dir='ltr'><strong>similitudinis</strong></span> 
     </span>
     <span class='ocr_line' id='line_1_28' title="bbox 202 2240 1806 2314; baseline -0.001 -17"><span class='ocrx_word' id='word_1_193' title='bbox 202 2242 409 2297; x_wconf 86' lang='lat' dir='ltr'><strong>Verum</strong></span> <span class='ocrx_word' id='word_1_194' title='bbox 448 2244 570 2307; x_wconf 90' lang='lat' dir='ltr'><strong>isti,</strong></span> <span class='ocrx_word' id='word_1_195' title='bbox 612 2250 675 2296; x_wconf 92' lang='lat' dir='ltr'><strong>ut</strong></span> <span class='ocrx_word' id='word_1_196' title='bbox 715 2240 857 2293; x_wconf 90' lang='lat' dir='ltr'><strong>mihi</strong></span> <span class='ocrx_word' id='word_1_197' title='bbox 894 2240 1112 2305; x_wconf 88' lang='lat' dir='ltr'><strong>videor,</strong></span> <span class='ocrx_word' id='word_1_198' title='bbox 1163 2258 1234 2295; x_wconf 84' lang='lat' dir='ltr'><strong>ex</strong></span> <span class='ocrx_word' id='word_1_199' title='bbox 1261 2241 1378 2296; x_wconf 89' lang='lat' dir='ltr'><strong>illis</strong></span> <span class='ocrx_word' id='word_1_200' title='bbox 1408 2251 1563 2306; x_wconf 89' lang='lat' dir='ltr'><strong>sunt,</strong></span> <span class='ocrx_word' id='word_1_201' title='bbox 1607 2243 1705 2314; x_wconf 91' lang='lat' dir='ltr'><strong>qui</strong></span> <span class='ocrx_word' id='word_1_202' title='bbox 1736 2260 1806 2296; x_wconf 86' lang='lat' dir='ltr'><strong>ex</strong></span> 
     </span>
     <span class='ocr_line' id='line_1_29' title="bbox 204 2314 1808 2389; baseline -0.001 -19"><span class='ocrx_word' id='word_1_203' title='bbox 204 2318 369 2371; x_wconf 87' lang='lat' dir='ltr'><strong>unica</strong></span> <span class='ocrx_word' id='word_1_204' title='bbox 398 2326 553 2389; x_wconf 87' lang='lat' dir='ltr'><strong>parte</strong></span> <span class='ocrx_word' id='word_1_205' title='bbox 583 2314 896 2370; x_wconf 88' lang='lat' dir='ltr'><strong>diiudicant</strong></span> <span class='ocrx_word' id='word_1_206' title='bbox 922 2322 1122 2380; x_wconf 91' lang='lat' dir='ltr'><strong>totum,</strong></span> <span class='ocrx_word' id='word_1_207' title='bbox 1161 2332 1269 2370; x_wconf 91' lang='lat' dir='ltr'><strong>non</strong></span> <span class='ocrx_word' id='word_1_208' title='bbox 1299 2330 1430 2371; x_wconf 87' lang='lat' dir='ltr'><strong>vero</strong></span> <span class='ocrx_word' id='word_1_209' title='bbox 1457 2317 1708 2389; x_wconf 89' lang='lat' dir='ltr'><strong>opposite</strong></span> <span class='ocrx_word' id='word_1_210' title='bbox 1737 2332 1808 2369; x_wconf 87' lang='lat' dir='ltr'><strong>ex</strong></span> 
     </span>
     <span class='ocr_line' id='line_1_30' title="bbox 203 2388 1807 2462; baseline -0.003 -17"><span class='ocrx_word' id='word_1_211' title='bbox 203 2399 313 2446; x_wconf 88' lang='lat' dir='ltr'><strong>toto</strong></span> <span class='ocrx_word' id='word_1_212' title='bbox 343 2400 583 2462; x_wconf 86' lang='lat' dir='ltr'><strong>partem:</strong></span> <span class='ocrx_word' id='word_1_213' title='bbox 644 2406 790 2461; x_wconf 86' lang='lat' dir='ltr'><strong>quae</strong></span> <span class='ocrx_word' id='word_1_214' title='bbox 816 2388 1011 2443; x_wconf 91' lang='lat' dir='ltr'><strong>melior</strong></span> <span class='ocrx_word' id='word_1_215' title='bbox 1044 2397 1126 2444; x_wconf 87' lang='lat' dir='ltr'><strong>est</strong></span> <span class='ocrx_word' id='word_1_216' title='bbox 1160 2389 1514 2455; x_wconf 90' lang='lat' dir='ltr'><strong>diiudicatio,</strong></span> <span class='ocrx_word' id='word_1_217' title='bbox 1557 2406 1666 2461; x_wconf 91' lang='lat' dir='ltr'><strong>qua</strong></span> <span class='ocrx_word' id='word_1_218' title='bbox 1695 2398 1807 2442; x_wconf 85' lang='lat' dir='ltr'><strong>tam</strong></span> 
     </span>
     <span class='ocr_line' id='line_1_31' title="bbox 204 2464 1329 2538; baseline -0.002 -19"><span class='ocrx_word' id='word_1_219' title='bbox 204 2482 404 2520; x_wconf 86' lang='lat' dir='ltr'><strong>nomen</strong></span> <span class='ocrx_word' id='word_1_220' title='bbox 418 2508 433 2530; x_wconf 93' lang='lat'>‚</span> <span class='ocrx_word' id='word_1_221' title='bbox 469 2482 637 2538; x_wconf 85' lang='lat' dir='ltr'><strong>quam</strong></span> <span class='ocrx_word' id='word_1_222' title='bbox 659 2480 749 2519; x_wconf 90' lang='lat' dir='ltr'><strong>res</strong></span> <span class='ocrx_word' id='word_1_223' title='bbox 769 2466 989 2517; x_wconf 87' lang='lat' dir='ltr'><strong>omnino</strong></span> <span class='ocrx_word' id='word_1_224' title='bbox 1008 2464 1329 2535; x_wconf 88' lang='lat' dir='ltr'><strong>probentur.</strong></span> 
     </span>
    </p>
   </div>
   <div class='ocr_carea' id='block_1_6' title="bbox 199 2548 1810 2699">
    <p class='ocr_par' dir='ltr' id='par_1_6' title="bbox 199 2548 1810 2699">
     <span class='ocr_line' id='line_1_32' title="bbox 314 2548 1809 2627; baseline -0.004 -18"><span class='ocrx_word' id='word_1_225' title='bbox 314 2557 415 2610; x_wconf 92' lang='lat' dir='ltr'><strong>Est</strong></span> <span class='ocrx_word' id='word_1_226' title='bbox 434 2557 623 2627; x_wconf 90' lang='lat' dir='ltr'><strong>itaque</strong></span> <span class='ocrx_word' id='word_1_227' title='bbox 644 2554 923 2627; x_wconf 81' lang='lat' dir='ltr'><strong>legislatio</strong></span> <span class='ocrx_word' id='word_1_228' title='bbox 944 2553 1021 2625; x_wconf 91' lang='lat' dir='ltr'><strong>(h.</strong></span> <span class='ocrx_word' id='word_1_229' title='bbox 1046 2573 1097 2609; x_wconf 91' lang='lat' dir='ltr'><strong>e.</strong></span> <span class='ocrx_word' id='word_1_230' title='bbox 1121 2556 1394 2625; x_wconf 85' lang='lat' dir='ltr'><strong>scriptura</strong></span> <span class='ocrx_word' id='word_1_231' title='bbox 1415 2548 1616 2623; x_wconf 84' lang='lat' dir='ltr'><strong>sacra),</strong></span> <span class='ocrx_word' id='word_1_232' title='bbox 1653 2557 1714 2602; x_wconf 92' lang='lat' dir='ltr'><strong>ut</strong></span> <span class='ocrx_word' id='word_1_233' title='bbox 1735 2550 1809 2604; x_wconf 89' lang='lat' dir='ltr'><strong>ita</strong></span> 
     </span>
     <span class='ocr_line' id='line_1_33' title="bbox 199 2624 1810 2699; baseline -0.005 -14"><span class='ocrx_word' id='word_1_234' title='bbox 199 2630 475 2694; x_wconf 87' lang='lat' dir='ltr'><strong>dixerim,</strong></span> <span class='ocrx_word' id='word_1_235' title='bbox 500 2631 701 2685; x_wconf 84' lang='lat' dir='ltr'><strong>vivens</strong></span> <span class='ocrx_word' id='word_1_236' title='bbox 722 2627 1003 2699; x_wconf 89' lang='lat' dir='ltr'><strong>quoddam</strong></span> <span class='ocrx_word' id='word_1_237' title='bbox 1023 2630 1270 2683; x_wconf 89' lang='lat' dir='ltr'><strong>unitum:</strong></span> <span class='ocrx_word' id='word_1_238' title='bbox 1315 2624 1465 2696; x_wconf 91' lang='lat' dir='ltr'><strong>quod</strong></span> <span class='ocrx_word' id='word_1_239' title='bbox 1491 2630 1664 2677; x_wconf 88' lang='lat' dir='ltr'><strong>totum</strong></span> <span class='ocrx_word' id='word_1_240' title='bbox 1684 2624 1810 2677; x_wconf 86' lang='lat' dir='ltr'><strong>totis</strong></span> 
     </span>
    </p>
   </div>
   <div class='ocr_carea' id='block_1_7' title="bbox 198 2698 1814 2822">
    <p class='ocr_par' dir='ltr' id='par_1_7' title="bbox 198 2698 1814 2822">
     <span class='ocr_line' id='line_1_34' title="bbox 198 2698 1814 2822; baseline -0.009 -62"><span class='ocrx_word' id='word_1_241' title='bbox 198 2705 381 2760; x_wconf 87' lang='lat' dir='ltr'><strong>oculis</strong></span> <span class='ocrx_word' id='word_1_242' title='bbox 418 2704 597 2762; x_wconf 82' lang='lat' dir='ltr'><strong>nitide</strong></span> <span class='ocrx_word' id='word_1_243' title='bbox 625 2711 841 2777; x_wconf 86' lang='lat' dir='ltr'><strong>oportet</strong></span> <span class='ocrx_word' id='word_1_244' title='bbox 868 2704 1294 2775; x_wconf 85' lang='lat' dir='ltr'><strong>circumspicere</strong></span> <span class='ocrx_word' id='word_1_245' title='bbox 1311 2698 1705 2822; x_wconf 54' lang='lat' dir='ltr'><strong>xtzuniversam</strong></span> <span class='ocrx_word' id='word_1_246' title='bbox 1725 2698 1814 2747; x_wconf 87' lang='lat' dir='ltr'><strong>in-</strong></span> 
     </span>
    </p>
   </div>
  </div>
 </body>
</html>
