2125 3084
172 227 259 291 [11,
286 224 409 288 322]
526 231 607 274 IN
646 231 1003 277 GEN‘ESIN.
1054 232 1308 277 annuo
1349 218 1431 281 iv.
1687 228 1781 283 ⁴37

176 330 415 393 candae,
450 346 561 385 non
580 331 795 386 cunctis
814 331 1011 395 simul,
1041 348 1113 385 ne
1133 333 1324 385 mortis
1337 372 1350 395 ,
1379 349 1548 403 quam
1566 336 1780 391 utilita-

174 407 245 461 tis
266 407 346 461 sit
366 422 559 471 causa3
610 420 789 475 neque
808 423 959 461 more
984 406 1358 461 invidentium
1385 408 1772 478 sophistarum,

176 482 272 551 qui
311 496 417 551 per
454 480 705 534 auditum
744 482 1104 545 anteriorum,
1146 496 1288 550 quae
1317 480 1468 535 intus
1498 498 1772 553 accepere,

176 556 445 612 hauriunt
475 570 675 625 aquam
701 562 933 619 tantam,
974 564 1037 610 ut
1062 556 1460 626 paucissimam
1479 556 1537 609 in
1559 574 1618 610 se
1639 557 1777 612 ferre

172 638 403 701 queant.
480 628 589 695 Qui
608 646 738 684 vero
757 638 881 701 post
899 639 1124 703 gustum
1145 630 1426 685 desiderat
1443 630 1504 684 in
1525 647 1778 686 mensura

174 704 411 777 hydriae
432 720 623 761 secum
643 712 856 775 portare
870 746 883 769 ,
908 704 1094 777 (nihil)
1109 706 1336 760 omnino
1353 706 1414 759 in
1431 714 1632 759 terram
1653 705 1781 760 fun-

171 780 307 834 dere
330 778 545 842 studet,
576 779 676 833 sed
697 778 714 830 ί
718 778 805 853 ad)
822 788 1013 850 potum
1041 780 1450 835 communitatis
1481 787 1646 851 atque
1677 781 1780 835 hu-

168 854 461 911 manitatis
492 856 668 923 aperit
694 853 784 925 (al.
814 854 998 927 tollit).
1079 854 1238 920 Quod
1265 855 1314 908 si
1344 855 1471 925 quis
1500 863 1780 926 tamquam

165 931 545 983 instrumento
573 929 787 982 musico
816 930 991 999 possit
1028 930 1089 982 in
1127 928 1468 983 harmoniam
1505 929 1774 1001 redigere,

168 1004 283 1058 erit
302 1005 511 1072 optima
531 1002 781 1074 miraque
800 1003 969 1057 nimis
992 1003 1302 1058 concordia.

230 1152 331 1201 Cur
366 1150 507 1204 dicit.-
561 1149 807 1213 „Factum
842 1160 911 1200 est
936 1152 1219 1217 priusquam
1253 1128 1726 1216 z'psffconsummaret

544 1217 673 1281 loqui
703 1216 753 1266 in
786 1227 934 1267 mente
966 1222 1134 1268 sua“?
1170 1220 1274 1284 (24,
1309 1219 1413 1283 15.)

296 1322 381 1373 96.
430 1319 675 1376 Primum
704 1319 895 1374 edocet
922 1319 1134 1391 duplex
1151 1335 1274 1375 esse
1292 1320 1553 1375 verbum:
1603 1338 1775 1375 unum

171 1394 331 1467 quod
350 1395 410 1449 in
439 1392 669 1449 consilio
696 1394 908 1451 habitat
938 1394 1140 1467 (ratio),
1183 1395 1416 1449 alterum
1444 1396 1594 1467 quod
1623 1404 1775 1451 extra

170 1468 513 1541 proferimus
539 1466 610 1541 [³¹⁵]
636 1468 866 1540 (oratio).
914 1468 1158 1535 Quorum
1177 1477 1474 1541 utrumque
1493 1473 1774 1543 propriam

173 1545 291 1599 sibi
314 1560 506 1599 vocem
525 1542 717 1597 habet:
759 1544 1032 1615 prolatum
1052 1562 1172 1599 eam
1187 1585 1199 1608 ,
1232 1561 1373 1615 quae
1391 1548 1776 1617 pronuntiatur

172 1636 277 1690 per
308 1620 532 1674 nomina
570 1618 875 1689 verbaque3
932 1618 1082 1690 quod
1109 1628 1292 1681 autem
1321 1621 1378 1673 in
1409 1621 1640 1675 consilio
1671 1628 1770 1683 est,

174 1694 339 1755 illam
352 1735 364 1757 ‚
398 1710 541 1764 quae
561 1710 660 1763 per
680 1693 1063 1765 cogitationem
1084 1694 1412 1765 exprimitur
1431 1696 1489 1748 in
1520 1694 1777 1748 conside-

174 1769 390 1823 ratione
421 1768 783 1831 intellectiva,
826 1769 1088 1839 quoniam
1114 1768 1292 1839 magis
1314 1770 1566 1839 energice
1589 1768 1778 1821 admo—

176 1844 331 1906 nuit,
375 1842 659 1898 declarans
688 1842 929 1897 locutum
958 1842 1249 1912 essequod
1270 1840 1575 1894 iudicatum
1595 1840 1700 1894 fuit
1720 1842 1777 1893 in

174 1926 383 1973 mente.
462 1916 719 1973 Secundo
739 1916 881 1972 illud
903 1916 1144 1972 formans
1163 1914 1456 1977 describit,
1486 1914 1635 1984 quod
1659 1924 1780 1968 ante

176 2009 342 2047 omne
380 1992 612 2047 verbum
649 2007 979 2063 omnemque
1017 1998 1256 2045 mentem
1293 1989 1628 2061 praecedunt
1655 2006 1781 2061 gra-

174 2067 289 2121 tiae
317 2066 408 2121 dei
437 2067 857 2138 praevenientes
888 2074 939 2121 et
964 2071 1400 2137 praetereunteS,
1443 2081 1585 2136 quae
1614 2066 1782 2119 nimi-

176 2158 306 2195 rum
340 2142 396 2194 in
427 2142 779 2213 generatione
808 2149 1182 2196 creaturarum
1201 2139 1460 2195 videntur
1481 2141 1780 2195 velociores

178 2216 395 2269 cunctis
416 2216 585 2270 rebus
606 2232 749 2270 esse.

222 2353 353 2412 Quid
384 2366 453 2408 est
486 2355 608 2421 „Et
640 2354 863 2406 Rebecca
897 2355 1248 2420 effrediebatum
1285 2373 1410 2421 quae
1443 2364 1564 2405 nata
1585 2354 1690 2418 fuit
1719 2370 1752 2401 a

565 2433 574 2437 ·
759 2422 1048 2473 Bathueffl?
1091 2424 1209 2485 (ib.)

296 2526 381 2581 97.
430 2524 911 2591 Quemadmodum
938 2526 999 2579 in
1026 2524 1234 2581 mundo
1262 2522 1532 2595 dignitate
1566 2520 1787 2591 propria

102 2622 115 2633 ·
181 2600 407 2656 excellit
426 2608 553 2655 ante
573 2600 759 2655 omnia
780 2599 993 2655 caelum
1008 2640 1021 2663 ,
1062 2614 1282 2669 semper
1303 2614 1362 2651 se
1383 2611 1594 2663 suaque
1615 2611 1788 2665 aeque

180 2675 422 2740 habens,
466 2676 553 2729 sic
582 2674 705 2747 (est)
735 2675 901 2728 etiam
928 2672 1112 2728 anima
1133 2672 1373 2743 genuine
1392 2668 1790 2739 philosophan-

180 2750 253 2805 tis
299 2748 658 2808 invariabilis
696 2758 859 2821 atque
896 2744 1283 2803 immutabilis.
1358 2741 1604 2799 Profecto
1643 2742 1792 2796 enim
