2125 3084
181 150 422 222 [11,423.]
546 156 626 201 IN
666 156 1018 201 GENESIN.
1057 158 1311 204 sERMo
1346 160 1432 206 lv.
1696 151 1799 207 267

181 244 512 331 emtionem
541 254 831 311 ostendere
857 264 1061 328 potest,
1104 257 1359 328 nihilque
1394 275 1465 313 ex
1499 259 1570 313 iis
1604 258 1791 323 mbae,

181 348 338 404 quae
365 329 552 386 studio
583 339 636 385 et
665 331 870 386 virtute
901 329 1103 403 dignae
1133 339 1282 386 sunt.

186 472 270 538 [Ἴ
317 469 478 529 Quare
524 435 708 521 dicente
751 470 919 519 Esau.-
979 470 1141 535 „Eyo
1186 487 1287 519 sum
1312 470 1455 533 filius
1491 480 1595 521 tuus
1621 474 1798 536 primo-

325 538 777 672 ἕέξῖταὲἑόἑοῖεείἶίτ
803 547 952 602 pater
985 537 1324 589 detrectatione
1359 555 1537 603 mayna
1568 540 1707 588 valde
1718 539 1801 603 ”)7

305 709 427 765 224.
477 707 724 763 Nimiam
751 722 878 761 cum
905 706 1383 761 commiseratione
1408 706 1691 761 miseriam
1712 707 1801 761 in-

185 782 344 838 dicat
363 782 513 846 eim,
547 800 578 836 a
598 798 710 853 quo
731 781 1101 835 recessionem
1127 779 1401 853 perfectae
1429 782 1801 837 renunciatio-

182 858 282 912 nis
315 855 474 920 facit,
514 873 578 911 eo
606 855 757 928 quod
785 856 860 909 sit
885 864 1183 910 contumax
1201 856 1449 911 rebellis.
1529 854 1799 922 Quoniam

179 933 439 1005 primum
459 934 622 999 filium
639 948 700 986 se
727 947 896 985 ausus
927 937 1012 985 est
1037 938 1338 995 ostentare,
1377 932 1477 1002 qui
1504 938 1567 986 ut
1593 930 1803 1003 impro-

180 1008 305 1062 bus
327 1021 505 1075 neque
524 1007 584 1059 in
605 1005 799 1060 servili
819 1003 1015 1059 ordine
1034 1003 1317 1075 putandus
1338 1003 1464 1060 fuit.
1544 1004 1799 1061 Secundo

185 1088 385 1136 autem
400 1079 580 1149 ,quod
602 1080 765 1135 etiam
781 1084 1183 1149 primoqenitum
1202 1078 1381 1133 filium
1394 1121 1408 1145 ‚
1438 1096 1613 1151 quum
1633 1079 1799 1152 paulo

187 1154 447 1210 anterius
469 1154 788 1210 vendiderat
813 1156 984 1209 miser
1010 1171 1113 1226 pro
1142 1155 1343 1227 exigua
1371 1154 1653 1227 voluptate
1680 1155 1800 1227 pri-

185 1228 582 1300 mogenitium.
656 1231 796 1284 Nam
822 1228 962 1283 haec
990 1228 1103 1284 duo
1133 1228 1331 1302 (filium
1358 1246 1483 1285 esse
1510 1236 1564 1285 et
1588 1230 1800 1302 primo-

189 1302 471 1377 genitum)
483 1302 772 1359 decernere
793 1311 848 1359 et
865 1303 978 1359 sibi
999 1304 1296 1359 conciliare
1316 1305 1591 1370 convenit,
1615 1305 1800 1377 inquit

294 1444 338 1491 θ)
364 1442 502 1483 LXXe
545 1443 684 1494 ἐξέσιη
707 1439 914 1483 ἔκστασιν.
963 1444 1086 1484 Arm.
1114 1444 1159 1485 8.
1187 1444 1431 1495 scripturae
1454 1448 1617 1487 versio:
1663 1448 1795 1487 mira-

189 1500 256 1535 em
286 1496 345 1535 est
369 1496 662 1535 admiratione.
715 1494 801 1533 Ani
825 1495 980 1535 volunt
1001 1494 1115 1535 verti
1140 1505 1195 1535 ex
1213 1496 1286 1537 Gr.
1305 1500 1656 1547 mancipavere.
1708 1497 1798 1537 He-

186 1547 278 1595 uus
305 1548 399 1585 erat
423 1546 556 1586 simili
579 1556 688 1585 voce
713 1546 877 1585 dicere:
923 1548 1102 1587 mimia
1121 1557 1275 1595 paam
1302 1553 1361 1588 m
1385 1553 1460 1589 etc.
1519 1550 1684 1590 Auch.

191 1784 224 1820 a
245 1773 397 1819 recta
418 1765 688 1820 sententia
701 1806 714 1829 ,
745 1765 898 1820 nullo
918 1765 1273 1820 liberalitatis
1290 1764 1500 1820 indicio
1518 1765 1799 1819 instituto-

187 1856 322 1895 rum
337 1878 351 1903 ,
393 1854 498 1893 nec
519 1839 706 1910 aliquo
726 1838 896 1913 digno
915 1840 1229 1896 sobrietatis
1250 1838 1431 1895 titulo.

196 1990 362 2051 Quare
391 1990 574 2041 dicente
600 1990 765 2042 Esau.-
802 1992 964 2058 „Eyo
986 2010 1089 2042 sum
1104 1988 1595 2056 primoqenimefiliua
1620 1998 1746 2052 tuus,
1765 1992 1798 2020 “

330 2076 458 2109 esces
502 2060 723 2109 sumentis
769 2062 987 2123 (ecce-seu
1029 2059 1225 2121 maneth)
1277 2056 1489 2106 detentae
1540 2065 1609 2106 eet
1655 2066 1801 2121 pater

327 2126 468 2177 valde
502 2127 824 2177 vehementer?
1001 2134 1006 2139 '

304 2230 426 2286 224.
465 2230 807 2285 Incremento
837 2227 1109 2283 sermonis
1144 2234 1369 2282 extenso
1411 2226 1572 2282 lectio
1610 2232 1801 2281 notum

191 2301 352 2366 fecit,
411 2303 561 2374 quod
599 2304 746 2359 ultra
785 2302 1014 2358 modum
1053 2308 1417 2373 compunctus
1456 2309 1559 2356 est.
1646 2300 1802 2354 Indi-

173 2385 394 2458 ⁶gnatur
421 2374 642 2449 nan'que
657 2420 670 2443 ‚
713 2377 866 2449 quod
891 2378 1077 2449 primo
1103 2376 1334 2448 quidem
1359 2381 1524 2447 filium
1548 2392 1609 2430 se
1629 2373 1820 2430 confi--

189 2454 294 2507 teri
322 2461 770 2524 praesumpserat
796 2469 1032 2524 pravus,
1076 2468 1147 2507 ne
1178 2451 1407 2523 quidem
1434 2449 1631 2507 famuli
1649 2449 1801 2505 ordi-

191 2543 319 2581 nem
338 2527 724 2597 promerendo.
803 2525 1059 2581 Secundo
1076 2567 1088 2590 ‚
1131 2525 1281 2597 quod
1302 2527 1468 2582 etiam
1482 2530 1800 2595 primoqeni-

192 2611 299 2655 tum
316 2618 380 2655 se
391 2599 537 2657 dixit
556 2602 757 2665 filium,
779 2600 1153 2674 primitiarum
1171 2601 1476 2655 destructor
1493 2617 1592 2671 pro
1604 2598 1800 2654 frivola

191 2676 484 2732 suavitate.
564 2677 710 2731 Haec
728 2684 961 2747 utraque
980 2677 1197 2731 sancire
1218 2675 1353 2731 libet
1379 2674 1565 2747 (mary.
1591 2674 1801 2745 licebit)
