2125 3084
196 199 275 264 ΠΣ,
301 196 415 261 524]
560 202 641 246 IN
678 199 1019 246 EXODUM.
1060 203 1314 248 SERMO
1351 205 1418 248 11.
1685 201 1782 252 369

194 302 641 362 circumactione:
712 301 1044 365 substantia,
1098 290 1268 372 quum
1310 291 1501 358 mutuo
1539 309 1787 364 commu-

140 423 145 426 .
192 387 399 446 tantur3
462 377 885 432 circumactione
923 393 1051 432 vero
1067 417 1079 440 ,
1127 377 1389 447 quoniam
1425 385 1630 434 rectum
1667 399 1786 437 mo·-

194 464 309 510 tum
328 453 611 508 continent
638 451 709 507 de
736 459 929 507 centro·
948 451 1206 522 superius
1235 452 1396 524 ignis.
1411 460 1465 507 et
1491 454 1610 518 aer,
1651 457 1788 511 sub-

188 546 299 600 que
326 535 517 594 centro·
544 544 687 598 aqua
716 534 770 582 et
796 534 965 594 terra;
1026 525 1242 580 caelum
1269 537 1398 582 vero
1426 543 1536 584 non
1557 528 1782 595 directe,

195 602 269 678 [Ἴ
291 602 389 658 sed
408 604 645 660 circuitu
666 600 1075 666 circumfertur,
1116 596 1360 673 figuram'
1381 601 1591 658 habens
1623 605 1788 660 undi-

191 696 299 750 que
318 678 605 753 aequalem
627 676 1108 750 perfectissimam.
1167 678 1248 731 Ne
1266 675 1404 732 forte
1425 677 1628 750 itaque,
1655 681 1783 750 quia

190 763 244 809 et
270 762 453 825 partes
480 762 654 808 terrae
682 755 839 808 iuxta
876 751 1287 806 mathematicos
1327 751 1788 818 dicuntur-,sexa-

190 831 343 902 ginta
360 829 694 892 mensurari,
720 835 1000 898 tamquam
1022 827 1286 888 talentum
1307 827 1644 884 ordinaverit
1665 831 1785 886 eius

190 905 447 970 foi-manu
504 904 637 975 quia
656 904 945 975 sexaginta
965 918 1094 958 mna
1113 908 1196 956 est
1215 901 1482 958 talentum
1492 903 1564 976 *).

299 1059 428 1116 Qum
458 1071 525 1110 est
559 1095 591 1122 „
604 1059 777 1113 Facies
809 1059 945 1110 iuxta
980 1058 1220 1122 exemplar
1253 1067 1482 1110 ostensum
1517 1061 1605 1122 eibi
1633 1061 1684 1110 in

722 1129 955 1176 monte“?
990 1128 1098 1191 (25,
1137 1126 1246 1194 ⁴⁰2)

302 1233 388 1310 82.
437 1229 635 1284 lterum
672 1228 777 1284 sub
819 1229 1127 1301 aenigmate
1165 1229 1496 1300 exemplaris
1531 1229 1784 1303 designat

182 1309 571 1377 incorporeum
600 1304 841 1369 caelum,
865 1311 1214 1378 prototypum
1243 1303 1552 1372 sensibilis3
1605 1322 1785 1376 quon-

187 1383 301 1436 iam
326 1378 630 1452 exemplar,
654 1381 877 1453 signum
898 1385 951 1434 et
970 1395 1227 1434 mensura
1249 1387 1331 1433 est
1350 1379 1494 1436 illud
1511 1381 1778 1436 visibilis.

182 1455 552 1523 Quamobrem
574 1463 829 1520 testatur,
852 1455 1072 1508 dicens:
1117 1455 1341 1523 Inspice,
1363 1471 1590 1510 monens
1606 1499 1618 1521 ‚
1644 1473 1784 1528 quo-

182 1531 347 1586 modo
368 1532 583 1586 animae
605 1530 1035 1602 speculationem
1055 1530 1176 1584 sine
1196 1547 1386 1585 somno
1395 1549 1611 1586 servare
1622 1549 1784 1604 opor-

180 1615 312 1672 teat,
332 1615 385 1662 et
394 1606 625 1678 vigilem
649 1623 769 1660 esse
790 1603 860 1660 ad
880 1604 1150 1660 videndas
1171 1607 1384 1678 species
1404 1607 1776 1680 incorporeas·,

183 1683 323 1737 alias
344 1683 394 1736 si
413 1681 657 1752 corporis
676 1682 853 1735 oculis
872 1682 1098 1735 visurus
1119 1689 1232 1734 erat
1251 1682 1574 1736 sensibilem
1603 1699 1782 1753 neque

179 1760 402 1812 iussum
421 1755 551 1810 dare
571 1755 641 1810 ad
661 1755 721 1810 id
740 1772 878 1828 opus
900 1773 1019 1811 esse
1037 1763 1206 1828 patet.
1605 1773 1608 1778 ·

490 1911 621 1974 Quid
652 1921 721 1962 est
752 1913 1235 1976 ‚,tabemaculum“?
1269 1911 1375 1974 (26,
1417 1909 1487 1968 1.)

300 2020 386 2072 83.
436 2017 707 2089 Figurans
737 2015 1013 2088 imprimis
1043 2014 1424 2083 incorporeum
1451 2009 1784 2082 intelligihiss

179 2095 409 2164 lemque
429 2091 700 2148 mundum
719 2108 819 2164 per
839 2107 1045 2154 arcam,
1089 2085 1373 2142 sensibilis
1396 2093 1577 2139 autem
1598 2083 1782 2156 (mun-

176 2167 265 2240 di)
287 2169 581 2222 essentiam
600 2184 699 2239 per
718 2183 966 2222 mensam
980 2206 992 2229 ‚
1034 2172 1198 2234 atque
1225 2161 1435 2216 caelum
1459 2173 1560 2230 per
1579 2160 1781 2214 cande-

176 2243 403 2298 labrum
418 2281 432 2306 ,
462 2243 660 2315 incipit
679 2241 988 2297 secundum
1004 2238 1253 2294 ordinem
1275 2254 1338 2290 ea
1357 2252 1579 2306 quoque
1593 2276 1606 2298 ‚
1639 2252 1780 2305 quae

175 2317 291 2373 sub
313 2317 445 2373 luna
463 2326 620 2382 sunt,
664 2315 977 2372 describere
993 2355 1005 2379 ‚
1051 2315 1174 2369 ae'ra
1193 2321 1246 2367 et
1264 2327 1463 2383 aquam
1483 2311 1780 2382 ignemque

176 2412 247 2448 ac
270 2402 468 2463 terram
483 2435 495 2457 ‚
522 2401 747 2450 naturae
764 2393 885 2446 sive
906 2389 1243 2455 substantiae
1265 2389 1495 2442 istorum
1517 2384 1778 2457 adaptans

175 2472 595 2525 tabernaculum.
673 2464 1131 2536 Quandoquidem
1159 2461 1572 2518 tabernaculum
1598 2469 1781 2532 porta-

286 2607 332 2656 *)
360 2607 627 2648 Glossarium
672 2607 788 2655 „Lx
811 2615 912 2646 mna
935 2607 1143 2646 talentum
1169 2608 1254 2651 est,
1293 2605 1336 2642 et
1359 2602 1688 2652 unumquodque
1713 2605 1778 2642 ta·

172 2661 349 2700 lentum
380 2659 464 2698 XII
496 2670 569 2708 my
608 2669 657 2698 as
689 2659 965 2698 mensurae.“
1024 2656 1158 2694 Addit
1191 2655 1398 2702 Georgius
1427 2653 1611 2694 Doctorz
1671 2654 1780 2701 „Vel

171 2713 263 2750 ita:
326 2709 427 2750 Mna
464 2709 545 2749 XX
626 2711 755 2749 siclus
796 2711 883 2756 est,
927 2707 1055 2746 siclus
1099 2707 1366 2745 didrachma:
1427 2705 1570 2754 itaque
1609 2715 1711 2746 mna
1741 2705 1778 2744 1.

172 2762 409 2808 drachma,
442 2761 653 2800 talentum
677 2762 823 2800 autem
848 2761 913 2799 est
936 2757 1069 2798 mm
1093 2757 1308 2798 drachma.
1321 2757 1348 2778 “
1397 2755 1560 2798 Auch-

248 2812 479 2863 Pnrno
518 2811 636 2862 vn.
1191 2811 1205 2819 ‘
1273 2808 1371 2857 Aa
