2125 3084
235 182 330 247 [IL
359 176 477 242 366]
601 182 682 227 IN
721 182 1073 229 GENESIN.
1114 184 1367 229 SERMO
1406 185 1491 231 IV.
1750 183 1839 234 181

235 286 358 340 bile
377 292 431 337 et
457 282 700 338 tenebris
729 282 934 336 simile.
1010 282 1277 349 Quartum
1308 300 1437 338 vero
1465 287 1837 352 verissim-um,

237 358 393 431 quod
411 363 582 413 maior
607 362 794 411 servm
815 362 1010 412 minori
1019 376 1037 411 .·
1094 357 1374 429 siquidem
1400 366 1641 430 tempore
1668 364 1842 421 maior

237 443 323 489 est
352 433 594 495 malitia,
639 449 670 485 a
696 432 876 502 prima
905 440 1078 487 aetate
1106 439 1288 487 nostra
1324 432 1613 489 nobiscum
1650 437 1843 506 pullu-

239 509 392 571 lans,
435 508 614 561 virtus
645 513 824 560 autem
854 507 1060 571 minor,
1102 524 1264 579 aegre
1291 515 1569 578 postremo
1594 509 1711 563 loco
1729 519 1842 566 tar-

237 584 481 652 diusque
502 581 773 653 acquisita
793 582 852 634 in
873 581 1060 645 nobie,
1102 590 1395 653 postquam
1425 582 1686 637 vitiorum
1714 585 1843 638 infi-

235 659 388 711 nitae
427 654 908 710 immoderationes
942 656 1065 709 vim
1104 672 1263 710 suam
1288 654 1645 711 intenderunt
1673 666 1726 711 et
1752 676 1842 712 re-

236 733 538 799 miserunt3
604 738 736 783 tunc
763 730 913 784 enim
941 729 1191 785 iudicare
1219 747 1615 802 secernereque
1644 733 1843 804 incipit

237 823 396 860 mens
427 812 480 859 et
507 804 882 877 principatum
910 812 1115 860 tenere.
1192 806 1338 859 Haec
1368 814 1550 862 autem
1580 805 1840 861 dicuntur

236 880 424 953 quoad
449 897 580 934 nos:
641 879 887 950 aiioquin
917 881 1044 950 quis
1075 880 1278 943 nescit,
1316 880 1469 951 quod
1496 881 1711 934 caelum
1732 882 1840 934 im-

237 972 407 1010 mune
436 962 490 1009 et
518 970 717 1025 expers
747 961 830 1008 est
857 954 1131 1017 malitiae,
1174 955 1320 1009 sicut
1346 963 1401 1009 et
1418 957 1519 1026 qui
1538 956 1689 1009 circa·
1710 972 1837 1009 eum

238 1038 478 1104 aguntur
516 1028 810 1083 sensibiles
841 1028 922 1082 dii
948 1027 1285 1101 (nominati):
1350 1031 1613 1101 quoniam
1642 1046 1836 1085 omnes

235 1106 373 1159 boni
413 1112 542 1158 sunt
566 1112 622 1158 et
647 1106 869 1159 omnino
893 1104 958 1157 in
983 1102 1181 1157 ordine
1206 1104 1430 1159 virmtis
1456 1104 1833 1176 perfectiores.

235 1182 302 1235 In
319 1178 532 1233 mundo
551 1186 729 1233 autem
749 1178 924 1233 maior
937 1186 1024 1232 est
1038 1186 1172 1233 natu
1200 1178 1470 1233 sobrietas
1494 1196 1665 1251 quam
1694 1181 1837 1234 ins-i-

234 1253 471 1325 pientia‚
494 1260 548 1306 et
563 1252 856 1325 prudentia
873 1269 1042 1324 quam
1062 1253 1452 1326 imprudentia,
1478 1263 1641 1326 atque
1660 1256 1835 1309 maior

233 1328 454 1383 iustitia
465 1343 627 1397 quam
643 1325 715 1402 [Ἴ
731 1328 1003 1383 iniustitia
1020 1336 1345 1400 caeteraque
1364 1344 1435 1384 ex
1452 1330 1693 1403 singulis
1712 1330 1834 1384 dis-

231 1401 609 1476 positionibus
635 1403 925 1473 oppositis.
1004 1402 1256 1459 Attamen
1285 1405 1343 1458 in
1372 1420 1572 1477 genere
1590 1405 1831 1459 humano

232 1477 573 1532 contrarium
600 1476 864 1550 obtingit,
907 1478 1039 1548 quia
1067 1478 1303 1543 bonum,
1346 1478 1445 1552 (ut)
1462 1481 1575 1535 iam
1596 1480 1826 1542 dictum,

230 1561 365 1607 natu
387 1552 575 1607 minus
597 1559 650 1605 et
667 1559 1003 1624 postremum
1022 1562 1132 1617 est,
1170 1554 1483 1626 oppositum
1513 1564 1697 1610 autem
1716 1554 1831 1608 fere

230 1876 490 1932 millima.
569 1873 770 1941 Quarta
808 1873 1201 1936 consideratio,
1250 1869 1399 1939 quod
1438 1876 1606 1924 maior
1640 1876 1834 1925 serviat

229 1955 453 2005 mimi.-
505 1949 808 2005 inveterata
847 1957 932 2003 est
963 1948 1115 2003 enim
1144 1945 1381 2008 malitia,
1424 1960 1565 2015 quae
1596 1962 1627 1998 a
1654 1944 1833 2015 prima

229 2031 409 2081 aetate
434 2024 734 2079 concrevit.
812 2022 1191 2079 Benivolentia
1219 2036 1349 2076 vero
1377 2019 1657 2084 iuvenior,
1700 2021 1833 2091 quia

227 2101 293 2155 in
328 2098 637 2155 novissimo
677 2098 850 2153 oritur
892 2106 1163 2169 tempore,
1234 2093 1522 2151 deficiente
1568 2095 1833 2151 vitiorum

227 2172 500 2247 pondere.
607 2174 762 2228 Tunc
799 2173 956 2227 enim
1003 2172 1203 2243 incipit
1244 2170 1587 2242 perpendere
1632 2186 1832 2225 sensus

225 2249 610 2321 principatum
635 2247 944 2303 meliorem.
1021 2248 1166 2303 Haec
1184 2254 1365 2301 tamen
1384 2262 1484 2317 pro
1504 2244 1665 2299 nobis
1684 2244 1833 2299 dicta

227 2331 384 2379 sunt.
455 2322 602 2389 Quis
631 2323 780 2377 enim
809 2322 1018 2377 nesciat
1039 2322 1257 2377 coelum
1286 2320 1499 2375 nullius
1528 2318 1662 2372 mali
1682 2334 1835 2371 com-

228 2406 418 2469 potem
431 2438 447 2462 ,
485 2405 548 2453 et
567 2398 671 2468 qui
699 2405 979 2451 morantur
996 2397 1058 2451 in
1080 2414 1143 2451 eo
1162 2395 1346 2467 angeli
1366 2410 1557 2449 omnes
1578 2391 1709 2447 boni
1722 2431 1736 2454 ,
1780 2401 1835 2447 et

227 2474 294 2527 in
325 2472 592 2527 omnibus
631 2471 957 2527 necessariis
991 2466 1419 2542 perfectissimi?
1472 2468 1534 2521 In
1564 2464 1834 2521 mundum

227 2554 419 2603 autem
447 2547 728 2618 antiquior
754 2545 1076 2618 prudentia,
1119 2553 1174 2599 et
1204 2541 1492 2599 vetustiori
1522 2540 1835 2611 iniquitatis

227 2639 298 2677 ac
323 2622 712 2693 insipientiae;
775 2621 1119 2691 aliarumque
1138 2618 1407 2673 virtutum
1426 2614 1698 2686 sapientia
1714 2614 1836 2668 sin-

231 2698 428 2769 gulae:
475 2698 549 2751 ita
571 2696 632 2750 in
651 2712 852 2769 genere
879 2695 1121 2749 humano
1142 2708 1173 2747 e
1194 2691 1463 2746 contrario
1492 2688 1696 2744 habent
1723 2689 1834 2741 sui.
