2125 3084
220 190 449 258 [11,353.]
494 144 509 161 ’
578 195 659 239 IN
700 194 1051 243 GENEsm.
1091 196 1345 241 senno
1382 198 1468 247 1v.
1733 192 1828 245 ⁴67
1911 181 1921 193 ⁰

220 296 489 368 quoniam
509 293 579 349 ad
599 295 1154 349 communicationem
1175 296 1497 351 concordiae
1517 306 1572 353 et
1599 314 1831 354 conver—

221 372 453 426 sationis
485 378 601 425 erat
631 369 935 424 adventura
964 377 1018 424 et
1045 370 1342 424 utilitatem
1377 371 1587 426 datura.
1666 375 1830 429 Porro

220 444 360 518 quid
388 463 498 500 non
530 443 723 499 datura
756 452 897 509 erat,
939 453 1234 516 postquam
1263 445 1406 499 nihil
1436 448 1664 503 seminis
1692 450 1750 503 in
1770 466 1829 503 se

220 527 539 576 servaverat
561 520 755 574 livoris
777 527 941 590 atque
959 519 1210 575 invidiae
1237 529 1291 574 et
1322 520 1506 575 acerbi
1535 523 1687 586 vitii,
1729 524 1828 578 sed

220 604 375 651 extra
405 596 604 711 ‘limina
636 594 925 666 expulerat
947 592 1021 669 [³¹⁶]
1044 595 1320 650 invidiam
1349 595 1596 650 dolosam
1625 613 1688 650 ac
1725 596 1830 651 fal—

221 672 425 726 lacem.

396 810 493 861 Gur
527 826 760 873 „sumens
792 809 989 874 pallium
1026 810 1210 874 operuit
1242 813 1375 859 sev?
1427 815 1534 875 (24,
1557 811 1666 871 65.)

339 916 455 968 ⁴43.
494 914 614 967 Non
635 912 711 966 ita
726 953 739 977 ,
778 914 924 967 sicut
944 928 1094 967 nunc
1115 912 1263 983 apud
1283 929 1384 967 nos
1403 914 1654 985 virgines
1675 922 1821 977 sunt,

216 997 444 1044 ornatur
455 987 738 1043 mirabilis
760 988 865 1043 ista
885 995 1082 1041 natura
1106 988 1266 1059 virgo
1285 987 1518 1060 inclyta:
1561 990 1824 1060 quoniam

216 1072 601 1119 ornamentum
630 1062 689 1115 in
717 1079 775 1116 se
801 1061 931 1133 plus
958 1078 1128 1132 quam
1148 1063 1282 1115 satis
1300 1062 1568 1133 praefert,
1613 1063 1824 1118 nullius

216 1140 553 1207 cuiusquam
574 1134 841 1207 superflui
863 1136 932 1190 ab
953 1144 1107 1191 extra
1138 1136 1418 1209 indigene.
1498 1136 1822 1210 Symbolum

219 1222 413 1267 autem
450 1220 531 1265 est
560 1212 793 1284 pallium
830 1210 1060 1265 visibile
1100 1212 1322 1265 virtutis
1363 1211 1610 1279 lucidae,
1662 1214 1823 1267 cuius

215 1285 498 1358 quicquid
524 1295 603 1340 est
631 1287 782 1340 intus
812 1294 866 1340 et
893 1286 951 1339 in
973 1285 1165 1359 adyto,
1204 1286 1417 1341 nudum
1436 1295 1587 1358 patet
1607 1288 1711 1343 soli
1733 1306 1823 1342 sa·—

214 1363 463 1433 pientiae
491 1361 693 1433 cupido
724 1369 777 1416 et
793 1360 1084 1415 manifeste
1107 1370 1357 1433 apparet,
1404 1362 1578 1417 latens
1599 1370 1653 1433 et
1672 1364 1822 1418 invi-

212 1436 385 1491 sibile
405 1436 730 1491 inconsultis
746 1477 759 1501 ,
803 1437 1076 1507 imperitis
1097 1446 1150 1491 et
1169 1454 1276 1493 non
1304 1438 1554 1493 initiatis.

218 1593 317 1643 Cur
368 1594 433 1641 ab
489 1591 585 1641 alio
630 1592 793 1641 missus
834 1591 884 1640 iu
929 1591 1208 1657 Ieyationem
1261 1592 1349 1643 alii
1392 1593 1479 1642 dat
1521 1610 1816 1657 responsum.-

350 1696 387 1723 „
400 1657 641 1709 Narravit
655 1662 688 1688 ‘⁴
723 1659 938 1722 inquiens
976 1658 1201 1722 „Isaaco
1237 1661 1394 1711 omnia
1426 1662 1573 1710 verba
1599 1676 1722 1723 quae
1735 1661 1818 1725 se·

348 1730 563 1777 cerat“?
616 1730 723 1789 (24,
751 1727 859 1787 66.)

332 1831 447 1885 444.
491 1829 673 1883 Potest
701 1828 903 1899 aliquis
933 1829 1147 1891 dicere,
1191 1827 1336 1898 quod
1367 1829 1498 1897 quia
1520 1826 1622 1880 filii
1643 1829 1816 1898 gratia

214 1902 503 1977 delegatus
534 1921 565 1958 a
592 1911 744 1976 patre
775 1903 978 1968 fuerat,
1018 1910 1240 1975 peracta
1270 1909 1451 1955 autem
1475 1901 1746 1973 legatione
1768 1902 1819 1955 ei

214 1980 593 2043 annuntiavit,
638 1980 797 2059 cuius
827 1996 993 2034 causa
1021 1979 1229 2032 missus
1256 1984 1364 2043 est3
1397 1976 1650 2031 *maxime
1671 1976 1820 2047 quod

212 2057 373 2125 prius
394 2055 445 2109 ei
467 2054 718 2109 obviavit
736 2055 795 2108 in
817 2055 1014 2109 itinere
1031 2095 1043 2118 ,
1069 2069 1244 2124 quum
1268 2052 1542 2107 veniebat.
1597 2052 1816 2123 Liquet,

212 2129 368 2200 quod
403 2130 548 2201 patri
590 2146 811 2200 quoque
850 2131 1037 2201 ipsum
1082 2128 1322 2182 mittenti
1372 2128 1560 2183 retulit
1597 2136 1813 2199 postea3

212 2204 363 2276 quod
393 2202 497 2259 etsi
527 2221 637 2259 non
670 2212 752 2258 est
772 2206 1039 2276 scriptum
1061 2204 1120 2257 in
1140 2204 1366 2259 historia
1382 2245 1394 2267 ‚
1438 2203 1500 2259 id
1517 2212 1698 2258 tamen
1720 2220 1820 2274 per

214 2297 274 2333 se
295 2278 595 2351 persuadet
614 2286 818 2333 textuS.
897 2280 1285 2334 Verumtamen
1314 2294 1552 2349 aequum
1579 2286 1663 2331 est
1683 2278 1818 2331 alle-

213 2355 399 2425 gorice
434 2352 589 2408 istud
629 2353 841 2417 dicere,
891 2353 1041 2424 quod
1075 2370 1250 2407 unum
1286 2361 1340 2407 et
1367 2352 1517 2406 idem
1546 2358 1656 2412 est,
1707 2358 1820 2404 tam

212 2428 467 2483 Abrahae
488 2428 721 2483 resoluti
731 2427 785 2499 ³¹²)
805 2442 972 2497 quam
990 2428 1183 2491 Isaaci‚
1215 2426 1536 2481 doctrinalis
1557 2423 1822 2479 videlicet

212 2504 463 2567 virtutis,
498 2502 747 2559 naturale
768 2504 1077 2575 negotium3
1100 2502 1371 2574 -quoniam
1391 2499 1520 2553 finis
1541 2498 1819 2554 doctrinae

314 2645 357 2691 *)
385 2644 548 2683 Sensus
574 2652 703 2683 verus
728 2654 797 2683 me
823 2642 947 2684 latet:
978 2642 1238 2683 senescentis
1257 2640 1440 2679 fortasse
1456 2640 1526 2678 vel
1547 2618 1824 2688 postmodum

212 2696 369 2784 {filma
382 2694 866 2784 gffczffffnffioefiomm'
904 2697 979 2734 aut
996 2695 1140 2742 potius
1167 2690 1355 2730 sedentis
1378 2690 1424 2743 in
1450 2690 1684 2729 diversorio
1713 2699 1819 2736 quo-
