2125 3084
295 154 354 205 48
459 158 651 202 PHIL.
691 157 841 202 IUD.
885 155 1208 214 QUAEST.
1235 156 1333 201 ET
1373 156 1529 202 SOL.
1550 151 1884 219 [11‚187.188.]

289 273 456 328 quam
479 255 760 326 lampades
783 256 949 328 igni3‚
974 256 1208 312 virtutes
1230 255 1530 311 velociores
1551 258 1609 311 in
1636 254 1707 330 [³¹⁵]
1734 266 1884 312 motu

289 331 762 400 efficacioresque,
808 330 1061 385 ardentes
1092 348 1223 384 sane
1250 329 1405 386 velut
1432 331 1584 403 ignei
1606 348 1884 386 sermones

289 405 497 467 divini,
545 403 706 457 modo
734 405 1056 458 universum
1087 412 1259 458 totum
1299 422 1489 458 secum
1525 406 1768 461 invicem
1796 407 1886 461 in·-

290 487 442 550 tegre
463 485 744 533 servantes
759 517 772 540 ,
803 477 965 532 modo
985 476 1450 550 supervacaneam
1468 479 1764 550 caliginem
1786 497 1887 534 ex-

288 560 609 624 purgantes·
688 553 1076 608 Verumtamen
1107 554 1328 623 proprie
1358 571 1422 607 ac
1452 553 1783 608 familiarius
1803 563 1886 609 ta-

291 627 362 680 lis
392 634 476 681 est
502 625 785 681 reddenda
813 628 978 681 ratio:
1038 628 1287 681 Humana
1322 629 1433 682 vita
1454 628 1658 681 similis
1680 637 1763 682 est
1780 628 1887 682 cli-

288 701 431 755 bano
458 700 720 764 fumanti,
763 717 828 754 eo
857 700 1006 771 quod
1036 717 1145 755 non
1175 701 1341 756 habet
1368 703 1557 773 ignem
1589 719 1790 773 purum
1832 711 1886 757 et

289 775 476 829 lumen
505 775 785 842 nitidum,
817 773 917 827 sed
947 774 1165 829 fumum
1193 775 1562 846 multiplicem
1596 793 1695 846 per
1730 775 1885 830 flam-

290 866 436 902 mam
462 849 757 903 obscurius
788 845 1117 913 fumantem,
1162 866 1303 920 quae
1331 850 1629 922 caliginem
1650 867 1713 904 ac
1732 858 1886 904 tene-

287 921 415 976 bras
435 921 568 977 facit
587 929 749 992 atque
768 921 1207 978 obscurationem
1228 941 1337 978 non
1358 925 1618 995 corporiS,
1644 922 1743 978 sed
1764 925 1885 977 aui-

289 1013 409 1051 mae
424 1037 436 1060 ,
468 997 544 1051 ita
564 1003 754 1050 utnon
777 995 939 1051 liceat
960 997 1093 1051 huic
1114 997 1289 1052 nitide
1310 1015 1557 1064 cernere3
1604 997 1777 1059 donec
1797 1015 1885 1052 re-

289 1071 540 1142 demptor
560 1069 698 1125 deus
718 1071 980 1125 caelestes
1000 1072 1133 1125 oriri
1155 1071 1341 1125 iubeat
1362 1071 1642 1142 lampades
1657 1113 1670 1135 ,
1694 1073 1885 1142 purio-

289 1163 374 1200 res
405 1148 632 1216 inquam
659 1143 1497 1214 sanctioresqueirradiationes,
1533 1147 1752 1214 quaein
1775 1146 1885 1200 duo

288 1220 500 1274 divisas
527 1220 654 1273 illas
683 1227 864 1288 partes
893 1219 1240 1272 dextrorsum
1269 1225 1322 1270 et
1348 1217 1728 1270 sinistrorsum
1757 1220 1886 1272 uni-

287 1301 388 1347 unt
407 1292 575 1346 simul
599 1308 660 1345 ac
680 1292 1025 1353 illuminant,
1070 1289 1387 1344 harmoniae
1407 1297 1460 1343 et
1480 1289 1697 1345 lucidae
1719 1291 1885 1346 clari-

287 1366 415 1420 tatis
436 1381 632 1419 causae
653 1364 1001 1418 exsistentes,

293 1543 390 1594 Cur
425 1544 624 1594 dixerit:
682 1579 717 1607 ‚‚
733 1543 796 1592 In
832 1544 908 1593 die
943 1544 1028 1594 illa
1065 1552 1383 1594 testamentum
1413 1545 1573 1606 posuit
1599 1562 1700 1594 cum
1725 1546 1883 1596 Abra-

423 1611 582 1673 hamo,
633 1610 821 1660 dicens.-
876 1609 1060 1660 Semini
1094 1620 1172 1660 tuo
1208 1609 1334 1659 dabo
1372 1620 1544 1659 terram
1580 1611 1703 1662 hanc
1737 1631 1770 1662 a
1781 1615 1883 1675 flu-

421 1676 831 1809 Ξιὲξζιιῗίὲλέειρὲρτὶἰὸ
851 1695 996 1810 33le
1051 1677 1121 1727 ad
1154 1679 1339 1740 flumen
1388 1694 1607 1742 maynum
1656 1679 1883 1744 Euphra-

718 1782 731 1806 ,
840 1782 853 1794 .

405 1865 485 1916 46.
536 1864 740 1920 Littera
769 1864 908 1920 fines
935 1866 1101 1937 spatii
1142 1863 1383 1918 delineat
1422 1863 1795 1918 interiacentis
1823 1864 1880 1916 in

287 1936 470 1991 medio
520 1939 806 1993 amborum
850 1938 1147 1994 fluviorum
1183 1937 1419 2011 Aegypti
1461 1945 1513 1992 et
1550 1937 1875 2009 Euphratis;

288 2024 415 2062 nam
462 2013 768 2079 antiquitus
809 2012 1194 2083 homonymice
1240 2029 1367 2066 cum
1414 2013 1638 2084 regione
1676 2009 1881 2066 fluvius

287 2097 509 2152 quoque
529 2081 812 2155 Aegyptus
834 2085 1241 2154 appellabatur,
1282 2085 1434 2157 quod
1460 2093 1688 2140 testatur
1716 2085 1881 2140 etiam

287 2162 445 2226 poeta
468 2154 687 2210 dicens:
731 2157 877 2210 State
896 2163 953 2210 in
970 2161 1128 2223 fluvio
1147 2161 1373 2226 Aeyypto
1391 2175 1547 2212 naves
1568 2175 1635 2210 em
1660 2167 1883 2226 utraque

283 2238 436 2296 parte
465 2235 858 2298 transfretantes
867 2229 946 2298 *).
1026 2229 1111 2284 Ad
1137 2229 1209 2304 [*]
1238 2239 1477 2286 mentem
1497 2247 1625 2284 vero
1644 2229 1881 2288 felicita-

285 2311 396 2358 tem
427 2304 646 2366 annuit,
690 2319 832 2372 quae
861 2311 944 2357 est
971 2303 1213 2374 perfecta
1246 2303 1535 2376 plenitudo
1574 2304 1879 2374 triplicium

285 2378 570 2441 bonorum,
596 2377 973 2448 spiritualium
993 2393 1211 2448 nempe,
1236 2379 1603 2449 corporalium
1624 2386 1677 2432 et
1698 2386 1881 2433 exter-

285 2469 506 2507 norum:
553 2460 614 2507 ut
633 2451 796 2506 laude
815 2451 1097 2506 celebrant
1116 2468 1237 2506 eam
1256 2452 1508 2507 nonnulli
1530 2468 1719 2508 eorum
1734 2493 1747 2516 ,
1780 2453 1880 2524 qui

385 2623 427 2670 ¹³)
471 2624 597 2663 Hom.
632 2624 788 2674 odyss.
825 2624 886 2673 14,
923 2625 1022 2663 258:
1077 2624 1212 2670 Στῆσα
1238 2618 1279 2661 δ’
1304 2622 1347 2660 ἐν
1370 2619 1566 2672 Αἰγύπτῳ
1590 2625 1766 2672 ποταμῷ
1791 2620 1879 2670 νέας

285 2665 569 2723 ἇμφιελίσσας.
