2125 3084
1111 230 1184 277 lv

357 347 429 401 tis
444 387 457 410 ,
501 347 855 418 interpretem
882 353 1130 400 nostrum
1149 347 1296 403 Mose
1321 344 1655 401 Chorenensi
1673 348 1946 403 seniorem

355 436 529 492 fuisse
566 445 765 501 aetate,
816 446 877 492 ut
914 438 1176 493 maiorem
1215 438 1336 492 eius
1374 438 1845 510 condiscipulum,
1890 448 1947 493 et

356 536 751 600 consequenter
771 529 1013 585 caruisse
1032 528 1435 604 quodammodo
1461 529 1794 601 perfectione
1824 530 1940 594 illa,

356 636 463 691 qua
503 620 739 692 praediti
787 621 1049 693 deinceps
1098 620 1320 677 fuerunt
1355 620 1719 677 Chorenensis
1755 622 1853 676 ille
1891 630 1945 677 et

354 713 475 766 eius
492 712 630 767 socii
648 711 1014 767 Alexandriae
1040 720 1096 767 et
1112 711 1342 767 Athenis
1361 695 1619 767 instituti.
1636 718 1674 743 “
1757 752 1793 776 ‚,
1809 712 1946 767 Cae-—

355 812 534 858 terum
577 810 786 858 certum
832 810 941 866 est,
1017 802 1370 875 interpretem
1423 811 1669 857 nostrum
1723 805 1946 859 saeculo
2010 838 2016 843 -
2082 818 2083 885 j

354 895 547 965 quinto
574 892 717 965 (post
734 892 1016 948 Christum
1035 894 1245 969 natum)
1276 896 1483 949 vixisse
1512 894 1617 949 sub
1639 894 1945 949 Theodosio

346 986 592 1058 juniore:
655 983 805 1056 quod
842 992 1062 1057 tempus
1107 984 1166 1041 in
1213 986 1358 1042 illud
1393 987 1676 1041 saeculum
1721 986 1940 1047 incidit,

354 1076 501 1149 quod
528 1078 973 1149 Interpretum
1008 1086 1292 1133 aetatem
1321 1084 1837 1134 nostratcs‘vocant.
1879 1094 1946 1132 eo

352 1168 502 1240 quod
540 1177 671 1223 tunc
708 1170 949 1224 maxime
984 1170 1314 1224 Graecorum
1355 1169 1513 1223 libris
1550 1170 1608 1221 in
1643 1168 1944 1222 Haicanum

348 1256 632 1314 'vertendis
661 1258 908 1313 Armenii
926 1258 1258 1314 insudarint.
1277 1265 1313 1288 “
1393 1260 1466 1312 De
1487 1259 1609 1328 ipsa
1627 1257 1946 1328 interpretis

349 1366 581 1422 persona
620 1349 723 1403 hoc
760 1357 995 1403 statuere
1038 1364 1200 1420 posse
1239 1348 1350 1403 sibi
1380 1348 1622 1403 videtur:
1679 1386 1732 1401 ..
1760 1388 1772 1401 .
1815 1352 1946 1414 „ita

351 1449 439 1505 ut,
492 1441 540 1494 si
582 1439 964 1495 concedendus
992 1432 1067 1493 sit
1099 1439 1248 1493 locus
1289 1439 1645 1503 coniecturis,
1696 1448 1944 1511 optarem

353 1539 515 1603 atque
555 1518 814 1586 auderem
850 1530 1059 1604 dicere,
1138 1530 1286 1601 quod
1330 1531 1450 1600 ipse
1496 1529 1554 1584 S.
1595 1532 1940 1598 Leontius,
2002 1576 2010 1586 ,
2082 1520 2083 1567 3

352 1624 450 1693 qui
472 1630 585 1678 erat
610 1640 754 1677 unus
786 1623 1055 1677 maiorum
1081 1622 1416 1694 collegarum
1434 1621 1600 1677 Mosis
1630 1622 1946 1681 Chorenen-

350 1714 459 1780 sia,
503 1713 668 1769 fuerit
695 1715 951 1786 proprius
980 1714 1269 1769 translator
1297 1714 1462 1768 totius
1486 1716 1674 1785 ‚operis
1693 1715 1944 1771 Philoni-

352 1806 464 1861 ani.
482 1806 681 1861 “—De
701 1824 821 1861 sua
840 1806 1063 1878 ipsius
1086 1807 1399 1861 versione
1423 1806 1660 1861 Latina
1678 1807 1944 1863 Aucher

348 1898 486 1953 haec
514 1899 677 1955 dicit:
720 1898 978 1967 „Quod”
1002 1898 1102 1971 (sc.
1135 1906 1325 1953 natura
1353 1898 1622 1953 versionis
1651 1898 1944 1955 Armeniae

350 2006 457 2042 non
478 1990 611 2043 satis
630 1990 915 2063 perfecta),
952 2000 1063 2055 „ut
1091 2008 1191 2062 per
1209 2008 1269 2045 se
1297 1998 1471 2062 patet,
1519 1990 1680 2045 nobis
1705 1989 1944 2047 Armena

349 2080 407 2132 in
432 2080 687 2134 Latinum
724 2081 1180 2136 transferentibus
1208 2082 1551 2138 incommodo
1589 2080 1942 2138 vehementer

350 2169 481 2225 fuit:
542 2172 641 2241 qui
680 2179 861 2226 tamen
900 2173 957 2226 in
997 2171 1181 2226 media
1224 2191 1447 2243 prorsus
1487 2175 1578 2229 via
1620 2169 1940 2227 incedentes

349 2262 618 2317 Haicanae
645 2262 861 2333 phrasi,
904 2264 1087 2335 quoad
1115 2264 1236 2319 sin-e
1271 2262 1679 2335 perspicuitatis
1709 2260 1942 2333 dispen-

350 2352 442 2408 dio
472 2352 589 2408 fieri
618 2356 822 2426 potuit,
882 2355 1132 2427 pressius
1167 2354 1461 2411 adhaerere
1491 2354 1668 2407 conati
1710 2370 1931 2420 sumus;

350 2462 451 2499 nec
469 2453 651 2501 tamen
675 2447 957 2518 piaculum
986 2446 1252 2501 duximus
1273 2448 1342 2501 ab
1372 2462 1434 2500 ea
1453 2444 1738 2501 discedere
1753 2486 1766 2511 ,
1809 2463 1937 2501 cum

349 2535 408 2589 id
454 2538 633 2608 ipsius
684 2542 920 2597 auctoris
972 2539 1173 2593 mentis
1233 2535 1586 2609 exponendae
1638 2538 1936 2596 necessitas

348 2628 669 2697 postularet.
746 2632 908 2686 Porro
946 2630 1047 2685 hac
1077 2628 1238 2685 nobis
1269 2629 1390 2700 lege
1420 2630 1710 2685 constituta
1746 2630 1936 2691 mirari

348 2715 590 2787 profecto
617 2738 777 2778 nemo
804 2725 1028 2795 poterit,
1070 2723 1294 2777 Latinae
1315 2720 1538 2795 linguae
1558 2722 1883 2794 elegantiam
1905 2739 1935 2774 a
