2125 3084
390 198 455 251 94
648 262 655 269 .
846 202 1214 249 rmnoms
1261 198 1530 247 mnam
1829 198 1905 264 [1,
1939 204 2050 267 aa]

396 302 705 375 apologiam
734 309 1048 357 construere
1062 343 1076 367 ‚
1115 318 1203 355 res
1223 308 1404 355 tamen
1423 300 1545 370 ipsa
1565 298 2044 360 evidentissima

394 386 495 433 est.
525 378 635 433 Hoc
650 376 798 434 dicto
814 378 873 432 in
892 376 1116 432 alteram
1134 374 1428 431 transferar
1445 372 1738 447 apologiae
1757 386 2010 449 partem
2022 423 2035 435 .

502 488 589 541 77.
630 486 815 541 Lunae
833 484 1104 557 phasihus
1122 484 1410 557 speciatim
1431 483 1643 538 fructus
1665 493 1836 540 nocte
1864 503 2032 557 quo-

392 560 681 619 dammodo
703 570 1068 615 maturescere
1086 558 1370 625 videntur;
1433 557 1649 613 debiles
1676 576 1935 631 namque
1960 572 2024 617 et

392 638 573 711 magis
592 634 858 691 femineos
880 635 1133 691 emittens
1151 632 1489 705 splendores,
1514 650 1618 688 nec
1636 649 1745 689 non
1765 652 2014 691 serenos

394 712 511 784 (aut
530 728 649 767 rore
668 709 963 783 praeditos)
983 726 1016 765 o
1056 708 1190 765 time
1211 708 1372 763 lactat
1393 708 1718 764 enutriendo
1737 716 1789 763 et
1810 710 2012 765 adau-

390 787 592 861 gendo.
668 784 995 856 Quandoqui
1035 801 1126 839 em
1164 784 1372 840 nimius
1407 782 1788 854 violentusque
1833 786 2007 840 calor

392 860 719 919 exsiccando
736 852 984 915 arescere
1004 855 1161 927 facit5
1203 859 1304 929 qui
1314 875 1446 913 vero
1465 858 1675 929 absque
1690 860 2002 914 exustione

391 946 475 993 est
489 978 502 1003 ,
545 937 741 993 leniter
768 952 833 993 ao
859 934 1126 1007 paulatim
1152 931 1524 989 calefaciendo
1544 932 1682 989 solet
1697 932 1989 1005 perficere.

502 1047 590 1101 78.
657 1046 879 1101 Dierum
924 1051 1107 1098 autem
1140 1042 1494 1113 noctiumque
1534 1042 1988 1113 inaequalitatem

392 1121 484 1178 Sol
505 1118 759 1193 producit
772 1161 785 1185 ‚
818 1117 1180 1190 inaequaliter
1197 1132 1262 1171 ac
1279 1118 1434 1172 varia
1451 1117 1574 1189 lege
1593 1118 1980 1183 circumactus,

392 1206 445 1251 et
464 1212 563 1267 per
582 1211 866 1255 accessum
885 1208 1275 1263 secessumque
1294 1199 1523 1247 aestates
1537 1233 1552 1257 ‚
1584 1191 1802 1247 hiemes
1820 1202 1875 1248 et
1891 1210 1984 1247 ae-

390 1270 671 1342 quinoctia
690 1286 959 1342 peragens
973 1309 987 1332 ,
1028 1284 1172 1339 quae
1201 1275 1330 1321 sunt
1355 1274 1598 1338 tempora
1629 1284 1815 1323 annua
1829 1310 1842 1333 ,
1883 1285 1982 1323 na-

388 1344 609 1409 scendi,
651 1343 962 1408 crescendi,
1008 1339 1362 1415 perfectionis
1401 1343 1649 1397 omnium
1684 1342 1797 1398 sub
1835 1344 1980 1399 caelo

389 1436 572 1474 causa.

494 1510 583 1562 79.
648 1508 898 1580 Eclipses
945 1526 1076 1565 vero
1108 1507 1351 1565 luminis
1399 1507 1502 1562 etsi
1543 1519 1826 1580 supponat
1856 1510 1976 1582 quis

388 1584 537 1639 haud
558 1584 883 1655 primarium
903 1601 1024 1639 esse
1045 1584 1136 1639 dei
1155 1600 1294 1655 opus
1310 1624 1322 1647 ‚
1363 1582 1614 1653 primarii
1639 1592 1829 1641 tamen
1855 1603 1976 1641 con-

390 1658 735 1731 sequentiam
752 1659 975 1715 omnino
994 1676 1116 1715 esse
1135 1675 1244 1714 non
1264 1656 1560 1721 dubitabit,
1585 1657 1822 1715 fateatur
1837 1659 1973 1716 enim

388 1736 611 1792 necesse
628 1742 712 1791 est
728 1736 1005 1807 cooperari
1026 1734 1096 1790 ad
1115 1732 1363 1789 universi
1384 1731 1724 1788 firmitatem:
1765 1738 1817 1791 si
1838 1738 1973 1791 enim

390 1822 613 1867 causam
632 1810 945 1882 explorabis
959 1851 974 1875 ‚
997 1826 1106 1881 qua
1126 1809 1262 1864 baec
1283 1816 1544 1880 aguntur,
1581 1826 1848 1883 magnum
1867 1828 1974 1865 am-

386 1887 655 1958 plumque
672 1902 813 1959 opus
831 1886 1101 1950 invenieS‚
1125 1882 1275 1955 quod
1290 1883 1970 1956 incomprehensibilium-

386 1963 583 2017 stantia
604 1961 852 2017 animum
868 1961 1045 2033 possit
1063 1958 1390 2017 exhilarare.

496 2058 583 2109 80.
623 2053 762 2109 Vide
776 2094 789 2119 ‚
822 2069 988 2124 quam
1008 2052 1150 2107 bene
1171 2049 1576 2123 expergefaciat
1596 2051 1966 2127 abhorrentem

388 2147 417 2183 a
447 2128 826 2200 philosophia,
867 2127 1163 2201 lyricorum
1187 2124 1260 2201 [Ἴ
1283 2134 1568 2197 poetarum
1587 2128 1832 2201 optimus
1849 2129 1965 2183 Pin-

388 2202 581 2267 darus,
606 2203 840 2275 eclipsin
859 2204 1093 2258 intuitus
1117 2201 1258 2257 lucis
1279 2201 1444 2256 Solia.
1522 2202 1669 2258 Dicit
1687 2204 1862 2259 enim:
1889 2262 1902 2275 ‚

498 2278 899 2341 Badium-Solia,
932 2288 1072 2347 tyro,
1111 2279 1328 2331 multum
1347 2281 1565 2340 intueri,

495 2370 559 2408 ne
576 2355 731 2408 nimis
748 2357 996 2407 concedas
1016 2358 1120 2407 tuis
1135 2355 1302 2409 oculis
1319 2356 1597 2419 corporeis.

495 2428 654 2483 Sidus
669 2430 1081 2495 superexcellens
1103 2432 1238 2481 diem
1255 2435 1517 2488 vocatum,

606 2504 742 2568 quod
760 2518 929 2567 regem
946 2505 1282 2563 constituisti,

493 2578 735 2627 virtutem
754 2579 888 2636 eius,
920 2592 1022 2642 quo
1041 2583 1091 2627 et
1108 2578 1393 2641 sapientiae

602 2650 719 2699 viae
736 2656 1043 2702 evanescunt
1060 2650 1320 2711 tenebrae,

491 2729 665 2781 reyere
682 2723 998 2784 iuveniliter,
1034 2717 1192 2790 quain
1211 2726 1464 2777 anterius.
