<?xml version="1.0" encoding="UTF-8"?>
<!DOCTYPE html PUBLIC "-//W3C//DTD XHTML 1.0 Transitional//EN"
    "http://www.w3.org/TR/xhtml1/DTD/xhtml1-transitional.dtd">
<html xmlns="http://www.w3.org/1999/xhtml" xml:lang="en" lang="en">
 <head>
  <title>
</title>
<meta http-equiv="Content-Type" content="text/html;charset=utf-8" />
  <meta name='ocr-system' content='tesseract 3.04.00' />
  <meta name='ocr-capabilities' content='ocr_page ocr_carea ocr_par ocr_line ocrx_word'/>
</head>
<body>
  <div class='ocr_page' id='page_1' title='image "./philonisiudaeio00alejgoog_0456.png"; bbox 0 0 2125 3084; ppageno 0'>
   <div class='ocr_carea' id='block_1_1' title="bbox 200 170 1786 238">
    <p class='ocr_par' dir='ltr' id='par_1_1' title="bbox 200 170 1786 238">
     <span class='ocr_line' id='line_1_1' title="bbox 200 170 1786 238; baseline 0.006 -16"><span class='ocrx_word' id='word_1_1' title='bbox 200 170 287 237; x_wconf 78' lang='lat' dir='ltr'><strong>m,</strong></span> <span class='ocrx_word' id='word_1_2' title='bbox 312 171 431 238; x_wconf 69' lang='lat' dir='ltr'><strong>soa]</strong></span> <span class='ocrx_word' id='word_1_3' title='bbox 464 192 471 200; x_wconf 94' lang='lat'><strong>·</strong></span> <span class='ocrx_word' id='word_1_4' title='bbox 824 182 923 227; x_wconf 68' lang='lat' dir='ltr'><strong>nn</strong></span> <span class='ocrx_word' id='word_1_5' title='bbox 968 182 1174 229; x_wconf 45' lang='lat' dir='ltr'>101&amp;ss</span> <span class='ocrx_word' id='word_1_6' title='bbox 1697 177 1786 231; x_wconf 72' lang='lat' dir='ltr'><strong>ul</strong></span> 
     </span>
    </p>
   </div>
   <div class='ocr_carea' id='block_1_2' title="bbox 196 277 1900 577">
    <p class='ocr_par' dir='ltr' id='par_1_2' title="bbox 196 277 1800 507">
     <span class='ocr_line' id='line_1_2' title="bbox 199 277 1798 356; baseline 0.006 -24"><span class='ocrx_word' id='word_1_7' title='bbox 199 280 384 333; x_wconf 76' lang='lat' dir='ltr'><strong>minas-</strong></span> <span class='ocrx_word' id='word_1_8' title='bbox 410 277 571 333; x_wconf 83' lang='lat' dir='ltr'><strong>nobis</strong></span> <span class='ocrx_word' id='word_1_9' title='bbox 600 278 757 342; x_wconf 71' lang='lat' dir='ltr'><strong>fecit,</strong></span> <span class='ocrx_word' id='word_1_10' title='bbox 800 280 1300 353; x_wconf 78' lang='lat' dir='ltr'><strong>circumprehensis</strong></span> <span class='ocrx_word' id='word_1_11' title='bbox 1312 281 1366 356; x_wconf 73' lang='lat'><strong>⁴⁵)</strong></span> <span class='ocrx_word' id='word_1_12' title='bbox 1391 298 1566 339; x_wconf 86' lang='lat' dir='ltr'><strong>unum</strong></span> <span class='ocrx_word' id='word_1_13' title='bbox 1593 281 1688 341; x_wconf 86' lang='lat' dir='ltr'><strong>dat</strong></span> <span class='ocrx_word' id='word_1_14' title='bbox 1715 284 1798 341; x_wconf 88' lang='lat' dir='ltr'><strong>lo·-</strong></span> 
     </span>
     <span class='ocr_line' id='line_1_3' title="bbox 198 357 1798 427; baseline 0.005 -19"><span class='ocrx_word' id='word_1_15' title='bbox 198 370 328 408; x_wconf 87' lang='lat' dir='ltr'><strong>cum</strong></span> <span class='ocrx_word' id='word_1_16' title='bbox 356 360 597 419; x_wconf 83' lang='lat' dir='ltr'><strong>tantum,</strong></span> <span class='ocrx_word' id='word_1_17' title='bbox 636 363 769 425; x_wconf 77' lang='lat' dir='ltr'><strong>puta</strong></span> <span class='ocrx_word' id='word_1_18' title='bbox 796 372 897 427; x_wconf 84' lang='lat' dir='ltr'><strong>per</strong></span> <span class='ocrx_word' id='word_1_19' title='bbox 922 357 1186 413; x_wconf 79' lang='lat' dir='ltr'><strong>virtutem</strong></span> <span class='ocrx_word' id='word_1_20' title='bbox 1211 357 1643 415; x_wconf 67' lang='lat' dir='ltr'><strong>humanissimae</strong></span> <span class='ocrx_word' id='word_1_21' title='bbox 1663 376 1798 415; x_wconf 76' lang='lat' dir='ltr'><strong>suae</strong></span> 
     </span>
     <span class='ocr_line' id='line_1_4' title="bbox 196 429 1800 507; baseline 0.004 -24"><span class='ocrx_word' id='word_1_22' title='bbox 196 429 579 501; x_wconf 71' lang='lat' dir='ltr'><strong>benignitatis,</strong></span> <span class='ocrx_word' id='word_1_23' title='bbox 602 430 817 502; x_wconf 84' lang='lat' dir='ltr'><strong>quippe</strong></span> <span class='ocrx_word' id='word_1_24' title='bbox 832 431 933 502; x_wconf 86' lang='lat' dir='ltr'><strong>qui</strong></span> <span class='ocrx_word' id='word_1_25' title='bbox 943 430 1299 488; x_wconf 79' lang='lat' dir='ltr'><strong>vehementer</strong></span> <span class='ocrx_word' id='word_1_26' title='bbox 1317 449 1449 507; x_wconf 79' lang='lat' dir='ltr'><strong>erga</strong></span> <span class='ocrx_word' id='word_1_27' title='bbox 1467 432 1800 507; x_wconf 81' lang='lat' dir='ltr'><strong>delinquen·-</strong></span> 
     </span>
    </p>

    <p class='ocr_par' dir='ltr' id='par_1_3' title="bbox 196 504 1900 577">
     <span class='ocr_line' id='line_1_5' title="bbox 196 504 1900 577; baseline 0.002 -16"><span class='ocrx_word' id='word_1_28' title='bbox 196 513 281 561; x_wconf 78' lang='lat' dir='ltr'><strong>tes</strong></span> <span class='ocrx_word' id='word_1_29' title='bbox 302 504 708 576; x_wconf 71' lang='lat' dir='ltr'><strong>supplicatione</strong></span> <span class='ocrx_word' id='word_1_30' title='bbox 727 506 995 577; x_wconf 83' lang='lat' dir='ltr'><strong>placatur.</strong></span> <span class='ocrx_word' id='word_1_31' title='bbox 1153 524 1170 537; x_wconf 71' lang='lat'><em>⁴</em></span> <span class='ocrx_word' id='word_1_32' title='bbox 1713 528 1720 540; x_wconf 77' lang='grc'>’</span> <span class='ocrx_word' id='word_1_33' title='bbox 1886 520 1900 529; x_wconf 68' lang='grc'><strong>“</strong></span> 
     </span>
    </p>
   </div>
   <div class='ocr_carea' id='block_1_3' title="bbox 190 600 1800 1275">
    <p class='ocr_par' dir='ltr' id='par_1_4' title="bbox 190 600 1800 1275">
     <span class='ocr_line' id='line_1_6' title="bbox 312 600 1800 670; baseline 0.003 -13"><span class='ocrx_word' id='word_1_34' title='bbox 312 606 399 657; x_wconf 87' lang='grc'><strong>36.</strong></span> <span class='ocrx_word' id='word_1_35' title='bbox 448 600 607 670; x_wconf 86' lang='lat' dir='ltr'><strong>Quod</strong></span> <span class='ocrx_word' id='word_1_36' title='bbox 646 602 699 657; x_wconf 85' lang='lat' dir='ltr'><strong>si</strong></span> <span class='ocrx_word' id='word_1_37' title='bbox 737 602 927 659; x_wconf 88' lang='lat' dir='ltr'><strong>nullus</strong></span> <span class='ocrx_word' id='word_1_38' title='bbox 966 604 1023 658; x_wconf 90' lang='lat' dir='ltr'><strong>in</strong></span> <span class='ocrx_word' id='word_1_39' title='bbox 1060 604 1362 660; x_wconf 85' lang='lat' dir='ltr'><strong>orationem</strong></span> <span class='ocrx_word' id='word_1_40' title='bbox 1389 619 1587 661; x_wconf 87' lang='lat' dir='ltr'><strong>manus</strong></span> <span class='ocrx_word' id='word_1_41' title='bbox 1617 605 1800 663; x_wconf 85' lang='lat' dir='ltr'><strong>levare</strong></span> 
     </span>
     <span class='ocr_line' id='line_1_7' title="bbox 196 674 1800 753; baseline 0.002 -20"><span class='ocrx_word' id='word_1_42' title='bbox 196 674 391 743; x_wconf 88' lang='lat' dir='ltr'><strong>audet,</strong></span> <span class='ocrx_word' id='word_1_43' title='bbox 425 678 495 733; x_wconf 89' lang='lat' dir='ltr'><strong>de</strong></span> <span class='ocrx_word' id='word_1_44' title='bbox 514 696 613 734; x_wconf 88' lang='lat' dir='ltr'><strong>sua</strong></span> <span class='ocrx_word' id='word_1_45' title='bbox 637 678 747 733; x_wconf 83' lang='lat' dir='ltr'><strong>vita</strong></span> <span class='ocrx_word' id='word_1_46' title='bbox 765 677 1098 735; x_wconf 87' lang='lat' dir='ltr'><strong>erubescens</strong></span> <span class='ocrx_word' id='word_1_47' title='bbox 1113 720 1126 744; x_wconf 92' lang='lat'><strong>,</strong></span> <span class='ocrx_word' id='word_1_48' title='bbox 1162 680 1347 751; x_wconf 89' lang='lat' dir='ltr'><strong>ipsum</strong></span> <span class='ocrx_word' id='word_1_49' title='bbox 1367 680 1689 753; x_wconf 86' lang='lat' dir='ltr'><strong>prophetam</strong></span> <span class='ocrx_word' id='word_1_50' title='bbox 1711 682 1800 737; x_wconf 85' lang='lat' dir='ltr'><strong>in-</strong></span> 
     </span>
     <span class='ocr_line' id='line_1_8' title="bbox 195 752 1796 826; baseline 0.001 -17"><span class='ocrx_word' id='word_1_51' title='bbox 195 765 553 809; x_wconf 86' lang='lat' dir='ltr'><strong>tercessorem</strong></span> <span class='ocrx_word' id='word_1_52' title='bbox 574 770 674 826; x_wconf 89' lang='lat' dir='ltr'><strong>pro</strong></span> <span class='ocrx_word' id='word_1_53' title='bbox 696 752 855 808; x_wconf 89' lang='lat' dir='ltr'><strong>nobis</strong></span> <span class='ocrx_word' id='word_1_54' title='bbox 878 752 996 808; x_wconf 83' lang='lat' dir='ltr'><strong>fieri</strong></span> <span class='ocrx_word' id='word_1_55' title='bbox 1016 755 1358 811; x_wconf 87' lang='lat' dir='ltr'><strong>studeamus.</strong></span> <span class='ocrx_word' id='word_1_56' title='bbox 1437 756 1694 811; x_wconf 80' lang='lat' dir='ltr'><strong>Dicamus</strong></span> <span class='ocrx_word' id='word_1_57' title='bbox 1724 759 1796 821; x_wconf 87' lang='lat' dir='ltr'><strong>ei,</strong></span> 
     </span>
     <span class='ocr_line' id='line_1_9' title="bbox 193 826 1800 901; baseline 0.002 -19"><span class='ocrx_word' id='word_1_58' title='bbox 193 830 295 900; x_wconf 87' lang='lat' dir='ltr'><strong>qui</strong></span> <span class='ocrx_word' id='word_1_59' title='bbox 318 826 684 901; x_wconf 85' lang='lat' dir='ltr'><strong>praedicavit:</strong></span> <span class='ocrx_word' id='word_1_60' title='bbox 748 826 809 882; x_wconf 90' lang='lat' dir='ltr'><strong>Si</strong></span> <span class='ocrx_word' id='word_1_61' title='bbox 830 827 920 884; x_wconf 89' lang='lat' dir='ltr'><strong>dei</strong></span> <span class='ocrx_word' id='word_1_62' title='bbox 942 846 1138 884; x_wconf 85' lang='lat' dir='ltr'><strong>servus</strong></span> <span class='ocrx_word' id='word_1_63' title='bbox 1165 846 1252 894; x_wconf 88' lang='lat' dir='ltr'><strong>es,</strong></span> <span class='ocrx_word' id='word_1_64' title='bbox 1297 828 1365 885; x_wconf 87' lang='lat' dir='ltr'><strong>da</strong></span> <span class='ocrx_word' id='word_1_65' title='bbox 1394 828 1556 885; x_wconf 90' lang='lat' dir='ltr'><strong>nobis</strong></span> <span class='ocrx_word' id='word_1_66' title='bbox 1585 832 1644 887; x_wconf 87' lang='lat' dir='ltr'><strong>in</strong></span> <span class='ocrx_word' id='word_1_67' title='bbox 1673 848 1800 885; x_wconf 87' lang='lat' dir='ltr'><strong>mu-</strong></span> 
     </span>
     <span class='ocr_line' id='line_1_10' title="bbox 194 899 1798 993; baseline 0.001 -36"><span class='ocrx_word' id='word_1_68' title='bbox 194 914 355 957; x_wconf 85' lang='lat' dir='ltr'><strong>tuum</strong></span> <span class='ocrx_word' id='word_1_69' title='bbox 375 911 523 958; x_wconf 87' lang='lat' dir='ltr'><strong>tuam</strong></span> <span class='ocrx_word' id='word_1_70' title='bbox 545 920 735 959; x_wconf 87' lang='lat' dir='ltr'><strong>vocem</strong></span> <span class='ocrx_word' id='word_1_71' title='bbox 757 912 812 957; x_wconf 92' lang='lat' dir='ltr'><strong>et</strong></span> <span class='ocrx_word' id='word_1_72' title='bbox 841 902 1127 959; x_wconf 88' lang='lat' dir='ltr'><strong>liberalem</strong></span> <span class='ocrx_word' id='word_1_73' title='bbox 1153 899 1228 979; x_wconf 82' lang='lat'><strong>[*]</strong></span> <span class='ocrx_word' id='word_1_74' title='bbox 1251 904 1578 993; x_wconf 79' lang='lat' dir='ltr'><strong>invidiaque</strong></span> <span class='ocrx_word' id='word_1_75' title='bbox 1606 922 1798 960; x_wconf 86' lang='lat' dir='ltr'><strong>caren-</strong></span> 
     </span>
     <span class='ocr_line' id='line_1_11' title="bbox 190 978 1800 1053; baseline 0.002 -20"><span class='ocrx_word' id='word_1_76' title='bbox 190 989 307 1033; x_wconf 85' lang='lat' dir='ltr'><strong>tem</strong></span> <span class='ocrx_word' id='word_1_77' title='bbox 344 978 685 1049; x_wconf 82' lang='lat' dir='ltr'><strong>prophetiam</strong></span> <span class='ocrx_word' id='word_1_78' title='bbox 712 986 865 1033; x_wconf 84' lang='lat' dir='ltr'><strong>tuam</strong></span> <span class='ocrx_word' id='word_1_79' title='bbox 895 978 1110 1034; x_wconf 86' lang='lat' dir='ltr'><strong>cunctis</strong></span> <span class='ocrx_word' id='word_1_80' title='bbox 1137 978 1391 1035; x_wconf 81' lang='lat' dir='ltr'><strong>ostende:</strong></span> <span class='ocrx_word' id='word_1_81' title='bbox 1453 989 1598 1036; x_wconf 77' lang='lat' dir='ltr'><strong>sicut</strong></span> <span class='ocrx_word' id='word_1_82' title='bbox 1625 982 1800 1053; x_wconf 84' lang='lat' dir='ltr'><strong>parti-</strong></span> 
     </span>
     <span class='ocr_line' id='line_1_12' title="bbox 192 1053 1799 1125; baseline 0.002 -18"><span class='ocrx_word' id='word_1_83' title='bbox 192 1069 329 1123; x_wconf 85' lang='lat' dir='ltr'><strong>ceps</strong></span> <span class='ocrx_word' id='word_1_84' title='bbox 370 1061 614 1123; x_wconf 88' lang='lat' dir='ltr'><strong>repertus</strong></span> <span class='ocrx_word' id='word_1_85' title='bbox 642 1053 789 1107; x_wconf 81' lang='lat' dir='ltr'><strong>vitae</strong></span> <span class='ocrx_word' id='word_1_86' title='bbox 823 1060 1039 1109; x_wconf 86' lang='lat' dir='ltr'><strong>nostrae</strong></span> <span class='ocrx_word' id='word_1_87' title='bbox 1054 1095 1068 1113; x_wconf 86' lang='lat'><strong>,</strong></span> <span class='ocrx_word' id='word_1_88' title='bbox 1109 1070 1362 1125; x_wconf 78' lang='lat' dir='ltr'><strong>precare,</strong></span> <span class='ocrx_word' id='word_1_89' title='bbox 1399 1062 1461 1110; x_wconf 87' lang='lat' dir='ltr'><strong>ut</strong></span> <span class='ocrx_word' id='word_1_90' title='bbox 1487 1072 1588 1111; x_wconf 86' lang='lat' dir='ltr'><strong>nos</strong></span> <span class='ocrx_word' id='word_1_91' title='bbox 1615 1064 1799 1111; x_wconf 87' lang='lat' dir='ltr'><strong>tecum</strong></span> 
     </span>
     <span class='ocr_line' id='line_1_13' title="bbox 193 1127 1800 1205; baseline 0.003 -24"><span class='ocrx_word' id='word_1_92' title='bbox 193 1127 662 1183; x_wconf 75' lang='lat' dir='ltr'><strong>communicantes</strong></span> <span class='ocrx_word' id='word_1_93' title='bbox 683 1127 988 1187; x_wconf 84' lang='lat' dir='ltr'><strong>salvemur:</strong></span> <span class='ocrx_word' id='word_1_94' title='bbox 1053 1129 1252 1184; x_wconf 88' lang='lat' dir='ltr'><strong>civitas</strong></span> <span class='ocrx_word' id='word_1_95' title='bbox 1273 1137 1455 1184; x_wconf 85' lang='lat' dir='ltr'><strong>autem</strong></span> <span class='ocrx_word' id='word_1_96' title='bbox 1471 1171 1484 1194; x_wconf 88' lang='lat'><strong>,</strong></span> <span class='ocrx_word' id='word_1_97' title='bbox 1508 1139 1561 1186; x_wconf 89' lang='lat' dir='ltr'><strong>te</strong></span> <span class='ocrx_word' id='word_1_98' title='bbox 1581 1132 1800 1205; x_wconf 83' lang='lat' dir='ltr'><strong>ingres-</strong></span> 
     </span>
     <span class='ocr_line' id='line_1_14' title="bbox 196 1202 1798 1275; baseline 0.003 -18"><span class='ocrx_word' id='word_1_99' title='bbox 196 1220 289 1267; x_wconf 86' lang='lat' dir='ltr'><strong>so,</strong></span> <span class='ocrx_word' id='word_1_100' title='bbox 320 1203 707 1275; x_wconf 80' lang='lat' dir='ltr'><strong>inconsumpta</strong></span> <span class='ocrx_word' id='word_1_101' title='bbox 725 1202 1029 1275; x_wconf 72' lang='lat' dir='ltr'><strong>illaesaque</strong></span> <span class='ocrx_word' id='word_1_102' title='bbox 1048 1213 1346 1261; x_wconf 85' lang='lat' dir='ltr'><strong>remaneat.</strong></span> <span class='ocrx_word' id='word_1_103' title='bbox 1424 1205 1555 1261; x_wconf 84' lang='lat' dir='ltr'><strong>Esto</strong></span> <span class='ocrx_word' id='word_1_104' title='bbox 1584 1207 1798 1263; x_wconf 82' lang='lat' dir='ltr'><strong>civitati</strong></span> 
     </span>
    </p>
   </div>
   <div class='ocr_carea' id='block_1_4' title="bbox 194 1278 1886 1343">
    <p class='ocr_par' dir='ltr' id='par_1_5' title="bbox 194 1278 1886 1343">
     <span class='ocr_line' id='line_1_15' title="bbox 194 1278 1886 1343; baseline 0.003 -11"><span class='ocrx_word' id='word_1_105' title='bbox 194 1285 415 1333; x_wconf 86' lang='lat' dir='ltr'><strong>nostrae</strong></span> <span class='ocrx_word' id='word_1_106' title='bbox 442 1294 663 1343; x_wconf 84' lang='lat' dir='ltr'><strong>murus,</strong></span> <span class='ocrx_word' id='word_1_107' title='bbox 705 1286 760 1333; x_wconf 84' lang='lat' dir='ltr'><strong>ot</strong></span> <span class='ocrx_word' id='word_1_108' title='bbox 786 1278 1008 1334; x_wconf 81' lang='lat' dir='ltr'><strong>civibus</strong></span> <span class='ocrx_word' id='word_1_109' title='bbox 1038 1296 1188 1334; x_wconf 87' lang='lat' dir='ltr'><strong>arma</strong></span> <span class='ocrx_word' id='word_1_110' title='bbox 1217 1280 1434 1336; x_wconf 82' lang='lat' dir='ltr'><strong>salutis.</strong></span> <span class='ocrx_word' id='word_1_111' title='bbox 1513 1282 1610 1337; x_wconf 86' lang='lat' dir='ltr'><strong>His</strong></span> <span class='ocrx_word' id='word_1_112' title='bbox 1631 1281 1796 1337; x_wconf 85' lang='lat' dir='ltr'><strong>dictis</strong></span> <span class='ocrx_word' id='word_1_113' title='bbox 1879 1290 1886 1299; x_wconf 82' lang='grc'><em>·</em></span> 
     </span>
    </p>
   </div>
   <div class='ocr_carea' id='block_1_5' title="bbox 192 1352 1796 1560">
    <p class='ocr_par' dir='ltr' id='par_1_6' title="bbox 192 1352 1796 1560">
     <span class='ocr_line' id='line_1_16' title="bbox 194 1352 1796 1427; baseline 0.004 -21"><span class='ocrx_word' id='word_1_114' title='bbox 194 1352 465 1425; x_wconf 83' lang='lat' dir='ltr'><strong>populum</strong></span> <span class='ocrx_word' id='word_1_115' title='bbox 484 1352 745 1409; x_wconf 86' lang='lat' dir='ltr'><strong>dimisere</strong></span> <span class='ocrx_word' id='word_1_116' title='bbox 759 1393 773 1417; x_wconf 92' lang='lat'><strong>,</strong></span> <span class='ocrx_word' id='word_1_117' title='bbox 806 1363 859 1408; x_wconf 86' lang='lat' dir='ltr'><strong>et</strong></span> <span class='ocrx_word' id='word_1_118' title='bbox 876 1354 1088 1427; x_wconf 75' lang='lat' dir='ltr'><strong>singuli</strong></span> <span class='ocrx_word' id='word_1_119' title='bbox 1113 1371 1278 1411; x_wconf 75' lang='lat' dir='ltr'><strong>curm</strong></span> <span class='ocrx_word' id='word_1_120' title='bbox 1299 1356 1358 1410; x_wconf 87' lang='lat' dir='ltr'><strong>in</strong></span> <span class='ocrx_word' id='word_1_121' title='bbox 1383 1355 1610 1412; x_wconf 83' lang='lat' dir='ltr'><strong>domum</strong></span> <span class='ocrx_word' id='word_1_122' title='bbox 1637 1374 1796 1413; x_wconf 86' lang='lat' dir='ltr'><strong>suam</strong></span> 
     </span>
     <span class='ocr_line' id='line_1_17' title="bbox 194 1428 1796 1504; baseline 0.004 -22"><span class='ocrx_word' id='word_1_123' title='bbox 194 1428 339 1483; x_wconf 82' lang='lat' dir='ltr'><strong>facto</strong></span> <span class='ocrx_word' id='word_1_124' title='bbox 351 1468 365 1493; x_wconf 92' lang='lat'><strong>‚</strong></span> <span class='ocrx_word' id='word_1_125' title='bbox 398 1445 429 1483; x_wconf 89' lang='lat' dir='ltr'><strong>a</strong></span> <span class='ocrx_word' id='word_1_126' title='bbox 448 1445 509 1485; x_wconf 90' lang='lat' dir='ltr'><strong>se</strong></span> <span class='ocrx_word' id='word_1_127' title='bbox 528 1429 669 1501; x_wconf 83' lang='lat' dir='ltr'><strong>ipsis</strong></span> <span class='ocrx_word' id='word_1_128' title='bbox 688 1428 1051 1485; x_wconf 71' lang='lat' dir='ltr'><strong>demittebant</strong></span> <span class='ocrx_word' id='word_1_129' title='bbox 1070 1429 1425 1504; x_wconf 74' lang='lat' dir='ltr'><strong>dignitatem:</strong></span> <span class='ocrx_word' id='word_1_130' title='bbox 1475 1440 1594 1489; x_wconf 83' lang='lat' dir='ltr'><strong>erat</strong></span> <span class='ocrx_word' id='word_1_131' title='bbox 1611 1441 1796 1489; x_wconf 88' lang='lat' dir='ltr'><strong>autem</strong></span> 
     </span>
     <span class='ocr_line' id='line_1_18' title="bbox 192 1503 1592 1560; baseline 0 -1"><span class='ocrx_word' id='word_1_132' title='bbox 192 1504 331 1559; x_wconf 84' lang='lat' dir='ltr'><strong>ratio</strong></span> <span class='ocrx_word' id='word_1_133' title='bbox 348 1503 703 1560; x_wconf 78' lang='lat' dir='ltr'><strong>demissionis</strong></span> <span class='ocrx_word' id='word_1_134' title='bbox 723 1503 1066 1560; x_wconf 87' lang='lat' dir='ltr'><strong>huiusmodi.</strong></span> <span class='ocrx_word' id='word_1_135' title='bbox 1585 1532 1592 1539; x_wconf 90' lang='lat'><strong>·</strong></span> 
     </span>
    </p>
   </div>
   <div class='ocr_carea' id='block_1_6' title="bbox 180 1612 1794 2667">
    <p class='ocr_par' dir='ltr' id='par_1_7' title="bbox 180 1612 1794 2667">
     <span class='ocr_line' id='line_1_19' title="bbox 301 1612 1794 1687; baseline 0.001 -18"><span class='ocrx_word' id='word_1_136' title='bbox 301 1614 387 1669; x_wconf 78' lang='lat'><strong>37.</strong></span> <span class='ocrx_word' id='word_1_137' title='bbox 434 1612 555 1685; x_wconf 68' lang='lat' dir='ltr'><strong>Rex</strong></span> <span class='ocrx_word' id='word_1_138' title='bbox 583 1612 824 1687; x_wconf 84' lang='lat' dir='ltr'><strong>regalem</strong></span> <span class='ocrx_word' id='word_1_139' title='bbox 853 1630 1157 1687; x_wconf 85' lang='lat' dir='ltr'><strong>purpuram</strong></span> <span class='ocrx_word' id='word_1_140' title='bbox 1187 1630 1316 1670; x_wconf 89' lang='lat' dir='ltr'><strong>cum</strong></span> <span class='ocrx_word' id='word_1_141' title='bbox 1343 1614 1538 1672; x_wconf 83' lang='lat' dir='ltr'><strong>throno</strong></span> <span class='ocrx_word' id='word_1_142' title='bbox 1571 1618 1631 1671; x_wconf 89' lang='lat' dir='ltr'><strong>in</strong></span> <span class='ocrx_word' id='word_1_143' title='bbox 1669 1634 1794 1671; x_wconf 84' lang='lat' dir='ltr'><strong>sac-</strong></span> 
     </span>
     <span class='ocr_line' id='line_1_20' title="bbox 190 1685 1794 1763; baseline 0.001 -20"><span class='ocrx_word' id='word_1_144' title='bbox 190 1704 320 1743; x_wconf 89' lang='lat' dir='ltr'><strong>cum</strong></span> <span class='ocrx_word' id='word_1_145' title='bbox 349 1687 625 1757; x_wconf 79' lang='lat' dir='ltr'><strong>vertebat3</strong></span> <span class='ocrx_word' id='word_1_146' title='bbox 689 1685 860 1743; x_wconf 83' lang='lat' dir='ltr'><strong>iudex</strong></span> <span class='ocrx_word' id='word_1_147' title='bbox 880 1689 1103 1763; x_wconf 83' lang='lat' dir='ltr'><strong>signum</strong></span> <span class='ocrx_word' id='word_1_148' title='bbox 1120 1731 1133 1754; x_wconf 90' lang='lat'><strong>,</strong></span> <span class='ocrx_word' id='word_1_149' title='bbox 1166 1690 1314 1761; x_wconf 89' lang='lat' dir='ltr'><strong>quod</strong></span> <span class='ocrx_word' id='word_1_150' title='bbox 1335 1690 1618 1745; x_wconf 88' lang='lat' dir='ltr'><strong>indicabat</strong></span> <span class='ocrx_word' id='word_1_151' title='bbox 1635 1700 1794 1762; x_wconf 87' lang='lat' dir='ltr'><strong>pote-</strong></span> 
     </span>
     <span class='ocr_line' id='line_1_21' title="bbox 189 1762 1794 1834; baseline 0.001 -17"><span class='ocrx_word' id='word_1_152' title='bbox 189 1771 419 1828; x_wconf 83' lang='lat' dir='ltr'><strong>statem,</strong></span> <span class='ocrx_word' id='word_1_153' title='bbox 458 1762 792 1834; x_wconf 63' lang='lat' dir='ltr'><strong>deponebat}</strong></span> <span class='ocrx_word' id='word_1_154' title='bbox 854 1763 1113 1818; x_wconf 88' lang='lat' dir='ltr'><strong>dominus</strong></span> <span class='ocrx_word' id='word_1_155' title='bbox 1145 1764 1396 1819; x_wconf 85' lang='lat' dir='ltr'><strong>libertate</strong></span> <span class='ocrx_word' id='word_1_156' title='bbox 1417 1762 1655 1819; x_wconf 82' lang='lat' dir='ltr'><strong>donabat</strong></span> <span class='ocrx_word' id='word_1_157' title='bbox 1675 1782 1794 1819; x_wconf 90' lang='lat' dir='ltr'><strong>ser-</strong></span> 
     </span>
     <span class='ocr_line' id='line_1_22' title="bbox 188 1838 1790 1913; baseline 0.001 -22"><span class='ocrx_word' id='word_1_158' title='bbox 188 1854 353 1905; x_wconf 86' lang='lat' dir='ltr'><strong>vum;</strong></span> <span class='ocrx_word' id='word_1_159' title='bbox 422 1854 595 1894; x_wconf 80' lang='lat' dir='ltr'><strong>senex</strong></span> <span class='ocrx_word' id='word_1_160' title='bbox 635 1838 817 1892; x_wconf 88' lang='lat' dir='ltr'><strong>cinere</strong></span> <span class='ocrx_word' id='word_1_161' title='bbox 850 1839 1146 1913; x_wconf 79' lang='lat' dir='ltr'><strong>spargebat</strong></span> <span class='ocrx_word' id='word_1_162' title='bbox 1183 1856 1373 1903; x_wconf 74' lang='lat' dir='ltr'><strong>can08,</strong></span> <span class='ocrx_word' id='word_1_163' title='bbox 1433 1856 1571 1894; x_wconf 90' lang='lat' dir='ltr'><strong>anus</strong></span> <span class='ocrx_word' id='word_1_164' title='bbox 1610 1839 1790 1893; x_wconf 88' lang='lat' dir='ltr'><strong>crines</strong></span> 
     </span>
     <span class='ocr_line' id='line_1_23' title="bbox 188 1910 1791 1991; baseline 0.001 -24"><span class='ocrx_word' id='word_1_165' title='bbox 188 1911 490 1983; x_wconf 83' lang='lat' dir='ltr'><strong>evellebat3</strong></span> <span class='ocrx_word' id='word_1_166' title='bbox 559 1910 964 1969; x_wconf 85' lang='lat' dir='ltr'><strong>dissolvebatur</strong></span> <span class='ocrx_word' id='word_1_167' title='bbox 990 1914 1061 1969; x_wconf 88' lang='lat' dir='ltr'><strong>de</strong></span> <span class='ocrx_word' id='word_1_168' title='bbox 1091 1913 1230 1991; x_wconf 82' lang='lat' dir='ltr'><strong>cella</strong></span> <span class='ocrx_word' id='word_1_169' title='bbox 1258 1912 1560 1979; x_wconf 84' lang='lat' dir='ltr'><strong>thalamus,</strong></span> <span class='ocrx_word' id='word_1_170' title='bbox 1602 1920 1656 1968; x_wconf 89' lang='lat' dir='ltr'><strong>et</strong></span> <span class='ocrx_word' id='word_1_171' title='bbox 1684 1930 1791 1968; x_wconf 88' lang='lat' dir='ltr'><strong>nu-</strong></span> 
     </span>
     <span class='ocr_line' id='line_1_24' title="bbox 186 1984 1788 2061; baseline 0.001 -20"><span class='ocrx_word' id='word_1_172' title='bbox 186 1984 391 2060; x_wconf 86' lang='lat' dir='ltr'><strong>ptiales</strong></span> <span class='ocrx_word' id='word_1_173' title='bbox 432 1986 711 2059; x_wconf 88' lang='lat' dir='ltr'><strong>lampades</strong></span> <span class='ocrx_word' id='word_1_174' title='bbox 750 1987 1008 2061; x_wconf 87' lang='lat' dir='ltr'><strong>facesque</strong></span> <span class='ocrx_word' id='word_1_175' title='bbox 1052 1987 1575 2061; x_wconf 84' lang='lat' dir='ltr'><strong>exstinguebantur,</strong></span> <span class='ocrx_word' id='word_1_176' title='bbox 1625 1996 1788 2059; x_wconf 87' lang='lat' dir='ltr'><strong>atque</strong></span> 
     </span>
     <span class='ocr_line' id='line_1_25' title="bbox 183 2060 1790 2137; baseline 0 -20"><span class='ocrx_word' id='word_1_177' title='bbox 183 2060 443 2137; x_wconf 87' lang='lat' dir='ltr'><strong>planctus</strong></span> <span class='ocrx_word' id='word_1_178' title='bbox 464 2064 818 2136; x_wconf 86' lang='lat' dir='ltr'><strong>ululatusque</strong></span> <span class='ocrx_word' id='word_1_179' title='bbox 839 2081 938 2137; x_wconf 88' lang='lat' dir='ltr'><strong>pro</strong></span> <span class='ocrx_word' id='word_1_180' title='bbox 958 2064 1190 2119; x_wconf 89' lang='lat' dir='ltr'><strong>canticis</strong></span> <span class='ocrx_word' id='word_1_181' title='bbox 1218 2062 1608 2131; x_wconf 82' lang='lat' dir='ltr'><strong>audiebantur3</strong></span> <span class='ocrx_word' id='word_1_182' title='bbox 1673 2062 1790 2117; x_wconf 85' lang='lat' dir='ltr'><strong>vir-</strong></span> 
     </span>
     <span class='ocr_line' id='line_1_26' title="bbox 185 2137 1786 2213; baseline 0.001 -21"><span class='ocrx_word' id='word_1_183' title='bbox 185 2138 349 2213; x_wconf 86' lang='lat' dir='ltr'><strong>gines</strong></span> <span class='ocrx_word' id='word_1_184' title='bbox 375 2137 753 2213; x_wconf 82' lang='lat' dir='ltr'><strong>imperfectam</strong></span> <span class='ocrx_word' id='word_1_185' title='bbox 782 2156 938 2213; x_wconf 88' lang='lat' dir='ltr'><strong>spem</strong></span> <span class='ocrx_word' id='word_1_186' title='bbox 968 2138 1434 2203; x_wconf 87' lang='lat' dir='ltr'><strong>lamentabantur,</strong></span> <span class='ocrx_word' id='word_1_187' title='bbox 1475 2146 1530 2193; x_wconf 91' lang='lat' dir='ltr'><strong>et</strong></span> <span class='ocrx_word' id='word_1_188' title='bbox 1555 2138 1786 2194; x_wconf 84' lang='lat' dir='ltr'><strong>iuvenes</strong></span> 
     </span>
     <span class='ocr_line' id='line_1_27' title="bbox 183 2211 1784 2289; baseline 0.001 -23"><span class='ocrx_word' id='word_1_189' title='bbox 183 2211 493 2269; x_wconf 75' lang='lat' dir='ltr'><strong>inadulta&#39;rn</strong></span> <span class='ocrx_word' id='word_1_190' title='bbox 514 2222 771 2283; x_wconf 88' lang='lat' dir='ltr'><strong>aetatem;</strong></span> <span class='ocrx_word' id='word_1_191' title='bbox 835 2214 996 2288; x_wconf 89' lang='lat' dir='ltr'><strong>pueri</strong></span> <span class='ocrx_word' id='word_1_192' title='bbox 1015 2222 1198 2269; x_wconf 88' lang='lat' dir='ltr'><strong>autem</strong></span> <span class='ocrx_word' id='word_1_193' title='bbox 1219 2214 1464 2289; x_wconf 80' lang='lat' dir='ltr'><strong>vagienti</strong></span> <span class='ocrx_word' id='word_1_194' title='bbox 1485 2230 1619 2269; x_wconf 85' lang='lat' dir='ltr'><strong>voce</strong></span> <span class='ocrx_word' id='word_1_195' title='bbox 1638 2228 1784 2267; x_wconf 88' lang='lat' dir='ltr'><strong>mor-</strong></span> 
     </span>
     <span class='ocr_line' id='line_1_28' title="bbox 180 2287 1786 2365; baseline -0.001 -22"><span class='ocrx_word' id='word_1_196' title='bbox 180 2298 295 2343; x_wconf 82' lang='lat' dir='ltr'><strong>tem</strong></span> <span class='ocrx_word' id='word_1_197' title='bbox 336 2288 435 2344; x_wconf 81' lang='lat' dir='ltr'><strong>vix</strong></span> <span class='ocrx_word' id='word_1_198' title='bbox 472 2290 612 2363; x_wconf 88' lang='lat' dir='ltr'><strong>ipsis</strong></span> <span class='ocrx_word' id='word_1_199' title='bbox 652 2288 1072 2365; x_wconf 83' lang='lat' dir='ltr'><strong>intelligendam</strong></span> <span class='ocrx_word' id='word_1_200' title='bbox 1103 2288 1398 2363; x_wconf 87' lang='lat' dir='ltr'><strong>(plorantes</strong></span> <span class='ocrx_word' id='word_1_201' title='bbox 1425 2288 1536 2344; x_wconf 82' lang='lat' dir='ltr'><strong>sibi</strong></span> <span class='ocrx_word' id='word_1_202' title='bbox 1566 2287 1786 2362; x_wconf 83' lang='lat' dir='ltr'><strong>prospi-</strong></span> 
     </span>
     <span class='ocr_line' id='line_1_29' title="bbox 182 2362 1778 2440; baseline 0 -23"><span class='ocrx_word' id='word_1_203' title='bbox 182 2362 445 2437; x_wconf 86' lang='lat' dir='ltr'><strong>ciebant).</strong></span> <span class='ocrx_word' id='word_1_204' title='bbox 486 2394 495 2403; x_wconf 90' lang='lat'><strong>·</strong></span> <span class='ocrx_word' id='word_1_205' title='bbox 524 2364 810 2421; x_wconf 87' lang='lat' dir='ltr'><strong>Canticum</strong></span> <span class='ocrx_word' id='word_1_206' title='bbox 839 2382 969 2419; x_wconf 82' lang='lat' dir='ltr'><strong>vero</strong></span> <span class='ocrx_word' id='word_1_207' title='bbox 1000 2364 1105 2419; x_wconf 87' lang='lat' dir='ltr'><strong>hoc</strong></span> <span class='ocrx_word' id='word_1_208' title='bbox 1136 2373 1250 2421; x_wconf 90' lang='lat' dir='ltr'><strong>erat</strong></span> <span class='ocrx_word' id='word_1_209' title='bbox 1279 2365 1531 2440; x_wconf 86' lang='lat' dir='ltr'><strong>planctus</strong></span> <span class='ocrx_word' id='word_1_210' title='bbox 1560 2378 1778 2419; x_wconf 88' lang='lat' dir='ltr'><strong>eorum:</strong></span> 
     </span>
     <span class='ocr_line' id='line_1_30' title="bbox 183 2438 1782 2511; baseline 0 -18"><span class='ocrx_word' id='word_1_211' title='bbox 183 2439 315 2505; x_wconf 73' lang='lat' dir='ltr'><strong>Quis</strong></span> <span class='ocrx_word' id='word_1_212' title='bbox 332 2442 467 2494; x_wconf 80' lang='lat' dir='ltr'><strong>unde</strong></span> <span class='ocrx_word' id='word_1_213' title='bbox 485 2444 645 2504; x_wconf 76' lang='lat' dir='ltr'><strong>sciat,</strong></span> <span class='ocrx_word' id='word_1_214' title='bbox 674 2446 808 2511; x_wconf 69' lang='lat' dir='ltr'><strong>sot-te</strong></span> <span class='ocrx_word' id='word_1_215' title='bbox 821 2444 1062 2509; x_wconf 80' lang='lat' dir='ltr'><strong>precibus</strong></span> <span class='ocrx_word' id='word_1_216' title='bbox 1085 2444 1322 2511; x_wconf 77' lang='lat' dir='ltr'><strong>placetur</strong></span> <span class='ocrx_word' id='word_1_217' title='bbox 1340 2438 1505 2493; x_wconf 75' lang='lat' dir='ltr'><strong>daus?</strong></span> <span class='ocrx_word' id='word_1_218' title='bbox 1555 2440 1782 2495; x_wconf 86' lang='lat' dir='ltr'><strong>Tantam</strong></span> 
     </span>
     <span class='ocr_line' id='line_1_31' title="bbox 182 2512 1783 2590; baseline 0.001 -24"><span class='ocrx_word' id='word_1_219' title='bbox 182 2521 367 2567; x_wconf 84' lang='lat' dir='ltr'><strong>autem</strong></span> <span class='ocrx_word' id='word_1_220' title='bbox 404 2512 848 2569; x_wconf 87' lang='lat' dir='ltr'><strong>humiliationem</strong></span> <span class='ocrx_word' id='word_1_221' title='bbox 886 2514 1244 2590; x_wconf 87' lang='lat' dir='ltr'><strong>animumque</strong></span> <span class='ocrx_word' id='word_1_222' title='bbox 1283 2513 1648 2585; x_wconf 82' lang='lat' dir='ltr'><strong>compositum</strong></span> <span class='ocrx_word' id='word_1_223' title='bbox 1691 2530 1783 2567; x_wconf 90' lang='lat' dir='ltr'><strong>se·-</strong></span> 
     </span>
     <span class='ocr_line' id='line_1_32' title="bbox 183 2586 1780 2667; baseline 0.003 -24"><span class='ocrx_word' id='word_1_224' title='bbox 183 2586 430 2643; x_wconf 85' lang='lat' dir='ltr'><strong>cundum</strong></span> <span class='ocrx_word' id='word_1_225' title='bbox 450 2586 789 2667; x_wconf 74' lang='lat' dir='ltr'><strong>scripturam</strong></span> <span class='ocrx_word' id='word_1_226' title='bbox 810 2588 997 2644; x_wconf 85' lang='lat' dir='ltr'><strong>vestiti</strong></span> <span class='ocrx_word' id='word_1_227' title='bbox 1017 2599 1148 2645; x_wconf 83' lang='lat' dir='ltr'><strong>sunt</strong></span> <span class='ocrx_word' id='word_1_228' title='bbox 1161 2631 1174 2655; x_wconf 92' lang='lat'><strong>,</strong></span> <span class='ocrx_word' id='word_1_229' title='bbox 1217 2598 1278 2647; x_wconf 87' lang='lat' dir='ltr'><strong>ut</strong></span> <span class='ocrx_word' id='word_1_230' title='bbox 1296 2586 1539 2661; x_wconf 85' lang='lat' dir='ltr'><strong>pecudes</strong></span> <span class='ocrx_word' id='word_1_231' title='bbox 1560 2604 1780 2662; x_wconf 75' lang='lat' dir='ltr'><strong>quoque</strong></span> 
     </span>
    </p>
   </div>
   <div class='ocr_carea' id='block_1_7' title="bbox 182 2688 604 2701">
    <p class='ocr_par' dir='ltr' id='par_1_8' title="bbox 182 2688 604 2701">
     <span class='ocr_line' id='line_1_33' title="bbox 182 2688 604 2701; baseline 0 383"><span class='ocrx_word' id='word_1_232' title='bbox 182 2688 604 2701; x_wconf 95' lang='lat' dir='ltr'><strong> </strong></span> 
     </span>
    </p>
   </div>
   <div class='ocr_carea' id='block_1_8' title="bbox 286 2717 1532 2777">
    <p class='ocr_par' dir='ltr' id='par_1_9' title="bbox 286 2717 1532 2777">
     <span class='ocr_line' id='line_1_34' title="bbox 286 2717 1532 2777; baseline 0.003 -9"><span class='ocrx_word' id='word_1_233' title='bbox 286 2717 1322 2777; x_wconf 63' lang='lat' dir='ltr'><strong>*ys-W,⁸.eoaoemotitaeuoum</strong></span> <span class='ocrx_word' id='word_1_234' title='bbox 1371 2730 1532 2772; x_wconf 67' lang='lat' dir='ltr'><strong>Anah.</strong></span> 
     </span>
    </p>
   </div>
  </div>
 </body>
</html>
