2125 3084
223 224 313 290 [Ῐῐ,
340 223 461 289 318]
594 230 673 273 IN
714 230 1066 277 GENESIN.
1095 235 1348 281 SERMO
1386 239 1470 283 Iv.
1734 236 1832 287 ⁴33

223 329 372 383 facto
394 328 591 401 angelo
608 329 727 393 dei,
767 346 917 384 nunc
936 332 1097 401 quasi
1119 332 1380 389 dubitans
1401 338 1500 392 ait:
1542 338 1640 393 Sin
1657 350 1832 395 autem

222 408 455 463 noluerit
474 406 663 458 mulier
680 410 855 459 venire
876 414 1038 460 tecum
1051 426 1070 470 ,·
1108 413 1352 463 immunis
1377 416 1480 465 eris
1503 416 1830 469 iuramento?

223 480 306 533 Ne
337 478 481 532 forte
510 477 613 533 hoc
638 496 862 550 quoque
891 482 1196 537 naturalem
1223 484 1446 539 omnino
1467 487 1658 542 subeat
1677 490 1830 544 solu·
1871 531 1883 551 ,

222 555 433 608 tionem
456 552 563 607 sub
582 554 769 625 specie
788 553 1102 626 allegoriae.
1184 560 1266 612 Tu
1287 575 1417 631 ergo
1438 568 1649 615 tantum
1670 562 1830 617 dixe-

219 629 302 682 ris
315 627 399 700 *):
447 627 507 681 Si
536 644 666 701 ergo
696 645 804 684 non
836 629 981 683 adsit
1006 632 1238 703 angelus
1266 632 1385 696 dei,
1429 634 1652 689 videtur
1671 640 1828 707 equi-

221 702 383 765 dem,
414 702 563 773 quod
590 703 829 757 noluerit
847 706 1007 775 sequi
1028 706 1250 761 mulier.
1329 707 1510 773 Quare
1529 709 1830 783 obsignan-

220 778 297 832 do
318 785 485 847 atque
505 777 795 832 statuendo
814 776 977 832 dicit:
1009 780 1071 833 Si
1092 798 1200 835 non
1222 784 1436 837 venerit
1455 792 1638 839 tecum
1653 826 1665 849 ,
1690 794 1829 839 tam-

216 868 395 923 quam
434 868 561 905 cum
598 852 774 916 socio,
836 854 973 907 velit
1010 853 1194 910 forsan
1228 859 1420 912 venire
1457 860 1604 913 sicut
1637 860 1828 914 volens

218 927 389 997 sequi
409 925 643 981 verbum
662 926 945 990 divinum,
989 929 1066 983 ita
1091 938 1180 994 ut,
1224 933 1327 985 etsi
1355 933 1538 988 minus
1561 936 1828 989 assentia-

219 1011 315 1055 tur
346 1001 479 1055 huic
509 1001 843 1056 adolescenti
870 1001 937 1073 (s.
970 1003 1212 1076 honori),
1265 1009 1567 1062 consentiat
1597 1010 1674 1073 ei,
1727 1012 1826 1080 qui

218 1076 451 1130 instruit
480 1084 535 1130 et
562 1076 717 1131 ducit
743 1093 843 1149 per
868 1078 1019 1131 viam
1047 1080 1411 1150 propositam,
1465 1099 1534 1137 ne
1563 1084 1827 1155 imperfe-

218 1160 377 1208 ctum
406 1160 621 1205 maneat
647 1168 788 1223 opus
816 1168 1102 1223 magnum.
1190 1153 1343 1225 Opus
1373 1164 1556 1211 autem
1585 1167 1668 1212 est
1705 1160 1826 1213 ani-

218 1242 353 1279 mae
378 1224 632 1283 divinum
666 1235 721 1280 et
754 1235 1160 1282 sacrosanctum
1199 1231 1636 1296 matrimonium,
1681 1234 1826 1289 sicut

220 1300 508 1356 harmonia
528 1300 749 1356 consilii
769 1318 868 1371 per
886 1319 945 1356 se
966 1302 1175 1367 edocti,
1220 1312 1280 1359 ut
1305 1316 1621 1376 permaneat
1646 1309 1702 1362 in
1725 1308 1822 1363 illo

217 1377 537 1447 perenniter
572 1385 848 1431 constans.
934 1376 1276 1451 Quapropter
1313 1382 1678 1438 immutabilis
1718 1385 1822 1438 erit

216 1451 345 1515 ille,
389 1451 488 1521 qui
519 1467 587 1507 ex
615 1458 811 1507 natura
835 1453 956 1507 sine
976 1453 1222 1509 doctrina
1247 1457 1468 1529 sapiens
1490 1460 1814 1530 reperiatur.

223 1616 389 1675 Quare
417 1634 539 1682 puer
574 1621 643 1682 (a.
680 1621 871 1682 servus)
903 1620 1041 1670 sumit
1085 1622 1240 1673 decem
1283 1624 1484 1673 camelos
1527 1625 1586 1673 de
1629 1626 1820 1674 camelis

285 1686 467 1735 domini
499 1686 575 1735 sui
610 1694 655 1735 et
690 1685 749 1734 de
785 1687 991 1736 omnibus
1019 1690 1150 1738 bonis
1177 1690 1276 1739 eius
1300 1696 1485 1741 secum?
1511 1693 1616 1755 (24,
1643 1694 1748 1755 10.)

330 1808 416 1861 92.
456 1805 627 1859 Decas
647 1820 911 1859 numerus
932 1814 1014 1859 est
1034 1804 1346 1875 perfectior,
1371 1806 1616 1861 camelus
1636 1817 1818 1862 autem

214 1880 533 1953 symbolum
558 1880 882 1945 memoriae,
925 1880 1188 1953 quoniam
1216 1882 1457 1935 ruminat
1482 1880 1670 1935 cibum
1697 1898 1820 1944 rur:-

212 1972 341 2009 sum
362 1954 635 2009 remolens
656 1962 820 2024 atque
844 1952 917 2029 [³¹⁵]
943 1953 1292 2009 remandenS.
1373 1954 1520 2010 Talis
1548 1965 1629 2009 est
1657 1965 1710 2011 et
1738 1956 1820 2009 af-

212 2028 393 2085 fectus
414 2029 749 2085 anteriorum
768 2046 976 2083 memor
988 2047 1001 2096 ;
1048 2045 1176 2083 nam
1197 2046 1577 2104 quaecumque
1599 2031 1819 2085 intelle-

212 2112 337 2159 ctus
375 2103 684 2159 secundum
721 2104 1179 2159 considerationis
1224 2105 1518 2161 consilium
1560 2107 1811 2179 accipiat,

212 2178 287 2233 iis
308 2187 559 2234 movetur
580 2186 941 2251 vagaturque,
967 2178 1142 2233 donec
1161 2180 1444 2239 ordinetur
1463 2191 1515 2235 et
1537 2183 1592 2234 in
1614 2183 1814 2237 seriem

212 2252 497 2308 redactum
516 2253 832 2308 stabiliatur
852 2252 1084 2321 factum,
1125 2253 1342 2313 duobus
1361 2257 1567 2311 iunctis
1588 2256 1817 2310 cohabi-

209 2328 472 2399 tatisque.
552 2328 849 2382 Memoriae
897 2344 1027 2387 vero
1071 2330 1336 2400 sapientis
1382 2330 1646 2400 pulchrae
1686 2339 1816 2384 sunt

212 2411 267 2457 et
304 2402 373 2457 de
410 2403 695 2475 pulchris;
764 2402 1122 2473 quamobrem
1166 2422 1274 2458 non
1310 2422 1378 2457 ex
1423 2402 1674 2475 partibus
1717 2403 1816 2456 bo-

208 2493 432 2543 norum,
476 2477 579 2532 sed
610 2493 683 2531 ex
709 2476 968 2531 omnibus
997 2477 1202 2533 dicitur
1229 2476 1534 2547 accepisse:
1579 2492 1815 2547 namque

208 2553 323 2606 vita
343 2552 617 2625 sapientis
636 2552 819 2607 omnis
838 2552 1059 2606 omnino
1078 2553 1244 2625 plena
1265 2548 1637 2613 estfolicitate‚
1663 2550 1812 2604 nulla

208 2772 247 2811 A
292 2723 353 2812 οἳ
383 2734 419 2763 ε.
448 2727 499 2765 ut
514 2722 656 2765 Gloss.
686 2724 889 2771 explicat:
921 2724 979 2763 Tu
1004 2726 1061 2765 ad
1085 2732 1228 2763 rerum
1247 2721 1560 2761 elucidationem
1577 2721 1676 2760 haec
1695 2722 1815 2760 adde.

254 2784 281 2811 u
356 2801 367 2812 .
