2125 3084
150 199 235 264 [ιι
260 196 385 259 193]
511 201 593 245 IN
634 200 984 246 GENEsm.
1024 202 1277 247 SEnmo
1315 202 1402 247 m.
1691 194 1758 249 27

150 302 433 359 nitoribus
454 301 602 356 suis:
644 298 897 355 infensus
918 309 1100 355 autem
1123 301 1423 357 malevolus
1443 301 1572 357 odio
1593 300 1759 356 habet

153 388 205 434 et
224 384 519 433 aversatur
548 372 853 447 effugitque
868 416 880 439 ‚
925 374 1259 431 delectantes
1277 393 1552 432 sermones
1571 377 1757 449 potius

154 470 324 523 quam
344 450 577 506 utilitati
597 449 845 505 faventes
862 449 1182 522 praeferens
1201 458 1263 505 ut
1287 451 1561 507 meliores.

218 608 357 665 Quid
389 616 462 657 est
494 605 732 669 „Invenit
765 622 867 655 eam
902 608 1100 671 anyelus
1139 605 1319 657 domini
1355 624 1496 671 super
1517 608 1702 671 sontem

384 690 545 738 aquae
576 675 627 723 in
661 673 867 736 deserto,
904 674 955 723 in
986 675 1071 723 via
1107 672 1286 723 Sur-“2
1330 679 1438 738 (16,
1471 675 1543 734 7.)

272 777 363 832 2¹7.
404 776 559 830 Dicta
578 776 763 829 omnia
784 778 945 846 quasi
965 775 1215 849 symbola
1237 783 1383 840 sunt,
1409 776 1616 847 quibus
1639 792 1765 830 eru-

159 851 341 905 ditam
382 851 623 904 animam
662 849 888 922 figurat,
930 866 1074 921 quae
1101 852 1379 921 possessio
1407 858 1490 905 est
1517 850 1758 919 virwtiS,

160 924 407 979 necdum
438 932 619 978 tamen
648 941 871 979 cernere
891 935 1068 996 potest
1087 924 1560 997 pulchritudinem
1583 924 1763 979 domi-

159 1016 269 1053 nae
290 1014 449 1051 suae.
534 998 797 1071 Symbola
836 1000 1066 1070 inquam
1103 1008 1256 1054 sunt:
1335 1006 1595 1055 inventam
1635 1017 1758 1060 esse,

160 1081 219 1127 et
246 1076 321 1127 ab
346 1076 550 1139 anqelo,
596 1090 753 1141 super
779 1079 991 1143 fontem,
1039 1079 1096 1128 in
1119 1079 1340 1137 deserto,
1388 1080 1445 1129 in
1467 1081 1554 1129 via
1582 1083 1763 1129 autem

162 1164 280 1201 non
324 1145 458 1209 alia,
508 1146 605 1201 sed
642 1147 773 1202 Sur.
848 1146 1233 1220 Incipiendum
1271 1156 1453 1203 tamen
1493 1165 1524 1201 a
1564 1149 1761 1217 primo.

161 1220 443 1287 Quoniam
470 1222 638 1275 nimis
668 1220 839 1275 fallax
863 1222 1112 1293 sophista
1142 1230 1194 1276 et
1224 1222 1591 1277 altercationis
1616 1237 1766 1275 ama-

163 1304 248 1351 tor
278 1294 396 1349 fere
425 1300 651 1350 inamiri
677 1297 871 1366 nequit
898 1298 970 1351 ob
993 1296 1221 1351 artificia
1243 1314 1342 1351 sua
1363 1305 1416 1351 et
1435 1296 1764 1366 sophisticas

166 1369 584 1440 persuasiones„
628 1370 835 1440 quibus
866 1372 1152 1427 consuevit
1182 1370 1372 1426 fallere
1400 1388 1462 1426 ac
1483 1371 1760 1441 decipere.

165 1443 272 1509 Qui
293 1460 428 1498 vero
448 1443 660 1515 absque
679 1445 841 1499 malis
866 1446 1114 1502 moribus
1133 1446 1430 1501 aemulator
1448 1454 1660 1502 tantum
1681 1452 1766 1499 est

168 1518 501 1573 eruditionis
550 1518 940 1591 adipiscendae
986 1538 1088 1593 per
1133 1521 1360 1577 chorum
1407 1522 1766 1595 encyclopae-

167 1592 295 1647 diae
309 1634 322 1657 ‚
356 1594 615 1664 quamvis
636 1592 885 1650 difficilis
906 1596 1136 1651 inventu
1156 1598 1229 1651 sit
1243 1637 1256 1661 ,
1289 1596 1386 1651 sed
1407 1614 1516 1651 non
1536 1612 1763 1667 prorsus

168 1684 275 1721 non
315 1667 666 1722 invenibiliS.
754 1668 842 1723 Illi
880 1671 1057 1737 enim,
1093 1670 1211 1742 ‘qui
1246 1672 1486 1726 inveniri
1513 1688 1624 1725 non
1662 1686 1766 1741 po-

168 1750 300 1805 test,
334 1750 567 1813 cognata
588 1751 671 1797 est
688 1744 951 1815 perditi03
1007 1744 1059 1800 ei
1086 1762 1241 1808 vero,
1286 1748 1386 1816 qui
1406 1746 1646 1800 inveniri
1667 1760 1770 1815 po-

167 1824 273 1871 test
287 1856 300 1879 ,
334 1816 516 1891 salus,
558 1818 799 1873 maxime
820 1835 993 1889 quum
1014 1828 1308 1891 quaeratur
1327 1828 1380 1873 et
1402 1820 1716 1872 inveniatur
1738 1835 1766 1871 a

169 1890 440 1945 sanctiore
484 1892 821 1964 melioreque
853 1895 1078 1966 spiritu.
1157 1891 1293 1958 Quis
1324 1901 1506 1945 autem
1535 1891 1770 1945 sanctior

170 1974 223 2019 et
250 1966 447 2019 melior
476 1970 661 2035 anyelo
688 1967 920 2023 domini?
966 1968 1101 2023 huic
1130 1968 1280 2022 enim
1308 1966 1662 2021 commissum
1689 1973 1771 2020 est

170 2053 435 2109 quaerere
456 2040 698 2095 animam
723 2050 992 2097 errantem
1022 2050 1078 2097 et
1105 2042 1176 2097 ob
1204 2049 1612 2114 praesumptam
1642 2058 1768 2096 eru-

172 2113 439 2169 ditionem
466 2116 805 2171 nescientem
834 2126 1169 2182 constanter,
1194 2114 1270 2192 [*]
1295 2134 1460 2189 quam
1486 2117 1768 2189 oportebat

174 2189 450 2243 venerari:
526 2198 742 2261 poterat
783 2198 963 2245 tamen
1005 2192 1074 2247 ad
1114 2194 1503 2248 correctionem
1552 2194 1762 2254 venire,

173 2272 455 2333 propterea
478 2265 647 2319 etiam
669 2268 916 2335 quaesita
938 2276 1038 2321 est.
1104 2260 1218 2322 Nec
1236 2267 1556 2340 imperfecta
1576 2268 1768 2340 (quae-

174 2336 293 2409 stio)
304 2348 587 2411 comperta
604 2347 707 2403 est,
732 2338 830 2393 sed
849 2351 1100 2413 prompta
1117 2358 1248 2415 prae
1270 2344 1556 2397 manibus:
1589 2357 1769 2412 quon-

177 2410 281 2464 iam
301 2414 528 2469 inventa
550 2422 637 2469 est
658 2413 838 2469 anima
853 2456 865 2479 ‚
890 2432 1031 2486 quae
1050 2416 1314 2489 effugerat
1333 2415 1633 2488 perfectam
1651 2414 1772 2466 vir-

175 2492 343 2540 tutem
356 2528 370 2550 ‚
414 2504 524 2553 non
545 2495 745 2559 potens
766 2488 1049 2545 admittere
1070 2491 1446 2561 disciplinam.
1525 2487 1770 2541 Tertium

178 2568 349 2614 autem
381 2563 705 2635 symbolum
734 2572 857 2635 post
880 2566 1284 2627 inventionem,
1327 2576 1558 2629 eamque
1581 2559 1649 2613 ab
1675 2575 1772 2611 an-

177 2634 319 2703 gelo,
365 2634 474 2691 fuit
502 2638 750 2692 inveniri
778 2656 933 2706 super
968 2645 1181 2709 fontem,
1223 2644 1474 2691 naturam
1513 2634 1767 2704 inquam:

177 2706 305 2763 haec
335 2712 489 2765 enim
516 2711 746 2781 praebet
774 2712 1007 2767 eruditis
1035 2711 1324 2784 ingenium
1355 2710 1511 2764 iuxta
1531 2706 1775 2776 diligen-

798 2902 823 2911 n
