2125 3084
166 197 253 263 [11‚
277 191 401 257 443]
552 199 631 244 IN
668 165 1008 245 Exo‘nmu.
1048 200 1300 245 sunno
1338 203 1382 248 1.
1463 233 1474 242 .
1676 200 1768 252 30⁴

164 300 267 356 lud
295 315 521 372 quoque
558 298 804 354 futurum
842 301 925 354 eis
960 300 1198 364 malum,
1251 301 1402 373 quod
1437 311 1562 374 post
1599 313 1776 361 certos

164 377 421 450 quinque
442 374 591 439 dies,
636 375 961 430 debuissent
989 377 1232 448 perpeti,
1275 391 1450 448 quum
1475 377 1660 434 hostes
1685 383 1776 436 sui

164 449 569 524 praeparabant
608 467 729 504 sese
776 449 845 506 ad
890 452 1154 508 victoriae
1198 451 1406 506 hostias
1448 451 1771 510 offerendas.

166 528 375 582 Littera
403 526 541 581 haec
569 525 755 580 habet.
836 524 920 580 Ad
946 535 1188 581 mentem
1208 543 1339 582 vero
1358 526 1418 580 id
1437 535 1554 582 erat
1574 544 1777 584 conve-

167 604 346 666 niens,
371 609 434 656 ut
458 617 719 656 numerus
740 609 795 656 et
814 609 1007 656 natura
1027 602 1198 657 simul
1215 604 1466 659 omnium
1485 603 1778 675 colligere-

168 688 277 732 tur.
360 675 593 743 Quando
619 691 751 750 ergo
770 677 987 740 animae
1008 685 1306 748 appareant
1327 676 1574 742 lucidae,
1618 680 1775 734 visus

170 769 359 808 earum
388 752 670 823 incipiunt
696 752 898 808 festum
930 751 1210 808 celebrare
1224 793 1236 817 ‚
1279 753 1450 808 vitam
1477 754 1702 809 tristitia
1721 763 1778 809 et

164 828 365 884 timore
384 835 659 882 carentem
679 835 963 899 sperantes
982 828 1170 883 sortiri
1189 836 1336 883 certo
1354 829 1414 884 in
1423 827 1644 884 decimo
1654 829 1776 902 ple-

164 921 301 959 num
346 911 401 958 et
444 901 751 975 perfectum
796 911 1084 958 cernentes
1126 912 1506 960 ornamentum
1545 903 1776 960 rationis

159 979 689 1053 pel-pensionisque:
733 978 795 1034 id
828 987 912 1034 est
940 977 1166 1034 affectus
1195 994 1378 1034 earum
1410 979 1643 1050 quinam
1669 989 1769 1045 est,

160 1055 275 1110 nisi
299 1051 577 1109 festivus?
858 1065 863 1072 ·

207 1210 287 1277 [Ἴ
334 1207 465 1268 Quid
498 1220 588 1272 ωε,
638 1211 769 1275 quoa
797 1211 1049 1262 semmam
1085 1211 1246 1261 domos
1269 1213 1568 1275 familiarum
1601 1214 1728 1265 iubet
1793 1203 1802 1212 ‘

682 1281 803 1331 sumi
834 1284 996 1330 ovem?
1048 1281 1154 1344 (12,
1181 1280 1256 1344 3.)

280 1383 335 1436 3.
376 1379 622 1437 Primum
635 1422 649 1446 ‚
682 1384 817 1453 quia
836 1381 1082 1438 familiae
1099 1391 1230 1438 sunt
1246 1399 1478 1457 magnae
1497 1383 1769 1456 quaedam

160 1457 519 1532 cognationes
546 1457 805 1530 plurimis
836 1465 1145 1514 constantes
1174 1457 1524 1528 hominibus;
1569 1468 1624 1518 at
1649 1460 1771 1516 exi-

159 1549 307 1607 guae
320 1573 333 1598 ‚
372 1549 517 1604 quae
542 1531 852 1588 secundum
870 1532 1098 1590 domum
1115 1549 1185 1590 ex
1206 1534 1399 1591 eodem
1417 1536 1692 1609 sanguine
1711 1538 1769 1589 in

157 1625 405 1681 paucum
424 1623 719 1663 numerum
738 1607 1025 1680 hominum
1044 1617 1286 1666 coactae.
1339 1612 1476 1685 Istas
1497 1627 1628 1683 ergo
1649 1610 1771 1666 exi-

157 1701 303 1758 guas
320 1685 383 1738 in
412 1682 843 1738 familiaritatem
868 1700 1192 1758 magnarum
1218 1685 1490 1748 reducens
1518 1684 1770 1742 eiusdem

158 1775 391 1814 mensae
419 1758 717 1829 participes
746 1759 1006 1832 dignatur
1034 1777 1184 1823 esse,
1225 1763 1286 1814 in
1310 1777 1486 1814 unum
1506 1760 1772 1813 conveni·-

158 1841 321 1890 entes
350 1831 557 1887 habere
586 1836 1024 1890 communionem
1052 1834 1214 1897 saliS,
1252 1833 1548 1893 oblationis
1576 1839 1630 1886 et
1653 1848 1772 1886 ma-

158 1909 453 1972 ctationis,
496 1907 646 1980 quod
674 1925 911 1966 amorem
940 1908 1201 1967 conciliat
1228 1916 1282 1964 et
1301 1907 1516 1962 firmius
1534 1913 1768 1978 coaptat.

157 1983 310 2052 Quia
329 1984 489 2056 pacis
528 1992 582 2039 et
615 1986 939 2042 concordiae
972 1983 1219 2040 effectrix
1252 1991 1335 2042 est
1362 1983 1481 2038 lex:
1532 1982 1772 2036 maxime

158 2077 294 2116 vero
322 2061 459 2132 quia
490 2061 677 2116 itineri
707 2077 767 2116 se
794 2061 1090 2135 parabant,
1144 2059 1244 2114 ubi
1279 2058 1446 2114 utiles
1475 2064 1607 2112 sunt
1635 2058 1768 2110 socii

158 2135 535 2200 tabernaculi,
581 2153 821 2208 aequum
850 2137 1014 2192 duxit
1032 2136 1192 2191 initio
1219 2151 1290 2192 ex
1317 2129 1589 2198 sacrificio
1609 2130 1773 2186 ducto

160 2211 222 2267 id
242 2228 425 2286 agere.
508 2211 766 2269 Secundo
786 2211 1097 2267 secundum
1119 2210 1307 2266 domos
1328 2205 1774 2282 singulas-sacri-

160 2287 353 2342 ficium
374 2287 497 2343 fieri
515 2288 675 2343 iubet
694 2288 957 2343 comitum
977 2286 1486 2358 coadiutorumque‚
1511 2281 1772 2354 quoniam

160 2373 217 2418 et
235 2364 296 2418 in
313 2363 466 2418 omni
488 2364 651 2419 domo
672 2363 1114 2427 adversariorum
1136 2362 1318 2418 futura
1339 2368 1454 2416 erat
1480 2374 1627 2413 mors
1655 2356 1776 2427 pri-

163 2439 597 2512 mogenitorum:
631 2447 917 2512 ut0nempe
937 2456 1113 2494 unum
1135 2455 1304 2510 super
1323 2437 1554 2492 alterum
1575 2431 1774 2488 videns

161 2515 446 2588 quispiam
464 2513 801 2570 beneficium
822 2523 876 2590 et
894 2514 985 2570 ius
1005 2512 1304 2586 (divinum)
1327 2519 1440 2568 tam
1459 2509 1665 2585 gratias
1688 2525 1776 2563 re-

161 2589 330 2654 ferat,
374 2606 543 2660 quam
568 2591 781 2646 timeat.
862 2588 1156 2661 Siquidem
1183 2589 1498 2661 inopinatae
1527 2603 1617 2642 res
1642 2601 1776 2640 con-

160 2666 409 2737 tigerunt
440 2665 647 2738 exiguo
685 2673 955 2737 tempore,
1009 2664 1158 2737 apud
1193 2659 1468 2735 'quosdam
1503 2659 1776 2718 sacrificia

162 2739 474 2804 immolari,
521 2739 670 2813 apud
702 2739 916 2810 aliquos
944 2748 1128 2796 autem
1146 2740 1540 2812 primogenitos
1561 2737 1770 2804 occidi;

1935 2803 2090 3020 A
