2125 3084
210 218 296 283 [IL
323 214 442 278 397]
556 220 636 264 IN
675 218 1029 264 GENESIN.
1070 221 1321 265 SERMO
1358 223 1447 269 IV.
1710 218 1807 269 ‘229

215 394 380 453 Quare
423 393 682 443 dicentibus
723 428 758 456 „
771 392 842 443 Et
885 409 1005 442 nunc
1047 393 1313 443 benedictus
1349 410 1383 443 a
1414 395 1599 443 domino
1614 400 1649 425 “
1674 398 1807 460 facit

286 478 507 522 coenam,
554 470 600 509 et
633 460 1034 509 manducaverunt
1069 470 1115 509 et
1154 461 1395 510 biberunt?
1436 467 1542 525 (26,
1583 469 1645 511 29
1662 465 1729 521 s.)

321 586 370 629 8.
415 578 532 629 Non
555 594 650 643 pro
673 580 822 629 laude
843 594 936 629 sua
952 579 1172 642 hospitio
1190 586 1361 643 rogat,
1397 594 1492 629 nec
1510 580 1650 628 novit
1666 580 1804 630 blan·

207 650 316 699 dire
342 654 599 707 strenuus,
638 655 725 695 aut
750 661 1016 709 procacem
1033 646 1283 695 medelam
1304 647 1504 710 sapiens
1523 646 1801 708 affectatur,

205 716 298 766 sed
319 715 592 778 propositis
617 714 889 764 iracundiis
917 714 1100 776 quibus
1129 714 1368 777 exagitati
1394 714 1682 777 praesidere
1708 722 1805 765 ter·

203 794 331 833 rena
348 782 510 831 sortiti
527 789 660 841 sunt,
679 796 816 831 nunc
833 781 1097 831 confitetur
1114 795 1270 829 unum
1288 782 1625 831 universitatis
1637 783 1801 843 deum,

203 849 528 901 benedictum
551 862 670 897 eum
695 848 1018 908 confitentur,
1057 849 1145 898 sed
1164 848 1541 898 continuatione
1560 851 1803 898 sermonis

203 918 362 967 etiam
378 917 701 979 praeteritum
717 930 896 965 aevum
915 916 1195 975 declarant,
1225 916 1463 979 quoniam
1476 924 1531 965 et
1552 931 1686 965 nunc
1706 926 1757 965 et
1773 933 1805 966 a

202 984 457 1047 principio
473 983 584 1046 ipse
607 991 684 1033 est
711 984 819 1033 sine
846 984 1218 1042 immutatione,
1254 984 1333 1033 vel
1362 984 1691 1035 diminutione
1718 984 1803 1033 be·

203 1050 534 1110 afflictionis,
580 1065 731 1113 quem
765 1051 960 1114 nosipsi
1005 1057 1295 1112 suspectum
1327 1050 1593 1100 habuimus
1608 1086 1622 1111 ‚
1668 1066 1802 1101 nunc

203 1130 331 1167 vero
360 1116 490 1165 absit
513 1118 672 1167 omnis
697 1119 904 1167 invidia.
979 1114 1227 1179 Suscepta
1251 1118 1403 1181 igitur
1429 1132 1601 1167 eorum
1628 1120 1801 1181 poeni-

203 1184 396 1245 tentia,
440 1198 670 1235 mensura
697 1186 1060 1249 participantur
1094 1184 1383 1235 dulcedines
1417 1200 1510 1249 pro
1548 1186 1801 1235 existima-

202 1254 348 1301 tione
362 1286 375 1311 ,
410 1265 502 1314 pro
529 1253 746 1303 veritatis
771 1260 940 1303 autem
967 1252 1265 1315 allegoriae,
1301 1267 1394 1316 pro
1422 1253 1640 1316 hospitio
1680 1254 1801 1315 quid

203 1321 320 1383 ipse
338 1317 460 1367 facit
477 1320 796 1370 convocando
818 1335 930 1371 esse
946 1327 1085 1371 trans
1102 1334 1191 1369 vos
1211 1322 1384 1384 (mar-9.
1410 1321 1661 1387 strenuos)
1677 1356 1691 1381 ‚
1714 1322 1800 1383 qui

201 1402 309 1436 non
333 1387 606 1451 perdurant
629 1387 685 1437 in
711 1388 904 1437 delictis
919 1422 933 1449 ,
973 1394 1147 1451 utpote
1181 1389 1460 1451 propitialis
1499 1396 1549 1437 et
1582 1390 1800 1439 clemen·

201 1455 432 1504 tissimae
457 1461 694 1514 naturae,
730 1455 828 1505 hoc
852 1456 1004 1505 modo
1032 1470 1121 1505 eos
1147 1456 1465 1520 suscipiendo
1491 1471 1584 1520 pro
1604 1457 1728 1506 cibis
1748 1463 1799 1506 et

199 1522 336 1585 potis
363 1522 688 1585 disciplinae,
727 1529 878 1584 atque
907 1522 1181 1585 sapientiae
1211 1524 1509 1587 spectaculis
1546 1526 1795 1588 saginant,

201 1604 415 1653 quarum
433 1590 650 1641 esuriem
665 1590 720 1639 et
736 1591 870 1639 sitim
885 1590 1129 1651 confessi,
1160 1591 1263 1639 iam
1282 1606 1417 1640 nunc
1436 1592 1795 1650 fruniscantur,

197 1664 256 1707 ut
275 1658 362 1719 qni
381 1657 617 1705 destinati
633 1665 958 1719 perrexerunt
970 1692 984 1718 2
1021 1670 1138 1707 cum
1164 1659 1325 1709 salute
1344 1667 1600 1709 venerunt.
1672 1658 1797 1719 Qui-

199 1726 318 1773 dam
345 1724 618 1773 adversarii
643 1738 808 1773 mores
827 1726 892 1773 ad
910 1725 1131 1773 animam
1149 1726 1430 1775 nocendam
1441 1759 1455 1785 ‚
1485 1726 1574 1775 sed
1593 1740 1659 1773 ex
1677 1738 1797 1773 con·

197 1793 342 1853 tagio
359 1790 557 1839 virtutis
575 1791 682 1841 sine
700 1792 960 1855 dispendio
982 1793 1135 1841 etiam
1150 1792 1492 1855 profecerunt,
1529 1793 1661 1839 unde
1682 1805 1798 1839 cum

201 1858 369 1906 salute
393 1857 630 1907 liberatos
642 1893 655 1918 ,
691 1874 723 1907 a
744 1860 969 1921 plurimis
988 1860 1223 1908 vitiorum
1239 1857 1454 1907 nexibus
1472 1858 1696 1905 insinuat
1713 1870 1797 1904 cu-

199 1930 362 1983 ratos,
381 1924 648 1986 praecipue
668 1932 716 1977 et
731 1941 832 1977 uno
851 1927 1330 1976 medicamentorum
1346 1924 1566 1972 remedio
1576 1923 1792 1985 pietatis.

206 2095 374 2154 Quare
411 2098 715 2161 peryentibus
749 2100 915 2163 pueris
948 2098 1121 2161 Isaac,
1178 2098 1411 2147 venientes
1455 2096 1539 2160 qui
1582 2104 1797 2159 quartum

335 2173 522 2229 puteum
561 2166 795 2230 foderunt
811 2203 826 2229 ,
898 2166 1118 2215 ‹liz-erunt
1164 2182 1257 2215 non
1308 2164 1538 2215 invenisse
1592 2167 1799 2225 aquam?

338 2236 443 2294 (26,
481 2232 590 2298 32.)

307 2354 357 2399 9.
408 2349 559 2410 Quod
590 2358 640 2401 et
663 2352 999 2401 iuramentum
1015 2358 1187 2411 vocat,
1217 2358 1268 2400 et
1284 2351 1534 2399 civitatem
1548 2383 1561 2407 ‚
1591 2355 1798 2411 puteum

193 2418 494 2478 iuramenti,
522 2418 668 2467 fallit.
737 2420 866 2469 Post
887 2421 1168 2468 iuramenta
1186 2419 1373 2468 autoris
1386 2452 1402 2479 ‚
1437 2414 1676 2479 quicquid
1695 2415 1799 2477 agit

194 2486 361 2535 iustus
377 2520 390 2545 ‚
427 2485 528 2533 hoc
543 2485 752 2535 foedere
765 2486 949 2535 firmari
969 2493 1138 2551 sperat
1153 2486 1431 2535 secundum
1449 2482 1796 2547 quadrinitatis

193 2552 449 2601 virtutem.
519 2550 669 2602 Unde
707 2554 860 2603 etiam
892 2554 1035 2603 valde
1073 2554 1144 2603 ait
1170 2552 1534 2605 severissimam
1559 2564 1796 2613 vocamus

193 2619 458 2679 virtutem,
503 2620 922 2683 spectatissimum
956 2622 1020 2669 ad
1055 2620 1420 2684 capessendum
1460 2617 1792 2667 intellectum:

193 2686 416 2735 obscure
444 2693 614 2735 autem
641 2688 893 2736 sensualia
919 2694 1250 2751 occupantem
1273 2700 1365 2749 pro
1392 2686 1593 2735 incertis
1623 2698 1797 2735 eorum

191 2753 501 2812 momentis3
551 2761 848 2803 cunctantur
875 2756 1034 2815 enim,
1076 2761 1127 2803 et
1162 2753 1556 2803 immutationem
1592 2754 1797 2816 capiunt
