2125 3084
1140 7 1159 38 ο

401 142 466 193 32
649 143 853 188 PHIL.
892 141 1042 187 IUD.
1084 139 1407 198 QUAEST.
1443 139 1541 185 ET
1582 139 1735 185 SOL.
1776 135 2007 202 [nana]

410 290 541 348 Quid
581 299 650 338 est
691 287 836 350 „Hic
879 288 966 336 erit
1009 286 1213 364 aqrestg’s
1257 285 1414 346 homo,
1474 301 1640 363 uranus
1681 286 1815 336 huius
1856 305 2009 352 super

539 371 695 405 omnes
747 365 794 404 et
843 369 1010 403 manus
1058 369 1258 402 omnium
1308 368 1451 416 cuper
1500 363 1660 416 tatum,
1734 364 1779 403 et
1830 365 2009 405 contra

539 437 694 471 omnes
714 421 905 486 fratres
935 435 1046 469 euos
1082 419 1395 470 habitabitur
1428 419 1534 483 (16,
1578 421 1685 481 12.)

513 540 598 592 33.
657 535 745 592 Ad
774 535 1012 590 litteram
1039 529 1233 588 fratres
1259 531 1524 588 hactenus
1552 549 1661 589 non
1690 533 1883 601 habet;
1948 538 2006 590 is

400 613 553 666 enim
589 611 806 682 primus
843 609 1025 679 coepit
1051 623 1175 662 esse
1202 606 1546 679 genitoribus
1574 608 1714 662 suis.
1793 610 2007 665 Verum

402 686 602 758 figurat
620 693 870 742 naturam
891 681 1190 754 quamdam
1209 682 1379 736 nimis
1394 681 1669 736 occultam
1683 723 1696 749 ,
1719 699 1886 754 quam
1909 684 2007 738 in-

401 760 552 830 quiri
574 759 760 826 liceat;
812 757 1029 812 futurae
1049 757 1199 810 enim
1225 755 1429 810 formae
1455 755 1687 827 figuram
1718 759 2000 829 exposuit.

403 833 551 888 Talis
571 842 752 887 autem
776 831 952 904 figura
973 829 1258 886 evidenter
1276 837 1644 901 repraesentat
1670 831 1997 903 sophistam,

403 907 563 961 ouius
591 914 764 960 mater
794 904 1030 960 eruditio
1059 911 1143 958 est
1169 920 1269 958 seu
1296 905 1591 974 sapientia3
1657 906 1777 974 ipse
1808 902 1881 979 [³²²]
1911 914 2005 961 ta-

402 998 528 1036 men
557 980 803 1053 sophista
831 978 1039 1037 ferinae
1076 985 1159 1033 est
1197 978 1517 1033 sententiae.
1596 976 1865 1044 Quoniam
1902 997 2001 1034 sa—

403 1057 562 1128 piens
582 1062 644 1110 ut
663 1055 848 1110 civilis
863 1094 876 1118 ‚
909 1053 1036 1109 urbi
1055 1060 1109 1107 et
1130 1049 1429 1108 urbanitati
1450 1049 1517 1124 (s,
1540 1052 1751 1108 civitati
1773 1061 1825 1108 et
1846 1054 2001 1124 poli—

401 1129 562 1204 ticae)
583 1137 744 1200 aptus
763 1137 870 1195 est3
921 1129 1021 1199 qui
1043 1143 1171 1182 vero
1192 1125 1341 1182 ferus
1363 1133 1445 1180 est
1465 1143 1527 1180 ao
1545 1125 1750 1182 ferinae
1771 1136 1999 1182 senten—

403 1207 509 1259 tiae
525 1245 537 1267 ,
587 1205 740 1258 illico
769 1211 822 1258 et
852 1203 1084 1257 rixosus
1099 1209 1201 1256 est.
1288 1200 1465 1267 Quare
1505 1199 1722 1264 adiicit,
1767 1201 1991 1256 dicens:

400 1294 586 1332 manua
605 1283 714 1331 eius
737 1294 891 1344 super
917 1293 1112 1340 omnes,
1143 1285 1192 1330 et
1214 1292 1399 1329 manua
1425 1279 1649 1331 omnium
1671 1292 1827 1343 super
1850 1293 1996 1344 eum,-

403 1352 562 1421 copia
609 1351 757 1404 enim
804 1351 1069 1405 scientiae
1113 1347 1553 1418 eruditionisque
1598 1365 1735 1404 usus
1778 1351 1998 1405 cunctis

401 1423 746 1480 contradicit.
827 1423 984 1480 Siout
1010 1425 1111 1496 qui
1139 1439 1288 1478 nunc
1307 1423 1656 1478 nominantur
1674 1421 1996 1479 Academici

402 1506 457 1554 et
485 1499 854 1570 Inquirentes‚
899 1499 1117 1556 nullum
1146 1497 1444 1553 terminum
1462 1497 1759 1553 voluntatis
1779 1497 1845 1570 (s.
1869 1497 1999 1570 pla-

402 1573 520 1646 citi)
547 1574 818 1629 institutis
846 1576 964 1629 suis
999 1579 1307 1630 constanter
1340 1572 1709 1642 imponentes,
1752 1572 1999 1630 nullam-
2100 1575 2102 1594 '

400 1665 511 1720 que
548 1649 915 1719 praeferentes
953 1649 1099 1703 inter
1136 1646 1462 1700 sententiam
1496 1646 1658 1702 istam
1686 1646 1777 1701 vel
1803 1646 1993 1703 illam:

402 1723 698 1780 admittunt
717 1726 865 1780 enim
883 1719 1263 1796 philosophari
1284 1719 1411 1774 illos
1425 1761 1439 1783 ,
1478 1721 1577 1790 qui
1604 1720 1912 1776 iaculantur
1932 1723 1997 1778 in
2099 1755 2100 1784 ÷

400 1795 728 1855 sententiam
767 1799 1042 1870 cuiusque
1078 1803 1257 1850 sectae
1270 1834 1283 1858 ‚
1334 1810 1584 1865 quosque
1622 1794 1847 1850 solitum
1886 1794 1997 1852 fuit

402 1875 684 1929 nominare
704 1873 1004 1928 voluntatis
1022 1876 1427 1942 oppugnatores
1448 1867 1627 1940 (quasi
1639 1869 1995 1926 Telemachos

402 1965 449 1998 s.
474 1947 920 2000 Telemamachos
931 1945 1012 2018 *))
1027 1985 1040 2008 ‚
1080 1945 1213 2016 quia
1230 1944 1474 2015 primum
1493 1951 1700 1999 certant
1725 1952 1778 2000 et
1796 1943 1995 1999 defen-

399 2035 549 2071 sores
570 2034 630 2072 se
653 2019 934 2072 declarant
952 2025 1132 2073 sectae
1151 2017 1379 2089 patriae,
1403 2033 1473 2071 ne
1494 2017 1655 2072 abiis
1674 2018 1772 2088 qni
1794 2018 1995 2073 adver-—

398 2097 614 2154 santur,
659 2091 1075 2144 ocnvincantur.
1152 2091 1379 2164 Cognati
1420 2099 1601 2150 autem
1638 2100 1767 2146 sunt
1800 2108 1992 2148 omnes
2088 2107 2097 2122 ⁴

399 2172 454 2216 et
472 2163 634 2232 quasi
653 2161 846 2217 fratres
872 2163 1123 2218 eiusdem
1150 2165 1361 2220 ventris
1384 2164 1633 2227 effectus,
1676 2165 1845 2218 unius
1870 2183 1992 2221 ma-

399 2236 499 2289 tris
535 2243 752 2306 partus,
814 2236 1201 2308 philosophiae
1236 2239 1519 2294 nimirum.
1597 2235 1776 2303 Quare
1812 2237 1986 2296 dixit:

398 2319 582 2364 contra
615 2327 785 2364 omnes
816 2316 1008 2379 fratres
1031 2328 1153 2366 auos
1175 2315 1453 2380 habitabit,·
1514 2327 1645 2366 vere
1671 2311 1822 2366 enim
1848 2312 1991 2370 Aca-

396 2383 648 2439 demicus
677 2392 730 2439 et
755 2382 1069 2440 Indicihilis
1103 2401 1174 2439 ex
1212 2385 1480 2443 diametro
1510 2395 1865 2458 opponuntur
1899 2405 1992 2441 se·-
2090 2399 2092 2436 ε

497 2555 542 2601 ⁴¹)
584 2557 680 2595 Non
722 2557 870 2603 oredo,
925 2557 1038 2604 quod
1082 2557 1273 2595 contusio
1314 2559 1385 2596 hic
1425 2559 1568 2606 aliqua
1596 2561 1655 2600 sit
1688 2571 1787 2600 enm
1819 2562 1988 2608 proprio

397 2605 568 2644 nomine
602 2606 878 2654 Telemacho,
915 2607 1037 2647 cuins
1072 2607 1386 2654 interpretatio:
1434 2609 1589 2648 amnuo
1616 2619 1833 2658 pneuma,
1869 2606 1992 2656 τηλε-
2086 2633 2088 2652 ι

395 2650 536 2700 μάχος.
587 2653 626 2691 A
633 2664 661 2692 u
668 2664 691 2692 c
699 2656 744 2694 h.
