2125 3084
196 199 422 268 [11,494.]
568 203 648 247 IN
684 201 1021 246 Exonunr.
1061 203 1315 248 SERMO
1355 204 1416 248 11.
1695 198 1786 251 34⁴
1877 170 1886 191 ⁸

271 351 401 412 Quid
432 361 501 401 est
534 387 569 414 „
582 351 835 414 Accepiens
870 350 1035 400 librum
1067 351 1332 400 testamenti
1363 351 1474 416 ἱερὴ
1507 352 1556 400 in
1591 370 1732 402 aures

634 418 839 467 universi
862 418 1034 482 populi
1044 421 1111 466 “2
1154 420 1262 483 (24,
1288 419 1361 482 7.)

310 524 396 577 34.
436 521 513 576 De
542 521 736 576 divino
772 528 1098 576 testamento
1135 513 1339 574 certius
1379 523 1799 595 accuratiusque

196 601 309 654 iam
338 595 551 652 dictum
578 604 688 660 est,
740 596 816 650 ita
846 604 907 650 ut
934 597 1035 650 vix
1069 602 1314 666 oporteat
1351 612 1498 650 nunc
1536 599 1798 668 temporis

196 673 483 744 replicare.
563 673 769 728 Verum
796 669 867 725 de
896 671 1131 726 lectione
1156 671 1215 725 in
1235 687 1394 726 aures
1414 672 1608 727 notitia
1627 689 1800 743 quae-

196 749 325 804 dam
342 746 667 818 exponenda
686 753 791 800 est.
865 746 955 802 Fit
970 761 1104 818 ergo
1123 744 1222 800 illa
1241 747 1364 800 aine
1381 747 1724 818 separatione
1747 757 1800 802 et

194 821 595 894 interruptione
609 862 622 887 ‚
666 837 775 877 non
804 821 1049 878 exterius
1079 822 1200 876 ae're
1229 821 1448 892 pulsato
1473 823 1798 893 crepituque

197 902 257 954 in
279 914 439 954 auree
457 897 816 969 perveniente
830 937 843 961 ,
884 895 985 960 sed
1007 895 1246 952 dicentis
1264 897 1374 954 voi
1399 897 1718 956 immediate
1739 899 1798 952 in

194 991 290 1029 ees
310 989 537 1038 sonans,
580 973 726 1029 sieut
742 986 853 1028 vox
870 971 1144 1043 quaedam
1163 972 1406 1044 simplex
1432 989 1496 1028 ae
1525 973 1670 1030 clara
1699 989 1801 1028 ex·

192 1065 369 1122 pansa
381 1087 393 1111 ,
430 1065 503 1104 ne
538 1047 697 1104 tertio
713 1047 955 1118 quodam
974 1047 1261 1103 interiecto
1277 1045 1373 1103 fiat
1391 1048 1671 1120 perceptio
1691 1048 1800 1104 mi-

194 1141 299 1180 nor
314 1164 327 1187 ‚
356 1123 456 1180 sed
475 1124 653 1196 magis
672 1122 903 1180 firmiter
923 1139 1092 1180 sonus
1113 1121 1305 1178 edatur
1322 1123 1566 1195 simplici
1585 1132 1800 1180 tantum

194 1197 361 1254 modo
374 1239 387 1262 ,
430 1199 489 1253 in
512 1215 686 1256 unum
706 1197 1170 1256 convenientibus
1191 1197 1536 1256 auditoribus
1557 1207 1610 1254 et
1631 1198 1798 1254 verbo

194 1275 322 1330 sine
342 1274 665 1329 intermedia
685 1274 801 1330 ulla
820 1274 1186 1346 separatione.
1251 1274 1452 1332 Littera
1474 1272 1799 1330 huiusmodi

194 1348 451 1418 habetur.
528 1349 613 1405 Ad
649 1357 887 1406 mentem
916 1366 1075 1415 vero,
1119 1350 1252 1421 quia
1280 1350 1399 1405 fleri
1423 1367 1536 1416 non
1565 1357 1794 1422 poterat,

194 1432 260 1480 ut
289 1441 398 1482 vox
426 1424 593 1480 unius
615 1424 913 1483 cuiusdam
942 1427 1001 1480 in
1030 1433 1211 1482 tantae
1239 1425 1616 1483 multitudinis
1638 1442 1798 1482 aures

191 1501 561 1573 perveniret„
590 1509 685 1556 aut
710 1501 831 1572 ipse
861 1500 931 1556 ad
964 1501 1312 1574 singulorum
1341 1501 1607 1560 accedens
1637 1519 1798 1556 aures

194 1577 513 1647 loqueretur
527 1617 540 1640 ,
582 1593 809 1632 necesse
829 1585 911 1631 est
930 1593 1048 1634 rem
1075 1577 1158 1632 sic
1178 1578 1466 1634 aestimare
1479 1620 1492 1643 ‚
1532 1579 1800 1650 >quoniam

192 1653 459 1724 magister
477 1659 531 1706 et
548 1649 763 1708 auditor
782 1651 996 1708 ibidem
1016 1651 1182 1708 fiunt:
1225 1669 1461 1725 quorum
1479 1670 1626 1708 unus
1647 1669 1800 1706 seor-

192 1743 324 1783 sum
344 1727 592 1797 loquitur
612 1743 739 1782 eum
758 1727 1037 1799 discipulo
1050 1767 1063 1792 ‚
1107 1727 1250 1782 nihil
1272 1728 1507 1800 tegendo
1527 1742 1708 1797 neque
1729 1742 1801 1780 ex

191 1800 367 1855 rebus
396 1801 863 1858 inenarrabilibus
880 1843 893 1866 ,
946 1803 1084 1864 alter
1113 1810 1295 1858 autem
1323 1802 1587 1872 percipit,
1638 1816 1801 1870 prae—

194 1882 351 1930 stans
379 1892 443 1932 se
473 1874 705 1948 dignum
733 1876 924 1934 divina
952 1875 1248 1932 traditione
1278 1877 1420 1948 legis
1455 1873 1800 1932 voluntariae

192 1950 694 2022 observantemque
716 1969 897 2008 rerum
914 1994 926 2018 ,
969 1968 1109 2022 quas
1139 1968 1247 2007 non
1274 1949 1478 2004 licebat
1496 1949 1794 2012 inmultos,

194 2034 503 2098 utcumque
524 2028 889 2101 contingeret,
920 2026 1145 2085 referre.

271 2184 367 2235 Gur
400 2185 551 2249 illurn,
608 2186 691 2250 qui
720 2187 772 2236 in
806 2195 992 2236 cratere
1026 2194 1154 2247 erat,
1199 2180 1476 2248 sanquinem
1506 2190 1734 2246 sumptum

495 2256 803 2318 reaperqebat
836 2253 969 2304 circa
994 2251 1256 2317 populum?
1299 2256 1406 2336 (221,
1429 2251 1504 2316 8.)

313 2367 399 2420 35.
440 2364 775 2438 Significans
794 2362 1034 2419 eundem
1052 2380 1174 2418 esse
1193 2363 1522 2436 sanguinem
1541 2359 1804 2415 eandem—

190 2455 309 2511 que
340 2441 749 2514 cognationem,
794 2437 1082 2494 ostendere
1119 2438 1242 2494 vult
1277 2435 1682 2510 quodammodo
1711 2451 1804 2489 eos

194 2515 471 2570 animatos
500 2513 675 2570 fuisse
704 2531 813 2570 una
846 2514 1152 2585 eademque
1179 2513 1306 2569 idea
1333 2529 1394 2568 ac
1413 2521 1632 2568 natura:
1677 2527 1806 2564 nam

194 2589 279 2665 [³¹⁶]
313 2591 644 2662 sanguinem
673 2590 952 2646 multoties
980 2589 1138 2660 ponit
1161 2605 1262 2661 pro
1291 2590 1492 2643 anima.
1571 2585 1730 2654 Quod
1755 2586 1804 2639 si

192 2681 427 2737 corpore
458 2665 695 2720 seiuncti
734 2666 846 2719 sint
881 2680 1103 2735 quoque
1143 2681 1172 2718 a
1201 2679 1262 2718 se
1291 2664 1560 2727 invicem,
1609 2662 1806 2717 saltem

194 2757 302 2812 per
338 2739 571 2794 consilia
609 2742 810 2794 mentis
846 2739 1033 2794 unitae
1058 2737 1392 2812 participent
1429 2740 1649 2794 divinas
1687 2747 1806 2792 tum
