2125 3084
246 178 333 243 [IL
359 174 480 240 351]
591 180 664 224 IN
706 180 1068 225 GENESIN.
1111 181 1365 227 sERMo
1403 184 1492 230 IV.
1754 179 1849 231 465

246 281 447 337 cedere
468 297 503 334 a
518 280 811 335 concordia
830 281 1262 334 conversationis
1278 320 1290 343 ‚
1319 280 1392 334 ob
1409 282 1750 354 inexplebile
1771 294 1854 339 at·
1953 332 1966 343 .

247 373 361 428 que
387 355 705 410 insatiabile
724 355 1066 409 desiderium
1083 357 1409 409 continuum
1421 393 1436 419 ‚
1468 357 1614 427 quod
1638 360 1852 414 intense

248 439 487 487 tractum
504 439 838 503 captumque
856 439 941 485 est
968 430 1268 502 principali
1296 429 1437 485 duce
1465 430 1712 507 (mente),
1753 452 1853 507 per

247 507 559 561 trahentem
595 506 712 562 vim
749 506 961 561 entium
997 505 1180 576 princi
1223 505 1416 559 alium.
1495 506 1652 562 Unde
1685 511 1852 565 etiam

248 581 615 654 egrediuntur
632 580 965 637 verbotenus
986 597 1058 635 ex
1077 581 1190 635 civi
1217 589 1302 635 ate
1323 582 1444 636 sive
1464 581 1626 637 domo
1640 623 1652 645 ‚
1693 600 1752 637 re
1771 594 1854 640 ta-

248 674 379 711 men
395 656 520 726 ipsa
540 655 763 725 quando
785 672 943 709 mens
960 672 1060 726 per
1078 672 1138 710 se
1156 656 1216 710 in
1237 672 1296 709 se
1315 657 1560 727 coeperit
1585 673 1706 711 esse
1734 658 1856 713 dei-'-

248 730 331 786 fer
350 738 406 785 et
424 730 639 787 divinis
662 727 735 803 [*]
758 730 1009 784 initiatus
1024 771 1039 795 ‚
1081 731 1157 785 ita
1175 738 1237 784 ut
1255 729 1370 785 fere
1387 738 1534 786 totus
1553 748 1585 785 a
1605 732 1710 787 deo
1725 750 1856 805 pos-

248 806 517 860 sideatur.
612 804 812 859 Exitus
859 813 1043 859 autem
1089 806 1215 859 viae
1260 822 1491 877 scopum
1535 806 1648 860 sibi
1690 807 1856 863 habet

250 896 515 949 campum,
561 887 623 934 ut
650 880 977 935 exercitium
1005 879 1201 951 probet
1228 887 1508 952 certatque
1535 890 1589 935 et
1613 883 1856 937 instrua-
1907 902 1912 907 ·

246 964 341 1011 tur
377 956 500 1028 lege
534 952 728 1009 divina
764 954 835 1009 ad
871 954 1155 1009 commode
1187 955 1573 1026 producendos
1618 956 1851 1022 fructus,

247 1031 351 1102 qui
378 1030 687 1085 animarum
715 1038 845 1085 sunt
883 1028 999 1085 cibi
1037 1029 1395 1084 immortales.
1475 1032 1717 1103 Tempus
1754 1050 1855 1087 au-

246 1114 365 1159 tem
391 1113 785 1176 opportunum,
823 1107 1081 1161 inclinata
1115 1109 1222 1158 iam
1249 1109 1356 1169 die,
1395 1120 1507 1176 quo
1534 1106 1741 1162 intensi
1766 1108 1855 1163 vi-

252 1173 418 1252 gores
439 1178 629 1244 solaris
646 1179 820 1243 radii,
849 1187 983 1251 puta
1004 1178 1320 1234 visibilium
1337 1180 1663 1252 opinionum
1677 1222 1690 1246 ,
1715 1182 1854 1236 sub-

250 1254 615 1309 obscurantur
630 1254 973 1325 nimiamque
1000 1250 1278 1309 flammam
1303 1256 1685 1329 exstinguunt.
1765 1258 1854 1313 Fit

251 1337 438 1385 autem
457 1329 697 1401 spatium
720 1328 780 1402 (i.
802 1347 851 1383 e.
877 1328 1268 1403 conversatio),
1299 1346 1476 1402 quum
1494 1331 1686 1387 nullus
1706 1330 1850 1387 alius

246 1404 414 1461 homo
434 1404 491 1460 in
512 1403 694 1460 medio
712 1413 821 1469 est,
862 1421 973 1459 una
1001 1422 1130 1459 cum
1155 1422 1348 1461 securo
1371 1404 1623 1478 pacifico·
1702 1405 1851 1474 Quid

247 1497 380 1553 ergo
400 1478 549 1535 dicat
566 1478 724 1551 (deus
746 1479 835 1535 vel
855 1480 1074 1535 animus
1101 1481 1158 1536 in
1187 1479 1356 1537 hocce
1382 1481 1736 1555 soliloquio)‘?
1780 1482 1852 1538 Ut

245 1554 491 1611 noscatis
504 1596 517 1619 ,
550 1554 701 1625 quod
719 1572 828 1609 non
846 1554 1110 1611 scientiae
1130 1563 1222 1611 aut
1239 1556 1469 1613 videndi
1495 1567 1852 1613 monumenta

244 1638 377 1685 sunt
417 1629 684 1685 dominici
724 1629 856 1685 libri
890 1630 1060 1695 sacri,
1109 1630 1208 1685 sed
1242 1630 1500 1687 divinum
1528 1632 1852 1687 mandatum

244 1706 597 1777 verbumque
653 1704 936 1770 divinum,
1007 1704 1159 1776 quod
1214 1706 1470 1761 admonet
1521 1715 1847 1768 cessantem,

244 1780 512 1852 quodque
539 1796 711 1851 prope
739 1778 911 1852 est*),
957 1780 1120 1851 quasi
1152 1796 1282 1834 vero
1311 1796 1420 1833 non
1446 1780 1521 1834 sit
1547 1780 1651 1833 ibi.
1708 1780 1854 1834 Dicit

246 1864 435 1911 autem
462 1856 585 1909 sine
610 1854 914 1926 prolatione
940 1853 1100 1909 verbi
1128 1861 1182 1908 et
1222 1853 1465 1923 loquitur
1499 1869 1626 1906 cum
1666 1852 1852 1923 aliquo

246 1932 368 1986 sine
397 1946 533 1987 voce
560 1946 847 2001 expressa,
894 1928 1127 1983 minime
1156 1926 1418 1981 recedens
1448 1943 1478 1979 a
1505 1926 1854 1981 collocutori-

246 2006 354 2060 bus
391 2012 447 2059 et
483 2003 781 2076 discipulis
816 2002 1327 2073 familiaribusque,
1370 2001 1539 2057 immo
1565 2009 1852 2074 praestans

247 2081 330 2135 eis
361 2078 751 2135 confidentiam
780 2096 907 2133 cum
934 2078 1273 2150 incorporeis
1302 2085 1356 2133 et
1381 2078 1853 2134 conversationem

248 2170 567 2209 sermonum
594 2154 740 2209 circa
767 2152 1150 2225 intelligibilia
1179 2152 1328 2225 apud
1353 2170 1414 2209 se
1433 2152 1742 2209 recondita:
1791 2160 1854 2206 ut

249 2230 417 2283 etiam
464 2230 865 2302 interrogantes
917 2227 1134 2283 discant
1171 2228 1231 2283 id
1268 2228 1416 2299 quod
1455 2229 1739 2290 nesciunt,
1799 2236 1854 2281 et

248 2302 401 2375 quod
432 2312 660 2359 censent
686 2310 995 2359 constanter
1013 2303 1183 2367 scire,
1215 2301 1701 2375 comprehendant.
1762 2300 1853 2354 Si-

248 2379 365 2433 mul
388 2388 573 2433 autem
590 2378 967 2433 testimonium
988 2378 1312 2449 perhibetur
1332 2376 1554 2447 abipso
1583 2380 1738 2445 patre
1763 2390 1854 2427 sa-

246 2454 492 2525 pientiae
522 2452 651 2525 (hoc
679 2451 913 2525 tenore):
970 2450 1167 2509 Videte
1194 2453 1381 2522 itaque
1415 2457 1469 2504 et
1494 2448 1737 2503 iudicate
1764 2448 1854 2508 in,-

248 2538 331 2583 ter
362 2545 463 2583 vos
502 2528 749 2583 invicem
789 2526 1137 2599 spiritualem
1173 2528 1338 2581 istam
1375 2522 1751 2587 concordiam,
1801 2532 1856 2576 et

352 2682 399 2730 ἱ)
426 2683 693 2723 Glossarium:
739 2684 885 2729 „Deus
912 2685 970 2722 ad
995 2687 1184 2724 orantem
1201 2691 1337 2732 prope
1352 2682 1408 2730 fit
1433 2684 1472 2720 et
1497 2684 1629 2719 cusat
1655 2680 1852 2726 (adstat).

252 2735 330 2773 etei
354 2744 440 2773 non
465 2735 643 2773 videtur.
656 2737 685 2757 “
736 2735 896 2773 Aueh.
