2125 3084
166 178 249 245 [n,
272 176 401 243 «soal
792 182 891 229 nr:
937 183 1141 231 tom.
1664 184 1763 239 447

167 284 415 339 omnium
445 281 729 356 (locorum)
760 283 869 348 fui,
920 300 1100 356 neque
1129 278 1368 341 inaniter
1397 288 1499 342 alis
1531 291 1638 344 ceti
1676 308 1766 345 ar·-

167 368 374 422 matuS‚
442 360 717 413 marinum
764 364 986 413 cursum
1025 360 1096 433 ad
1135 369 1454 416 cunctorum
1491 364 1762 420 visionem

165 434 464 505 usurpavi,
524 433 623 489 sed
662 441 722 488 ut
760 450 863 507 ego
900 434 1202 507 fugitivus,
1259 437 1646 492 universorum
1696 440 1764 494 ad

166 508 513 565 obedientiae
540 509 865 563 necessitate
894 510 1011 563 visa
1029 551 1041 573 ‚
1075 524 1183 564 non
1213 526 1334 565 esse
1361 528 1393 565 a
1419 511 1522 566 deo
1541 511 1766 585 fugien-

167 584 301 639 dum
324 584 582 656 magister
604 583 810 638 fierem.
888 585 1033 638 Num
1062 586 1210 638 enim
1243 584 1420 658 fugiet
1437 588 1564 658 quis
1586 604 1616 641 a
1637 588 1758 652 deo,

166 676 341 731 quum
360 666 597 729 nequeat
616 658 805 731 fugere
827 658 969 725 ultra
990 660 1127 713 fines
1144 659 1349 715 maris‘?
1367 655 1764 717 inobediensne

166 736 270 791 erit
292 732 396 789 deo
410 774 423 799 ‚
444 732 735 805 obediente
756 734 806 789 ei
828 731 997 787 fluctu
1016 732 1222 807 maris?
1251 736 1532 793 reiicietne
1553 736 1764 793 divini-

163 810 293 867 tatis
333 806 677 874 mandatum,
738 810 947 862 marino
984 809 1286 863 Leviathan
1333 810 1422 864 dei
1471 814 1764 885 praecepto

163 880 531 941 assentiente?
548 882 726 955 Atque
745 883 947 937 salvari
970 884 1250 938 civitatem
1269 884 1554 940 hominum
1576 904 1643 941 an
1665 905 1765 941 no-

162 961 233 1016 lit
260 956 491 1031 aliquiS,
536 975 707 1030 quum
737 958 850 1013 fera
879 975 984 1012 non
1014 960 1351 1013 recusaverit
1375 961 1433 1013 in
1455 958 1762 1017 custodiam

161 1034 405 1109 gurgitis
422 1050 639 1087 servare
658 1033 830 1088 mund
839 1050 933 1087 um
952 1033 1010 1086 in
1037 1033 1258 1105 propria
1280 1032 1478 1091 forma:
1513 1036 1610 1091 illa
1632 1054 1762 1093 vero

162 1126 295 1165 eum
330 1102 405 1183 [Ἴ
438 1107 644 1163 ducens
675 1116 896 1180 propter
926 1108 1186 1181 abyssum
1211 1116 1268 1163 et
1284 1119 1560 1181 reptantes
1580 1112 1762 1182 pisces

162 1183 275 1257 (vel
306 1181 523 1257 pedes),
573 1201 705 1238 num
733 1183 999 1257 propheta
1037 1192 1259 1257 propter
1297 1184 1546 1241 homines
1591 1186 1766 1241 nolit?

164 1260 265 1321 Sic
283 1258 431 1313 enim
449 1258 715 1331 propheta
737 1258 1156 1318 lamentabatur.

172 1394 179 1403 ·
278 1365 363 1418 46.
414 1361 662 1419 Salvator
696 1373 879 1420 autem
908 1367 1319 1431 universorum,
1363 1374 1652 1438 postquam
1689 1366 1763 1421 de

159 1446 333 1494 morte
353 1439 631 1495 Ninivitas
650 1456 751 1495 sua
770 1441 987 1497 medica
1002 1450 1116 1497 arte
1139 1442 1412 1505 liberavit,
1443 1443 1596 1497 venit
1615 1451 1668 1497 et
1688 1442 1759 1497 ad

161 1514 515 1587 prophetam,
556 1522 617 1569 ut
653 1514 1025 1571 infirmitatem
1054 1518 1174 1573 eius
1207 1518 1438 1573 videret.
1518 1517 1664 1584 Quid
1699 1526 1760 1573 tu

161 1598 347 1645 autem
367 1588 669 1661 (inquiens)
700 1590 876 1645 tristis
892 1609 979 1657 es,
1012 1609 1045 1646 o
1072 1592 1375 1664 propheta?
1403 1592 1587 1665 prodit
1611 1594 1760 1647 enim

159 1666 333 1720 animi
361 1666 444 1719 tui
474 1664 753 1719 tristitiam
779 1667 1050 1723 moestitia
1083 1668 1270 1723 vultus
1299 1669 1410 1731 tui,
1449 1676 1503 1722 et
1529 1684 1762 1738 persona

156 1750 255 1795 tua
274 1748 399 1793 tuas
420 1739 661 1794 actiones
680 1750 937 1803 accusat..
992 1742 1380 1799 Verumtamen
1406 1743 1454 1795 si
1501 1758 1612 1813 qua
1663 1756 1763 1795 an·-

154 1817 317 1886 tiqua
336 1830 467 1868 cura
488 1813 705 1869 laeserit
726 1817 967 1871 animum
988 1825 1146 1873 tuum
1161 1858 1173 1881 ‚
1213 1826 1432 1886 tempus
1461 1823 1576 1870 erat
1600 1832 1762 1886 prae-

156 1907 291 1946 sens
327 1888 418 1943 vel
459 1888 740 1960 antiquam
777 1892 1055 1946 tristitiam
1087 1889 1458 1952 dissolvendi,
1494 1906 1598 1943 non
1630 1907 1761 1944 vero

154 1980 361 2019 novam
391 1962 662 2019 vestiendi
692 1965 990 2021 tristitiam.
1071 1968 1189 2021 Non
1229 1965 1414 2027 vides,
1489 1964 1622 2035 quia
1647 1965 1759 2035 -qui

156 2040 233 2095 ob
262 2039 555 2111 pristinam
586 2040 947 2113 ignorantiam
976 2040 1325 2114 denegabant
1346 2038 1756 2112 gratitudinem

156 2130 311 2169 nunc
356 2132 429 2169 ex
470 2114 709 2170 secunda
753 2118 1103 2190 generatione
1148 2134 1247 2188 per
1297 2113 1759 2189 praedicationem

158 2190 413 2246 conversi
436 2198 564 2245 sunt
582 2189 724 2245 soli?
758 2192 905 2257 Quid
928 2200 1009 2247 est
1028 2208 1185 2265 ergo,
1219 2190 1369 2262 quod
1397 2198 1456 2243 tu
1485 2206 1592 2244 non
1623 2206 1762 2262 gau-

158 2266 259 2321 des
288 2264 357 2319 de
386 2266 685 2320 mutatione
712 2282 925 2341 morum
952 2265 1178 2321 eorum?
1213 2277 1266 2322 et
1294 2282 1462 2338 quare
1491 2279 1597 2319 non
1629 2280 1762 2318 con-

160 2342 334 2396 sentis
355 2356 480 2395 cum
502 2357 689 2395 eorum
711 2340 1088 2415 gratitudine?
1127 2340 1204 2413 Si,
1219 2356 1348 2415 ergo
1378 2340 1448 2395 de
1474 2340 1761 2395 hominum

156 2418 361 2488 pietate
380 2416 585 2489 gemis,
621 2416 849 2487 iniquus
870 2434 956 2485 es3
994 2418 1043 2470 si
1074 2418 1237 2472 saluti
1267 2416 1488 2487 invides
1515 2414 1755 2475 illorum.

160 2482 258 2563 qui
280 2492 629 2546 miseratione
651 2490 835 2546 donati
857 2500 1012 2555 sunt,
1036 2492 1374 2546 inhumanus
1396 2508 1473 2545 es,
1542 2490 1640 2544 Sin
1663 2506 1762 2543 au·-

158 2574 269 2623 tem
291 2566 363 2621 ob
382 2565 845 2637 praedicationem
860 2608 872 2630 ‚
896 2584 1037 2637 quae
1056 2566 1195 2621 falsa
1214 2574 1456 2639 reputata
1480 2566 1612 2630 fuit,
1644 2575 1761 2619 tur-

160 2640 322 2697 batus
346 2658 403 2703 ea
419 2682 431 2705 ,
457 2640 526 2695 de
544 2648 765 2707 metest,
789 2657 898 2696 non
917 2642 988 2695 de
1008 2650 1088 2706 te,
1111 2659 1142 2696 o
1162 2642 1454 2729 propheta,
1479 2642 1575 2697 illa
1597 2658 1762 2695 accu-

160 2718 320 2773 satio.
419 2714 688 2783 Quoniam
726 2730 834 2772 non
872 2717 1023 2788 quod
1065 2718 1338 2781 voluist1,·
1377 2718 1476 2773 sed
1515 2716 1664 2789 quod
1702 2716 1760 2768 in
