2125 3084
134 93 162 117 0

210 213 299 292 [11,
325 215 449 283 429]
570 221 652 268 ιΝ
694 222 1047 316 θιὲΝΕεῙΝ.
1089 223 1344 269 SERMO
1381 225 1464 272 ιν.
1727 221 1826 300 275

210 325 383 380 turin
406 322 730 396 allegoriam
750 340 850 378 nos
872 339 1158 386 revocare,
1203 329 1257 377 et
1277 321 1392 377 fere
1411 325 1702 382 manifeste
1725 346 1824 384 vo·-

206 409 323 455 cat:
382 415 494 454 non
522 400 673 454 enim
696 398 765 453 de
786 398 1112 453 hominibus
1131 405 1215 452 est
1232 398 1457 452 interim
1478 417 1658 457 sermo
1677 405 1818 468 eiuS,

206 473 306 530 sed
328 474 398 529 de
420 474 692 548 symbolis
715 475 1051 538 animarum,
1076 489 1220 544 quae
1242 473 1552 528 secundum
1572 477 1822 550 singulas

204 557 391 623 partes
432 549 781 604 irrationales
822 547 1155 612 conflantur,
1205 549 1516 603 secundum
1555 551 1822 607 nimirum

204 625 395 680 visum
439 622 494 698 *]
520 632 575 680 et
603 624 885 688 auditum,
921 631 1150 696 gustum
1168 663 1181 687 ,
1211 621 1502 679 odoratum
1523 632 1577 679 et
1593 633 1818 688 tactum,

206 699 349 756 adde
380 717 411 754 a
452 707 605 754 ectus
636 699 1139 769 inclinationesque
1169 705 1222 752 et
1253 698 1615 769 cupiditates,
1659 703 1823 756 timo-

202 791 435 846 remque
466 782 520 829 et
547 775 859 840 tristitiam;
923 790 1049 828 nam
1082 772 1219 827 haec
1246 774 1430 827 omnia
1461 773 1656 830 affines
1694 787 1823 831 sunt

204 851 422 906 animae
452 857 507 904 et
534 847 749 904 fratres,
830 847 1120 904 Caeterum
1151 847 1372 918 quando
1397 851 1564 917 filium
1583 866 1712 904 eum
1733 851 1823 905 di-

202 927 310 989 cit,
354 941 465 979 non
494 924 640 979 sicut
670 923 741 980 de
772 923 887 978 filio
917 930 1148 977 testatur
1167 923 1218 976 ei
1239 924 1658 996 prognationem
1679 924 1822 997 (con—

199 1003 426 1056 sortium
444 997 797 1073 filiationia)*)
812 1039 825 1063 ,
858 998 958 1052 sed
980 998 1126 1052 sicut
1143 1013 1316 1068 puero
1335 997 1651 1055 ruditatem.

209 1171 381 1230 Quare
416 1170 557 1222 dicit.-
616 1169 921 1237 „Numquid
950 1189 1049 1221 una
1086 1171 1344 1222 benedictio
1381 1171 1470 1223 tibi
1509 1183 1602 1237 eat,
1643 1179 1821 1239 pater?

576 1237 794 1290 Benedic
830 1240 971 1290 etiam
1006 1243 1161 1289 mc“?
1196 1244 1304 1304 (27,
1333 1242 1443 1302 38.)

319 1359 441 1415 23⁴.
481 1358 646 1414 Novit
665 1373 889 1430 quoque
909 1374 1180 1431 perquam
1200 1359 1532 1424 ineruditus,
1557 1360 1706 1431 quod
1727 1359 1817 1414 di—

305 1500 350 1548 *)
377 1509 413 1539 a.
442 1500 792 1560 comprolitatqm,
822 1499 860 1539 si
885 1499 948 1538 ita
974 1500 1059 1540 dlcl
1087 1505 1214 1550 queat
1237 1502 1282 1541 in
1306 1483 1489 1549 Latino,⁴
1515 1505 1562 1542 ut
1588 1502 1742 1542 dicitur
1770 1503 1814 1540 in

198 1551 321 1592 Arm.
350 1554 402 1590 ut
428 1549 501 1590 Gr.
531 1559 764 1599 συγγσνεια.
816 1549 979 1590 Auch.

199 1779 257 1824 et
276 1769 585 1841 ·geminus;
636 1766 736 1822 sed
775 1767 1096 1840 allegorice,
1147 1769 1437 1824 invitando
1481 1785 1589 1822 non
1635 1768 1816 1823 solum

199 1843 483 1898 exclamat
496 1881 509 1904 ,
553 1841 703 1911 quod
722 1858 830 1897 non
851 1843 921 1898 de
943 1843 1266 1898 hominibus
1287 1857 1436 1896 nunc
1453 1850 1674 1906 tractat,
1716 1843 1816 1896 sed

198 1916 459 1973 moribus
481 1916 695 1969 animae
710 1957 723 1980 ,
754 1918 853 1988 qui
883 1935 983 1988 per
1002 1926 1186 1989 partes
1208 1917 1424 1970 animae
1443 1915 1631 1970 statuti
1653 1925 1810 1970 sunt:

198 2011 303 2066 per
330 1991 521 2046 visum
556 1999 612 2045 et
650 1990 903 2046 auditum
942 2000 998 2048 et
1024 1999 1278 2064 gustum,
1335 1989 1622 2045 odoratum
1650 1998 1705 2044 et
1733 1999 1818 2044 ta-

197 2077 381 2131 ctum,
426 2081 555 2121 cum
582 2067 919 2121 umbilicum
949 2067 1216 2121 libidines
1247 2065 1301 2120 et
1335 2064 1817 2136 concupiscentiae

196 2143 550 2215 opprimunt,
594 2159 723 2196 cum
744 2143 1021 2197 anxietate
1042 2149 1097 2196 et
1115 2142 1311 2196 timore
1330 2140 1642 2212 propinqua
1663 2148 1812 2194 sunt.

195 2221 345 2274 Haec
364 2217 579 2272 animae
601 2217 741 2273 vitia
762 2225 817 2273 et
836 2218 1108 2288 germina.
1151 2215 1290 2272 Cum
1311 2223 1494 2270 autem
1517 2213 1666 2270 dicat
1687 2231 1815 2268 eum
1893 2281 1916 2288 ἢ

195 2297 277 2364 fili
290 2333 303 2357 ,
346 2291 500 2364 quod
518 2293 681 2346 estin
700 2293 913 2347 Graeco
928 2292 1142 2346 dictum
1162 2309 1198 2346 n
1211 2299 1315 2346 ate
1328 2333 1341 2355 ,
1385 2307 1494 2345 non
1517 2297 1577 2344 ut
1599 2287 1713 2344 filio
1734 2296 1817 2344 te—

197 2367 527 2424 stimonium
554 2367 873 2438 parentelae
902 2366 1218 2436 perhibeat,
1265 2366 1368 2421 sed
1394 2374 1657 2438 tanquam
1686 2381 1816 2436 par-

200 2443 324 2499 vuli
345 2441 733 2514 insipientiam
754 2440 1059 2514 arguendo.

246 2591 413 2650 Quare
448 2591 676 2642 dicendo.-
723 2587 902 2654 „Num
936 2593 1197 2644 benedictio
1229 2609 1326 2642 una
1363 2563 1433 2642 ἑει
1467 2593 1574 2656 tibi,
1607 2597 1784 2658 pawn

685 2657 905 2708 Benedic
940 2661 1082 2709 etiam
1117 2663 1268 2709 me“?

308 2761 433 2816 23⁴.
512 2757 683 2814 Novit
731 2756 898 2814 etiam
936 2762 1214 2816 maximus
1254 2761 1577 2885 ingrtiarum
1618 2761 1815 2824 cultor,

1305 2863 1324 2885 ι
1367 2839 1394 2884 2
