2125 3084
360 177 425 229 80
586 176 784 225 ΡΗῙΙι.
826 176 981 223 ΠΗ).
1022 175 1353 233 QUAEST.
1395 176 1495 221 ET
1535 174 1700 222 SOL.
1727 166 1980 239 [11‚258.]

360 289 575 339 tantum
612 280 793 335 virtus
820 276 1134 349 ‘apparen3‚
1176 275 1338 331 facile
1368 274 1608 347 deponat
1633 273 1822 342 flores,
1873 280 1984 335 sed

360 357 463 412 diu
498 371 718 426 semper
756 352 981 409 durabit
1008 352 1068 406 in
1097 352 1316 425 vigore,
1367 352 1660 407 constricta
1689 352 1984 409 invisibili

362 431 655 503 ligamine:
714 428 797 485 sic
826 436 879 484 et
906 426 1253 500 pontificem,
1297 425 1519 481 fratrem
1556 435 1692 497 puta
1727 428 1986 500 prophe-

360 515 449 562 tae
462 548 475 571 ‚
523 506 583 560 in
602 502 873 579 gaudium
894 501 1205 557 introduxit
1225 502 1506 556 internum
1521 542 1534 566 ‚
1575 501 1728 573 quod
1746 514 1985 575 superat

360 598 581 637 omnem
600 580 991 654 cogitationem
1010 576 1316 647 carnalem,
1359 576 1438 631 ait
1465 577 1642 631 enim:
1709 578 1898 634 Videna
1929 590 1984 633 te

362 660 643 713 laetabitur
666 661 725 710 in
748 672 823 709 se.
901 652 1082 709 Nimis
1111 669 1242 725 ergo
1267 650 1474 724 pudice
1499 652 1855 723 postmodum
1883 653 1981 709 di-

362 733 470 787 xit:
531 732 765 789 Necdum
796 732 1004 799 aliquid
1034 734 1234 798 [actum
1265 736 1342 783 ost
1376 744 1538 795 usque
1571 744 1738 791 nunc,
1793 738 1842 783 et
1877 734 1980 783 do-

360 812 532 863 minus
576 822 719 859 mous
757 822 917 859 seneoe
960 811 1055 858 eat.
1153 801 1273 868 Quo
1292 798 1380 931 f]
1411 801 1775 868 demonstrat,
1819 804 1978 874 quod

360 881 533 937 oblita
560 879 786 935 omnino
812 878 1137 951 cupiditatis
1163 894 1264 949 per
1332 876 1676 948 isciplinam,
1725 877 1976 951 gaudere

361 956 569 1027 eoepit,
630 970 734 1009 nec
768 962 952 1009 tamen
988 950 1232 1025 perfecta
1267 952 1338 1007 ad
1364 951 1771 1024 assequendum
1801 953 1975 1009 finem

359 1030 635 1104 perfectae
656 1029 916 1095 laetitiae,
948 1028 1110 1087 cuius
1132 1027 1330 1083 fatetur
1351 1044 1544 1083 verum
1568 1030 1976 1106 propriumque

359 1106 579 1162 vultum
599 1106 712 1161 iam
731 1106 790 1161 in
809 1106 1084 1161 seniorem
1105 1103 1448 1159 demutatum
1467 1120 1612 1159 esse.

368 1396 464 1445 Cur
505 1395 649 1460 quasi
670 1394 945 1459 increpatur
974 1391 1152 1456 Sarra,
1192 1410 1331 1458 quum
1360 1394 1608 1445 Abraham
1636 1393 1764 1458 risit,
1803 1402 1848 1443 et
1875 1411 1972 1444 non

498 1472 567 1511 est
588 1466 863 1525 correptus?
880 1460 1017 1511 Dicit
1034 1462 1154 1510 enim
1166 1481 1182 1510 .-
1215 1497 1250 1526 ,‚
1261 1462 1333 1511 Et
1356 1462 1476 1512 dixit
1495 1462 1705 1512 dominus
1723 1462 1796 1511 ad
1807 1462 1972 1511 Abra-

497 1530 634 1579 ham.-
676 1527 808 1585 Quid
823 1539 916 1593 est,
944 1528 1078 1594 quod
1090 1529 1195 1579 risit
1213 1528 1401 1593 Sarra,
1439 1528 1626 1579 dicens:
1660 1527 1790 1581 Num
1807 1531 1971 1593 utique

494 1612 605 1715 verte
618 1597 1149 1731 pagian?“e{cl>gat;t;m
1159 1598 1341 1731 ἶεπυίἵ
1382 1595 1634 1662 Numquid
1655 1596 1742 1647 deo
1768 1597 1972 1663 difficile

496 1682 565 1716 ert
606 1681 689 1716 ver
720 1682 792 1715 nm
1002 1702 1015 1729 ,
1115 1680 1156 1717 s.

472 1802 556 1858 ⁴7.
596 1800 755 1869 Quod
784 1801 977 1858 divina
1004 1801 1176 1858 verba
1203 1798 1427 1856 effectus
1460 1801 1574 1857 sint
1607 1818 1671 1856 ac
1707 1802 1963 1867 virtuteS,

359 1887 509 1951 patet
539 1896 609 1933 ex
634 1879 984 1952 praemissis3
1028 1877 1184 1933 nulla
1219 1877 1370 1931 enim
1399 1876 1550 1947 apud
1581 1876 1752 1932 deum
1785 1878 1971 1949 impo-

360 1955 531 2009 tentia
560 1962 663 2008 est.
741 1954 1047 2025 Increpatio
1077 1969 1208 2007 vero
1244 1950 1492 2017 laudem,
1544 1960 1604 2007 ut
1639 1952 1825 2009 visum
1861 1960 1962 2017 est,

358 2030 545 2098 potius
572 2027 909 2083 demonstrat
922 2068 934 2091 ‚
984 2042 1156 2097 quam
1183 2028 1646 2099 vituperationem
1677 2043 1963 2099 personae,

360 2102 519 2155 iuxta
572 2102 891 2170 opinionem
948 2101 1218 2156 naturalis
1273 2103 1722 2173 exspectationis.
1826 2102 1970 2157 Vere

361 2175 511 2229 enim
530 2175 761 2227 miratur
774 2216 786 2239 ‚
817 2174 967 2244 quod
985 2177 1203 2230 cunctis
1225 2176 1423 2232 ablatis
1440 2178 1636 2248 utique
1657 2177 1967 2232 rationibus

360 2249 453 2304 vel
474 2248 820 2321 persuasivis
834 2288 847 2312 ,
878 2249 1089 2319 quibus
1107 2258 1298 2322 partus
1315 2251 1465 2307 effici
1485 2252 1664 2324 possit
1683 2252 1962 2323 expedite,

359 2341 568 2382 novum
596 2340 737 2396 opus
763 2324 1068 2378 seminetur
1095 2324 1186 2379 dei
1223 2326 1368 2381 circa
1405 2334 1580 2382 totum
1617 2328 1866 2381 animum
1897 2327 1969 2381 ad

358 2400 770 2473 generationem
790 2397 983 2471 gaudii
1002 2416 1236 2472 magnae
1257 2400 1498 2456 laetitiae
1511 2442 1524 2467 ,
1568 2402 1791 2456 nomine
1811 2418 1968 2455 sum-

356 2484 453 2547 pto
479 2477 659 2540 Rima,
704 2473 999 2530 Chaldaice
1022 2474 1194 2529 Isaac.
1273 2474 1552 2531 Abraham
1578 2493 1710 2531 vero
1736 2494 1798 2531 se
1823 2476 1967 2531 diri-

360 2566 517 2604 mens
546 2550 717 2605 evitat
754 2548 1182 2619 correptionem,
1237 2558 1546 2605 constanter
1579 2550 1830 2606 firmatus
1859 2552 1967 2605 im-

359 2624 557 2678 mobili
600 2624 835 2679 eonsilio
878 2620 1038 2691 fidei3
1099 2624 1362 2695 quoniam
1407 2624 1563 2680 fideli
1608 2625 1858 2681 credenti
1906 2628 1966 2681 in

359 2696 528 2751 deum
547 2699 727 2754 omnis
748 2698 1084 2771 ambiguitas
1105 2700 1284 2755 aliena
1306 2705 1407 2753 est.
