2125 3084
162 177 233 245 [1.
258 176 383 242 isa]
578 181 715 227 Lm.
752 181 851 228 nn
888 181 1374 228 Amnamnus.
1681 176 1768 230 ¹51

162 282 243 338 ad
274 279 531 354 singulas
560 297 647 335 res
674 281 775 334 rite
810 279 1160 352 exponendas
1200 281 1768 347 accommodationem,

163 374 285 412 non
326 373 395 410 eo
432 355 594 410 modo
632 354 949 427 probabiles
977 355 1118 409 mihi
1147 353 1342 418 fateor,
1383 370 1494 424 quo
1522 355 1771 412 homines

167 430 389 486 modici
408 429 723 486 intellectus
742 429 920 484 solent.
938 429 1091 484 adire
1111 445 1236 483 eum
1253 470 1266 493 ,
1309 429 1407 500 qui
1437 429 1496 481 in
1516 438 1774 501 promptu

166 505 348 561 habet
366 507 527 577 quasi
546 521 645 576 per
666 505 1091 558 incantationem
1111 502 1334 573 allicere
1343 501 1646 571 auditores3
1673 503 1772 558 sed

166 581 449 636 veraciter
468 579 615 634 dicta
630 619 643 643 ‚
676 587 737 633 ut
756 597 815 633 re
836 579 957 650 ipsa
974 595 1034 632 se
1053 578 1285 642 habent,
1315 575 1628 649 indagando
1647 593 1776 648 per-

168 655 446 728 pendam,
484 655 599 710 imo
634 654 811 726 magis
849 654 1175 708 ventilatum
1213 653 1502 708 universos
1541 652 1773 708 verbum

171 729 449 785 edocebo:
510 745 642 784 cura·
672 729 819 782 enim
848 728 987 782 mihi
1016 736 1102 783 est
1129 745 1237 783 non
1267 727 1628 798 persuasoriis
1647 743 1774 782 ver-

170 806 377 861 borum
416 821 634 876 semper
662 803 1150 858 adinventionibus
1177 803 1354 869 vinci3
1397 817 1578 872 neque
1609 803 1770 857 etiam

171 880 368 951 nepoti
394 887 578 935 nostro
603 895 675 932 ex
711 876 873 934 fratre
911 877 1078 932 fidem
1115 877 1376 950 praebere
1415 876 1544 931 licet
1581 877 1640 931 in
1679 876 1768 939 iis,

172 971 323 1026 quae
344 953 582 1024 scripsit,
609 961 900 1024 antequam
919 953 1170 1024 opposita
1191 953 1392 1006 certius
1412 951 1593 1005 sciret.
1631 951 1775 1006 Haec

172 1031 368 1098 itaque
382 1068 396 1093 ‚
426 1029 475 1082 si
494 1035 650 1084 vacat
670 1028 775 1082 tibi
796 1035 1013 1099 tempus
1026 1068 1041 1091 ,
1065 1027 1289 1081 iamiam
1305 1042 1670 1081 rememorans
1695 1022 1769 1100 [³¹²]

177 1102 472 1171 enarrab03
550 1103 639 1157 sin
676 1111 856 1158 autem
896 1104 1289 1174 procrastines»,
1339 1117 1587 1157 sermone
1625 1117 1774 1155 nunc

175 1181 487 1250 interrupto
514 1177 712 1234 iterum
741 1185 1045 1252 opportuno
1074 1185 1317 1250 tempore
1347 1175 1616 1232 dicemus.

289 1288 377 1342 76.
409 1286 818 1344 Lrsnucnus.
850 1286 971 1342 Non
990 1303 1081 1342 me
1101 1285 1309 1351 credita,
1328 1303 1361 1342 o
1379 1285 1566 1350 Philo,
1583 1287 1772 1340 omnia

182 1369 529 1418 contemnere
549 1361 619 1418 oh
641 1361 979 1419 desiderium
1000 1360 1331 1433 disciplinae
1342 1361 1772 1433 cupidinemque

178 1437 457 1569 :git-iiitlag‘itffi
500 1446 554 1494 et
580 1437 717 1494 haec
742 1446 992 1511 prompte
1022 1445 1076 1493 te
1105 1437 1332 1493 docente
1357 1437 1500 1493 ultro
1519 1453 1607 1492 me
1627 1435 1772 1492 velle

292 1623 378 1676 77.
418 1622 627 1676 Pauo.
667 1619 967 1691 Equidem,
998 1637 1031 1675 o
1051 1621 1402 1695 Lysimache‚
1425 1629 1692 1693 quantum
1711 1621 1770 1674 in

182 1713 271 1752 me
300 1703 406 1760 est,
447 1695 893 1766 promptissimus
922 1712 1066 1749 sum.
1145 1697 1228 1751 Tu
1255 1703 1436 1752 tamen
1464 1695 1766 1758 considera,

185 1771 267 1825 sic
285 1769 667 1842 interrogando
688 1777 741 1824 et
759 1769 1118 1840 explorand0,
1159 1771 1210 1824 si
1237 1771 1494 1825 nolumus
1521 1767 1772 1823 aberrare

186 1863 217 1900 a
247 1854 399 1898 sacro
426 1843 683 1906 consilio,
725 1849 910 1898 utrum
939 1857 1070 1916 apes
1099 1852 1151 1899 et
1181 1860 1408 1898 araneae
1435 1842 1585 1913 (puta
1623 1839 1772 1912 quod

187 1919 441 1974 textrices
469 1919 607 1973 istae
630 1926 787 1982 sunt,
828 1918 957 1974 illae
986 1920 1175 1974 favum
1193 1918 1374 1972 mellis
1395 1915 1598 1988 creant)
1617 1915 1772 1970 iuxta

191 1994 387 2048 artisne
405 1992 735 2048 industriam
755 1991 1095 2066 ingeniosam
1116 1993 1193 2064 (id
1208 1991 1446 2064 faciant),
1472 2007 1539 2044 an
1562 1989 1771 2060 absque

191 2067 393 2123 ratione
418 2085 517 2139 per
549 2069 814 2122 actionem
853 2065 1194 2124 naturalem?
1249 2065 1537 2137 Siquidem
1575 2063 1771 2120 horum

192 2143 425 2206 omnim,
449 2143 499 2197 si
519 2151 729 2214 oportet
747 2160 940 2198 verum
956 2143 1132 2206 fateri,
1157 2139 1502 2196 admirabilis
1522 2137 1770 2193 habenda

194 2217 475 2288 diligentia
490 2258 503 2281 ,
546 2235 689 2288 quae
717 2225 896 2272 tamen
915 2234 1024 2272 non
1045 2235 1078 2272 a
1096 2216 1392 2286 disciplina
1411 2213 1646 2269 deducta
1666 2222 1767 2270 est.

193 2291 274 2348 Ad
292 2289 427 2362 quid
454 2292 599 2346 enim
632 2290 927 2363 disciplina
942 2332 955 2356 ,
999 2307 1165 2362 quam
1187 2307 1296 2346 non
1315 2287 1604 2362 praecedet
1622 2303 1772 2342 com-

194 2365 479 2438 prehensio
504 2367 768 2422 scientiae
783 2407 797 2432 ,
840 2366 988 2438 quod
1016 2372 1228 2437 oportet
1253 2381 1374 2420 esse
1400 2363 1599 2419 artium
1615 2363 1772 2434 prin-

196 2439 431 2514 cipium?
492 2439 753 2515 quoniam
790 2459 877 2498 ars
916 2448 999 2498 est
1036 2440 1286 2496 collectio
1325 2437 1770 2494 concordantium

196 2525 463 2588 concepta.

238 2663 243 2670 -
299 2627 381 2680 78.
448 2627 637 2698 Itaque
684 2624 923 2696 exempli
972 2639 1137 2678 causa
1172 2623 1424 2678 volucres
1462 2620 1637 2677 solent
1672 2637 1772 2692 per

200 2705 365 2758 aerem
392 2701 577 2759 volare
592 2743 605 2767 ,
648 2700 909 2774 aquatilia
944 2707 1130 2753 natare
1145 2738 1158 2761 ,
1201 2704 1255 2752 et
1287 2697 1444 2770 gradi
1474 2696 1768 2753 terrestria.
