2125 3084
334 166 433 220 2⁴2
680 170 923 217 INDEX
956 168 1486 216 MANGEYANUS
1523 168 1562 212 1.

330 290 509 337 Fatum
526 294 663 337 caret
680 288 779 337 fine
796 293 848 336 et
860 288 1110 351 principio
1209 287 1478 348 imputatur
1503 285 1560 333 in
1585 286 1840 335 iustitiam
1868 286 1927 335 ib.

396 356 467 415 11,
486 360 604 404 496.
1211 368 1458 401 summam
1492 352 1596 401 vim
1643 355 1930 417 suppeditat

330 422 590 482 Felicitas,
628 436 746 470 vera
770 422 813 481 1,
849 426 959 470 193.
1000 422 1108 470 eius
1209 420 1277 480 11,
1309 425 1418 469 116.
1441 421 1546 469 eius
1565 420 1748 469 laudes
1764 416 1925 479 11,ae

400 491 621 539 definitio
638 490 682 550 Ι,
702 494 817 538 203.
839 494 954 537 324.
976 489 1110 537 unde
1143 487 1379 547 Fiducia,
1417 488 1620 549 quando
1648 496 1934 550 opportuna

400 558 738 620 comparanda
755 557 797 615 Ι,
819 560 933 604 614.
954 570 1021 603 ex
1037 556 1111 602 di·
1209 554 1254 613 1,
1291 556 1406 602 473.
1471 569 1551 603 res
1585 556 1815 605 maxime
1849 571 1932 603 ne·

401 632 595 673 ctorum
628 632 679 673 et
710 624 958 671 factorum
992 636 1110 671 con·
1213 622 1432 671 cessaria
1449 622 1493 681 Ι,
1515 622 1635 670 474.
1680 624 1930 671 amicitiae

400 699 551 741 centu
566 692 636 750 11,
658 696 773 739 421.
812 690 921 739 eius
948 696 1111 738 extre-
1212 696 1428 751 cognata
1446 688 1490 747 1,
1509 690 1627 737 476.

400 773 539 807 mum
562 759 617 807 in
637 758 733 807 deo
750 765 883 806 stare
900 757 969 816 Π,
992 761 1108 805 669.
1143 756 1257 805 Filii
1270 789 1284 815 ,
1309 763 1577 819 parentum
1597 763 1773 817 partes
1792 770 1931 819 sepa·

398 827 496 888 piis
532 841 563 873 a
594 826 708 873 Deo
750 824 998 887 promissa
1038 824 1108 883 Π,
1209 822 1392 874 rabiles
1425 823 1496 882 11,
1525 828 1644 871 233.
1682 824 1739 871 in
1773 824 1928 871 hono-

398 898 512 941 424.
577 906 817 955 praesens
865 892 1112 939 malorum
1209 904 1316 937 rem
1351 890 1601 939 idolorum
1637 905 1671 939 a
1703 890 1925 938 barbaris

400 974 517 1008 esca
549 960 618 1017 Π,
656 964 771 1007 259.
1209 957 1426 1006 ambusti
1469 957 1538 1017 11,
1578 962 1697 1007 259.
1759 972 1925 1007 eorum

333 1028 489 1075 Ferae
508 1027 697 1075 bestiae
716 1027 770 1073 in
786 1025 1105 1084 anima1,68.
1209 1024 1334 1079 nihil
1385 1024 1643 1087 proprium
1689 1024 1763 1085 Π,
1815 1030 1919 1073 200.

398 1094 467 1152 Π,
504 1099 620 1141 422.
674 1092 943 1141 affectuum
980 1106 1108 1154 sym-
1206 1105 1298 1155 pro
1321 1092 1610 1154 parentibus
1629 1106 1695 1140 ne
1711 1093 1923 1141 morian-

398 1161 515 1208 bola
530 1161 573 1219 Ι,
598 1164 678 1209 68.
710 1162 887 1209 natura
902 1158 1108 1207 humani
1207 1166 1288 1206 tur
1321 1159 1390 1218 Π,
1423 1163 1540 1207 325.
1579 1157 1672 1207 filii
1707 1159 1924 1220 prodito-

396 1228 592 1289 generis
610 1227 782 1276 hoste·
797 1228 869 1286 H,
888 1232 1005 1275 421.
1042 1227 1108 1275 ad
1205 1226 1700 1275 ruminterfieiuntur
1716 1226 1790 1286 Π,
1812 1232 1919 1275 326.

398 1295 703 1343 exercendos
766 1295 993 1343 homines
1054 1294 1107 1341 in
1141 1292 1352 1341 Flaccus
1369 1328 1382 1353 ,
1415 1292 1760 1343 Alexandriae
1786 1308 1923 1357 prae-

394 1360 543 1409 rebus
570 1360 763 1409 bellicis
796 1366 1005 1421 prosunt
1039 1359 1103 1409 ib.
1206 1360 1371 1409 ficitur
1401 1376 1434 1408 a
1459 1359 1662 1409 Tiberio
1695 1360 1770 1419 Π,
1810 1363 1921 1409 517.

393 1427 515 1474 olim
538 1426 813 1475 emendatis
848 1427 1107 1475 hominum
1209 1432 1324 1475 518.
1346 1428 1454 1476 eius
1472 1427 1838 1475 administratio
1850 1429 1924 1476 in-

390 1492 613 1540 moribus
663 1493 992 1541 mansuefient
1034 1494 1104 1554 11,
1207 1501 1325 1556 epta
1351 1495 1422 1554 Π,
1455 1500 1564 1543 520.
1599 1493 1803 1540 Iudaeis
1843 1496 1927 1543 in·

393 1563 509 1606 422.
546 1560 603 1607 in
636 1560 883 1607 malorum
918 1560 1107 1623 suppli·
1205 1562 1363 1611 festus
1392 1562 1457 1611 ib.
1497 1560 1688 1611 eosdem
1722 1560 1925 1609 indicta

392 1627 528 1675 cium
553 1627 782 1675 conditae
808 1626 879 1686 Π,
908 1632 1027 1676 433.
1209 1644 1364 1677 causa
1379 1631 1580 1679 damnat
1592 1627 1924 1691 peregrinita-

326 1696 645 1744 Fermentum
686 1694 895 1743 tumoris
946 1694 1107 1757 figura
1206 1698 1269 1744 tis
1297 1697 1368 1755 Π,
1405 1702 1530 1757 525;
1566 1693 1712 1745 variis
1741 1694 1925 1759 affligit

394 1764 463 1823 Π,
508 1767 623 1811 255.
662 1766 777 1810 295.
1205 1766 1466 1813 tormentis
1493 1764 1564 1824 H,
1595 1766 1722 1824 5273
1762 1779 1922 1813 armo-

324 1831 535 1880 Ferrum
552 1838 603 1879 et
614 1844 719 1890 aee,
740 1831 965 1879 cuiusrei
976 1845 1106 1894 sym-
1205 1846 1316 1879 rum
1375 1838 1666 1895 paratorum
1736 1832 1922 1879 crimen

393 1899 512 1946 bola
537 1899 606 1957 Π,
636 1903 752 1946 429.
1205 1899 1334 1947 falso
1353 1898 1569 1949 intendit
1585 1898 1656 1959 Π,
1679 1903 1798 1947 530.
1823 1914 1921 1947 ma·

326 1966 558 2024 Festum,
588 1966 729 2013 cuius
756 1966 1037 2027 symbolum
1058 1966 1102 2024 Ι,
1205 1967 1415 2028 gistratu
1464 1966 1693 2015 nondum
1748 1975 1920 2015 exacto

392 2038 508 2080 450.
530 2032 713 2080 festum
726 2032 973 2092 animaeI,
992 2036 1103 2080 185.
1204 2040 1466 2082 revocatur
1481 2032 1550 2092 Π,
1574 2037 1690 2081 532.
1721 2034 1921 2081 damna·

396 2104 509 2146 542.
542 2100 759 2151 cuiusvis
779 2100 878 2149 diei
896 2100 965 2159 H,
987 2104 1102 2149 278.
1203 2107 1283 2149 tus
1308 2116 1338 2148 a
1359 2099 1486 2149 Caio
1512 2100 1663 2148 bonis
1693 2102 1920 2149 omnibus

392 2166 623 2214 tubarum
639 2167 707 2225 Π,
734 2171 844 2215 138.
876 2167 1005 2215 festa
1022 2168 1105 2214 Iu·
1206 2168 1404 2216 exuitur
1423 2168 1494 2227 11,
1517 2172 1632 2215 538.
1660 2171 1778 2215 539.
1819 2169 1920 2216 eius

393 2234 633 2283 dacorum
648 2234 717 2293 11,
738 2238 864 2292 2063
894 2248 1103 2283 numero
1205 2236 1434 2297 supellex
1511 2234 1788 2297 magnifica
1853 2235 1919 2292 11,

394 2300 569 2349 decem
590 2300 659 2359 H,
682 2302 809 2361 2783
838 2302 994 2349 solius
1016 2302 1104 2349 do·
1205 2307 1320 2351 539.
1357 2302 1423 2351 ad
1445 2301 1682 2351 Andrum
1705 2303 1922 2351 insulam

389 2368 511 2413 mini
536 2365 579 2425 1,
612 2372 725 2415 280.
766 2368 1007 2416 festorum
1025 2383 1106 2416 ra·
1202 2370 1452 2432 relegatur
1471 2369 1540 2429 11,
1561 2373 1678 2418 540.
1721 2370 1836 2419 eius
1854 2370 1920 2418 ibi

388 2432 461 2504 tio
479 2432 523 2489 I,
547 2437 659 2481 155.
685 2439 795 2481 156.
1201 2436 1348 2485 fletus
1379 2444 1429 2484 et
1457 2437 1664 2485 miseria
1699 2436 1774 2497 Π,
1807 2442 1916 2485 541.

318 2492 535 2543 Fetiales
556 2530 569 2555 ,
634 2501 699 2547 ad
746 2500 943 2549 hostem
986 2502 1100 2549 mit-
1200 2503 1562 2565 providentiam
1581 2504 1806 2552 divinam
1816 2511 1917 2551 tan—

362 2561 521 2633 ‘tenui
554 2562 625 2622 Π,
663 2567 776 2612 372.
1201 2571 1315 2635 dem
1337 2569 1568 2631 agnoscit
1580 2570 1652 2629 Π,
1672 2574 1789 2617 542.
1815 2572 1916 2618 eius

315 2617 464 2665 Fides
482 2638 537 2696 ἔτι
556 2628 723 2701 ficum,
734 2632 968 2681 virtutum
986 2648 1098 2695 per·
1199 2636 1260 2683 de
1279 2636 1549 2684 acerbitate
1569 2636 1914 2698 ergaIudaeos

380 2681 655 2739 fectissima
678 2696 721 2752 Ι,
750 2703 865 2745 486.
911 2700 979 2758 11,
1010 2706 1090 2748 39.
1193 2703 1502 2764 poenite-ntia
1527 2702 1590 2751 ib.
1630 2704 1776 2751 iussu
1803 2702 1914 2752 Caii
