2125 3084
308 161 407 216 ²80
568 161 764 210 run..
801 161 950 210 mn.
990 161 1315 222 muns-r.
1352 161 1454 208 m·
1491 163 1649 210 eon.
1697 157 1936 228 [mm]

310 275 429 320 tum
446 305 458 329 ‚
491 267 625 337 quia
644 265 781 320 haec
800 263 1016 320 faciunt
1034 281 1226 321 verum
1245 271 1512 319 tartarum
1525 303 1538 328 ‚
1568 262 1668 318 sed
1687 281 1930 322 conoes-

310 341 384 396 sit
402 342 457 396 ei
476 349 757 412 tamquam
778 341 883 395 elis
902 341 1111 396 elevari
1133 339 1434 411 aliquando
1453 347 1510 394 et
1527 339 1744 395 caelum
1765 344 1925 414 aepi-

310 433 433 470 cere
454 425 619 488 atque
640 415 709 471 de
729 417 947 471 visione
968 414 1036 488 (s.
1054 413 1288 488 theoria)
1309 414 1409 470 illa
1427 413 1744 487 degustare.
1823 415 1926 472 Si·-

308 491 537 562 quidem
558 500 687 547 sunt
705 490 910 561 aliqui,
948 491 1049 562 qui
1071 505 1142 546 ex
1161 490 1294 562 gula
1307 531 1320 554 ‚
1363 505 1566 546 venere
1585 498 1638 544 et
1659 490 1926 562 petulan-

307 567 384 620 tia
402 581 623 638 semper
656 566 985 622 illuvionem
1026 582 1091 620 ac
1125 565 1566 620 submersionem
1607 566 1920 636 patiuntur.

307 641 711 714 cupiditatibus
728 635 925 706 dediti,
950 648 1006 696 et
1024 641 1221 696 nolunt
1229 641 1445 714 erigere
1463 657 1524 696 ee
1543 642 1698 712 ipsos
1716 642 1926 698 miser-

308 717 436 772 rimi
458 725 513 774 et
532 717 979 772 cacodaemones.

498 871 629 929 Quid
660 883 727 922 est
761 872 873 937 „In
904 871 1072 938 yladio
1110 882 1188 923 tuo
1223 872 1432 922 vives“?
1475 872 1582 938 (27,
1613 873 1724 938 40.)

418 993 539 1047 235.
591 992 775 1047 Nimis
800 992 1128 1048 naturaliter
1155 993 1371 1046 monuit
1397 992 1719 1062 insipientis
1740 995 1919 1049 vitam

302 1066 518 1123 bellum
545 1083 667 1122 esse
695 1069 818 1123 sine
844 1084 1008 1140 pace,
1047 1068 1183 1126 iusti
1210 1084 1342 1122 vero
1373 1066 1539 1121 altam
1563 1084 1782 1139 pacem.
1861 1071 1918 1125 Is

305 1142 455 1196 enim
482 1140 689 1216 gaudet
716 1143 931 1199 iustitia
964 1151 1020 1199 et
1043 1141 1444 1214 tranquillitate
1475 1149 1528 1196 et
1555 1144 1914 1214 rectitudine,

302 1216 401 1273 ille
422 1225 605 1272 autem
625 1215 1039 1274 conturbatione
1061 1226 1117 1274 et
1135 1217 1365 1273 avaritia
1380 1257 1394 1280 ‚
1437 1216 1803 1282 aemulatione
1819 1217 1919 1274 di-

302 1308 474 1364 gnum
493 1301 695 1364 putans
713 1293 979 1348 iniuriam
997 1289 1178 1348 facere
1205 1300 1260 1348 et
1283 1291 1493 1364 passim
1524 1289 1740 1349 laedere
1756 1337 1769 1358 ,
1810 1313 1919 1368 pa-

304 1383 425 1420 cem
464 1376 517 1421 et
554 1367 696 1420 iram
732 1366 1118 1442 (confundens)
1130 1367 1184 1441 *)
1221 1367 1336 1423 sibi
1366 1367 1610 1422 invicem
1640 1369 1912 1426 infensae.

404 1539 447 1586 ἱ)
474 1538 594 1580 Arm.
622 1541 728 1579 haec
752 1543 920 1580 tantum
946 1541 1098 1580 hebet:
1144 1552 1293 1591 pacem
1328 1546 1464 1582 autem
1497 1546 1536 1582 et
1567 1543 1770 1590 calorem,
1819 1545 1916 1584 sine

304 1590 391 1631 ullo
416 1591 565 1630 verbo.
616 1589 779 1633 Auob-

305 1843 514 1900 bisunt
534 1843 684 1900 enim
701 1844 921 1899 tartarei
942 1841 1174 1899 domini.
1237 1839 1348 1898 Sed
1369 1841 1499 1898 dedi
1530 1842 1615 1899 illi
1647 1843 1914 1899 fiduciam

301 1918 520 1975 evolare
548 1919 847 1991 aliquando
862 1961 875 1984 ‚
920 1927 973 1974 et
998 1919 1057 1974 in
1078 1917 1228 1974 caelo
1245 1917 1636 1990 respicientem
1656 1920 1768 1974 iam
1788 1919 1913 1974 dei-

301 1995 515 2050 tudinis
545 1995 839 2067 degustare
866 1993 1161 2050 scintillas.
1241 1991 1382 2048 Sunt
1411 1995 1559 2050 enim
1589 1995 1687 2065 qui
1710 2011 1780 2050 ex
1801 1995 1916 2049 im·-

298 2071 438 2139 puni
475 2070 697 2124 luxuria
733 2069 1013 2124 diluvium
1050 2067 1232 2140 passi,
1287 2068 1440 2124 vitiis
1478 2069 1907 2142 immerguntur,

300 2160 649 2215 nequaquam
668 2159 729 2200 se
748 2143 952 2200 exinde
970 2144 1268 2216 erigentes.

614 2289 750 2348 Quid
782 2299 851 2340 est
885 2289 1099 2354 „Super
1129 2291 1345 2357 qladium
1383 2290 1594 2342 vives‘w

244 2445 249 2450 .
410 2395 533 2448 235.
591 2391 769 2458 Quam
804 2401 967 2447 natus
1004 2392 1166 2448 aliter
1200 2393 1533 2459 declaravit,
1585 2395 1912 2464 insipientie

300 2465 575 2521 fortumm
601 2467 877 2538 praelium
902 2483 1025 2522 esse
1053 2467 1534 2539 impraedicabile.
1610 2469 1748 2524 lusti
1778 2485 1912 2526 vero

297 2555 397 2608 per
416 2540 688 2596 altissima
708 2541 983 2615 gaudente
1000 2543 1154 2596 enim
1172 2545 1556 2616 segregatione
1575 2551 1628 2598 et
1647 2553 1916 2600 constan-

298 2613 402 2677 tia;
446 2611 545 2666 ille
572 2616 765 2670 turbas
794 2625 851 2670 et
878 2616 1101 2686 rapinas
1127 2618 1404 2687 explorat,
1455 2618 1764 2689 quemlibet
1789 2622 1912 2690 pati

298 2683 563 2738 iniuriam
584 2696 637 2741 et
656 2688 857 2746 facere.
933 2691 1078 2745 Haec
1097 2694 1330 2746 mortuis
1347 2707 1594 2765 congrua
1609 2700 1742 2748 sunt
1755 2735 1768 2757 ,
1809 2695 1914 2751 illa
