2125 3084
174 173 249 238 [1,
276 171 374 238 53.]
450 177 549 222 DE
597 175 1141 223 PROVIDENTlA
1177 175 1430 223 SERMO
1468 178 1532 223 11.
1721 169 1790 223 59

178 279 369 333 lentes
396 277 585 330 miseri
608 274 737 330 facti
760 283 914 339 sunt,
950 292 1238 330 aerumnas
1260 276 1398 350 mihi
1419 276 1684 343 retulisti,
1735 284 1790 331 at

176 369 294 424 ego
322 351 428 406 tibi
456 351 787 426 alios-'etiam
816 349 1023 415 dicam,
1069 352 1167 421 qui
1197 350 1442 404 volentes
1469 350 1528 403 in
1549 355 1790 422 pauper-—

176 435 331 489 tate,
391 425 657 482 dedecore
705 425 1029 496 ultimisque
1077 424 1496 479 discriminibus
1545 424 1788 480 fuerunt.

179 501 543 574 Anaxagoras
566 502 777 572 qnippe
796 501 1076 571 copiosae,
1119 508 1180 554 ut
1209 499 1441 562 dicitur,
1483 501 1792 569 possessio-
1887 533 1892 538 ·

178 577 281 630 nis
320 575 479 630 heres
518 575 769 639 effeetus,
816 583 983 650 totam
1022 575 1380 648 contempsit,
1427 574 1626 628 unicae
1663 574 1793 645 pul·
1819 591 1836 604 ·

180 651 497 706 cherrimae
519 651 889 722 possessionis
914 665 1124 713 amore,
1166 651 1392 704 virtutis
1419 647 1662 711 scilieet,
1703 648 1793 704 di-

179 727 417 780 mittens
446 725 621 780 multa
645 725 829 780 animo
859 725 1126 780 carentia:
1189 733 1242 779 et
1266 725 1433 778 boum
1453 723 1682 796 quidem
1703 741 1792 780 ar·-

180 808 378 855 menta
407 800 647 864 dimisit,
690 808 756 854 ut
770 807 965 871 suopte
985 799 1212 871 ingenio
1230 801 1525 870 pei-spatia
1547 791 1790 856 locorum

177 883 553 948 pascerentur
574 891 673 946 pro
702 874 879 929 lubito
894 915 907 939 ,
949 873 1188 946 ideoque
1208 874 1338 930 lieet
1357 875 1646 946 pastoralis
1667 875 1792 930 offi—

178 951 266 1006 cii
289 951 519 1021 ignarus
536 949 755 1004 heroice
774 949 1029 1004 nutrivit.
1748 989 1760 999 .

312 1069 393 1121 ⁴3.
430 1067 767 1121 Democritus
789 1074 971 1121 autem
987 1108 999 1130 ‚
1026 1067 1162 1142 alter
1182 1067 1476 1138 opulentus
1498 1075 1550 1121 et
1609 1083 1793 1121 osses-

182 1161 282 1216 sor
303 1141 601 1197 multorum
616 1183 628 1205 ,
652 1159 714 1196 eo
734 1141 883 1212 quod
904 1150 1055 1197 ortus
1075 1151 1222 1196 esset
1239 1159 1309 1196 ex
1327 1140 1534 1196 illustri
1557 1084 1788 1204 flamina,

182 1216 471 1274 desiderio
492 1217 792 1287 sapientiae
813 1215 1279 1272 familiarissimae
1301 1213 1551 1281 deditus;
1573 1219 1792 1278 caecam

180 1294 543 1363 invisamque
563 1291 919 1362 opulentiam,
940 1309 1084 1363 quae
1103 1293 1294 1364 pravis
1314 1300 1368 1346 et
1385 1291 1596 1347 vilibus
1618 1291 1791 1347 tribui

181 1367 509 1430 consuevit,
540 1365 811 1433 inhibuit3
856 1383 975 1421 eam
996 1384 1160 1431 vere,
1195 1381 1336 1439 quae
1357 1363 1688 1440 haud'caeca
1711 1375 1793 1423 est

181 1461 251 1498 ac
274 1451 559 1506 constans„
589 1441 820 1514 eoquod
848 1459 975 1496 cum
1005 1441 1168 1498 bonis
1197 1443 1330 1498 solis
1361 1451 1666 1508 assuescat,
1691 1461 1794 1498 ac-

182 1519 445 1590 quisivit.
521 1517 813 1588 Propterea
841 1517 1130 1572 universas
1174 1519 1382 1589 patriae
1420 1518 1572 1592 leges
1611 1518 1793 1574 dimo-

182 1610 317 1648 vere
336 1591 496 1648 visus
517 1600 627 1657 est,
662 1600 715 1646 et
743 1592 903 1666 quasi
932 1592 1113 1647 malus
1141 1593 1340 1666 genius
1369 1602 1652 1664 reputatus
1669 1635 1682 1658 ,
1715 1595 1792 1648 ita

183 1677 250 1723 ut
270 1667 615 1742 periclitatus
634 1664 800 1720 fuerit
814 1707 827 1730 ,
851 1684 919 1722 ne
940 1667 1193 1738 sepulcro
1214 1669 1334 1740 ipso
1351 1669 1663 1739 privaretur
1676 1710 1689 1733 ,
1720 1669 1789 1722 ob

184 1744 373 1815 legem
403 1740 553 1812 apud
589 1739 895 1798 Abderitas
918 1742 1226 1814 vigentem,
1273 1760 1417 1813 quae
1447 1742 1788 1814 insepultum

183 1815 599 1890 proficiendum
620 1813 917 1880 statuebat,
956 1819 1054 1888 qui
1078 1819 1280 1889 patrias
1301 1809 1451 1888 leges
1473 1833 1579 1872 non
1600 1815 1789 1872 obser—

185 1899 396 1947 vasset.
462 1889 525 1946 ld
546 1907 677 1945 sane
696 1889 1051 1946 subeundum
1071 1901 1186 1946 erat
1203 1890 1527 1955 DemocritO,
1551 1890 1662 1944 nisi
1681 1892 1789 1945 mi-

185 1964 551 2022 sericordiam
585 1966 805 2020 sortitus
843 1966 988 2038 esset
1025 1965 1366 2038 benignitate
1381 2006 1392 2028 ,
1460 1982 1626 2036 quam
1660 1982 1788 2038 erga

186 2059 319 2097 eum
341 2037 535 2096 habuit
554 2041 906 2112 Hippocrates
928 2041 1103 2109 Cous;
1146 2040 1503 2095 aemulatores
1527 2040 1684 2112 enim
1699 2058 1789 2094 sa—

184 2117 431 2190 pientiae
450 2117 591 2172 inter
608 2133 668 2170 se
694 2123 866 2174 erant.
944 2117 1110 2186 Porro
1131 2133 1200 2170 ex
1219 2116 1338 2172 suis
1359 2114 1620 2186 operibus
1642 2115 1787 2170 cele-

185 2192 390 2255 bratiS,
432 2190 581 2262 quod
610 2191 917 2262 appellatur
942 2207 1180 2263 magnus
1211 2184 1616 2263 diacosmfis*),
1658 2207 1789 2244 cen-

187 2276 335 2330 tum,
373 2275 434 2323 ut
452 2263 705 2322 nonnulli
727 2266 947 2328 dicunt,
980 2266 1164 2321 adhuc
1185 2265 1424 2337 amplius
1440 2305 1454 2328 ,
1483 2261 1682 2320 ‘Atticis
1702 2273 1787 2319 ta-

191 2341 355 2396 lentis
377 2339 503 2398 CCC
523 2343 875 2397 aestimatum
902 2339 1027 2396 fuit.

303 2451 381 2502 ⁴4.
428 2447 501 2522 [³¹⁶]
524 2449 728 2504 Verum
750 2448 978 2503 fortasse
998 2449 1118 2504 ris-u
1139 2421 1342 2522 dignus
1363 2463 1612 2512 censeor,
1656 2464 1786 2520 pro-

189 2525 369 2580 ferens
400 2539 543 2596 quae
569 2523 709 2577 mihi
740 2524 1008 2578 contraria
1037 2531 1192 2587 sunt,
1237 2531 1289 2578 et
1317 2536 1460 2594 quae
1479 2521 1682 2600 melius
1703 2533 1785 2580 est

290 2663 335 2712 ¹)
367 2673 427 2703 sc.
456 2665 651 2709 ornatus,
681 2663 807 2710 ordo,
837 2663 911 2702 ubl
936 2663 1057 2704 Arm.
1083 2665 1292 2712 interpres
1316 2661 1426 2712 legit
1448 2663 1707 2713 neocosmum
1737 2667 1782 2705 h.

193 2727 231 2756 e.
259 2723 434 2763 meam
462 2714 573 2752 Iovis
600 2716 791 2753 mam.
844 2712 1004 2753 Δηώ.
1079 2728 1086 2734 ·
1292 2732 1298 2740 ·
1639 2751 1642 2756 ¹
