2125 3084
396 154 489 204 ΗΞ
627 154 822 199 PHIL.
859 154 1014 203 IUD.
1057 154 1381 211 QUAEST.
1418 154 1513 198 ET
1554 154 1709 199 SOL.
1750 148 1835 214 [IL
1860 154 2007 219 295.]

391 257 459 311 ad
482 255 811 310 salvandum
831 272 890 309 se
909 253 968 308 id
989 263 1245 326 usurpat,
1286 271 1444 309 suam
1464 254 1727 309 videlicet
1747 270 2005 312 sororem

391 330 539 402 apud
569 330 776 384 alienos
803 346 1125 400 nuncupare
1160 346 1407 384 uxorem.
1495 327 1861 394 Quamobrem
1892 334 2007 401 qui

394 406 614 460 levitate
642 422 856 460 morum
883 405 1089 458 similia
1120 403 1389 467 dixerint,
1440 411 1721 475 tamquam
1747 404 2005 475 pedibus

391 481 591 544 illotis,
634 480 796 535 vultu
825 486 1032 534 mutato
1061 487 1116 533 et
1143 496 1203 533 re
1237 485 1481 549 peracta,
1536 478 1657 533 iure
1691 478 2007 549 reprehen-

393 555 561 611 dendi
589 562 744 610 sunt:
789 554 1050 625 quoniam
1082 555 1413 624 nequierunt
1443 554 1682 625 cogitare
1709 561 1761 607 et
1782 554 2009 609 intelli-

391 648 548 704 gere,
598 628 750 701 quod
785 646 944 683 nemo
980 636 1063 683 est
1096 637 1209 683 tam
1244 628 1453 683 delirus
1488 645 1553 683 ae
1584 627 1813 683 demens
1849 629 2007 683 inter

393 704 661 776 iniuste*)
699 702 1074 775 proficientem
1126 706 1425 774 quominus
1461 702 1584 767 ille,
1636 704 1697 757 in
1724 718 1835 774 quo
1864 720 2007 773 per—

395 781 560 835 fectio
580 780 740 843 insit,
783 779 944 849 quasi
971 779 1108 833 velit
1133 794 1453 848 permanere
1480 778 1537 832 in
1560 777 1763 833 delicto
1782 780 2002 849 peccati

395 866 448 910 et
469 862 716 925 repetere
745 861 907 924 atque
934 853 1211 907 celebrare
1239 852 1408 909 verbo
1428 867 1649 923 quoque
1668 853 2002 924 saepissime

396 948 485 993 ea,
530 944 672 1000 quae
709 928 797 982 vel
827 927 998 983 semel
1026 928 1235 999 prolata
1262 927 1527 999 pudorem
1558 926 1807 983 afferunt.
1888 928 2001 983 Ve—
2094 950 2096 961 ⁴

396 1022 518 1059 rum
543 1004 712 1067 absit,
756 1010 818 1056 ut
836 1020 934 1058 nos
956 1004 1083 1058 talis
1106 1003 1406 1075 impietatis
1434 1004 1703 1058 sententia
1729 1002 1993 1065 obtineat,

395 1088 457 1135 ut
486 1078 716 1152 indigna
745 1079 1047 1150 cogitemus
1076 1076 1148 1131 de
1176 1078 1512 1149 patriarcha,
1563 1086 1717 1149 patre
1745 1076 2001 1149 duceque

396 1154 714 1227 principali.
769 1152 1038 1219 Quoniam
1059 1152 1289 1208 honesta
1312 1153 1535 1209 omnino
1554 1161 1637 1207 est
1659 1154 2003 1223 impraesen-

399 1232 599 1285 tiarum
633 1229 808 1300 gloria
837 1244 907 1281 ex
927 1228 1175 1301 ipsarum
1196 1245 1380 1283 rerum
1401 1236 1592 1282 natura
1620 1228 1825 1281 clarius
1847 1229 1995 1282 visa:

399 1304 680 1375 siquidem
700 1318 999 1373 generosus
1029 1304 1248 1357 animus
1267 1304 1529 1360 virtutem
1554 1319 1794 1359 sororem
1820 1303 2003 1357 nomi-

402 1388 521 1441 nat,
553 1395 660 1431 non
689 1392 914 1431 uxorem
931 1417 943 1440 ,
974 1386 1163 1432 utnon
1190 1376 1342 1433 solus
1361 1395 1585 1450 praeses
1604 1377 1861 1433 videatur
1882 1378 2003 1432 vel-

400 1461 464 1506 ut
491 1451 681 1505 uxoris
709 1450 1036 1522 sapientiae,
1082 1451 1181 1507 sed
1208 1470 1449 1509 sororem
1476 1470 1597 1506 eam
1626 1469 1877 1507 asserens
1905 1450 2003 1507 de-

401 1534 665 1581 monstret
692 1543 1038 1581 communem
1066 1544 1188 1582 esse
1218 1528 1339 1582 eius
1369 1526 1551 1583 zelum
1586 1537 1749 1599 atque
1779 1526 2004 1581 deside-

401 1604 548 1656 rium
589 1599 735 1673 apud
764 1618 983 1666 omneS,
1026 1604 1125 1673 qui
1162 1604 1391 1677 genuini
1428 1600 1731 1675 fidelesque
1766 1601 2004 1657 studiosi

402 1686 531 1732 sunt
551 1676 840 1749 probitatis
862 1679 1121 1749 optimae.

495 1835 568 1901 [Ἴ
633 1834 762 1893 Quid
794 1845 861 1885 est
894 1872 929 1898 ‚‚
947 1834 1089 1885 Misit
1123 1834 1392 1885 Abimeleclz
1426 1853 1511 1886 rex
1554 1835 1835 1887 Gen-erorum
1872 1845 1918 1883 et

900 1902 1004 1951 tulit
1045 1900 1330 1951 Sarram“?
1383 1904 1499 1965 (ib.)

517 2006 601 2055 64.
680 2003 1073 2059 Praetermissa
1108 2004 1500 2059 nonnullorum
1546 2005 1843 2067 sententia,
1908 2004 2007 2074 qui

405 2082 690 2129 autumant
727 2077 1031 2146 sapientem
1070 2079 1387 2135 traditorem
1426 2080 1598 2135 fuisse
1635 2080 1776 2151 legis
1815 2082 2007 2133 matri-

406 2149 607 2210 monii,
651 2165 826 2218 quum
861 2167 959 2204 rex
987 2153 1311 2209 immundus
1342 2163 1395 2209 et
1422 2155 1695 2218 lascivus,
1747 2152 1819 2208 ob
1848 2170 2008 2207 suam

408 2223 688 2277 luxuriem
709 2221 997 2279 effraenem
1025 2228 1219 2281 volens
1250 2230 1431 2302 legem
1450 2230 1518 2285 ad
1538 2229 1860 2301 peregrinos
1879 2244 2010 2298 per-

406 2300 672 2353 tinentem
702 2299 1086 2369 pessumdare,
1132 2302 1258 2357 tulit
1292 2322 1521 2360 uxorem
1557 2306 1811 2366 alterius,
1862 2302 2009 2357 dici-

406 2391 531 2427 mus
550 2373 928 2444 quaestionem
950 2391 1072 2429 esse
1090 2375 1159 2429 de
1180 2378 1402 2443 virtute,
1427 2381 1587 2435 cuius
1605 2396 1816 2442 omnes,
1842 2378 2009 2432 etiam

407 2448 566 2519 pravi
589 2456 642 2502 et
662 2447 813 2512 mali,
837 2449 1266 2518 praesidentiam
1287 2471 1346 2507 se
1364 2462 1549 2509 tenere
1571 2452 1845 2517 dictitant,
1867 2470 2010 2523 qua-

403 2532 564 2577 tenus
603 2522 672 2577 ad
708 2522 865 2594 vulgi
905 2525 1242 2597 opinionem.
1333 2528 1486 2583 Alias
1519 2530 1682 2601 pauci
1720 2534 1850 2582 sunt
1888 2543 2011 2581 eam

512 2697 553 2741 ¹⁵)
578 2696 770 2733 Verbum
787 2697 850 2733 sic
866 2700 1002 2744 sonat,
1023 2700 1101 2737 sed
1115 2700 1260 2739 malim
1278 2700 1537 2747 intelligere:
1562 2701 1817 2749 imperfecte.
1845 2698 2011 2739 Auch.
