2125 3084
302 206 396 256 482
560 206 755 251 PHIL.
794 206 941 251 IUD.
980 206 1302 264 QUAEST.
1340 207 1439 251 ET
1479 208 1636 253 SOL.
1683 204 1898 271 [IL-366]

300 329 330 363 a
350 312 637 363 iuventute
658 307 949 361 nobiscum
971 308 1307 377 acquisitum
1327 310 1574 373 exsistit,
1619 310 1678 365 id
1709 320 1792 365 est
1812 313 1900 366 vi-

299 385 439 439 tium
469 382 847 453 insipientiae:
906 390 1285 436 verumtamen
1314 384 1495 437 minor
1524 385 1646 455 ipse
1675 387 1899 441 maioris

300 459 385 513 sui
412 474 512 529 per
533 458 712 529 legem
732 465 958 512 naturae
980 456 1098 511 dux
1117 465 1201 511 est
1219 465 1274 511 et
1291 458 1573 530 princeps.

338 664 469 723 Quid
492 676 559 715 eat
594 701 627 727 „
644 666 837 729 Impleti
856 675 964 715 sunt
991 665 1114 727 dies,
1153 674 1206 714 ut
1231 682 1290 714 ea
1311 669 1586 729 parer-effl‘?
1619 668 1726 731 (25,
1749 671 1858 728 24.)

414 806 529 857 458.
580 802 857 873 Sapientis
883 807 1074 872 partus
1101 817 1209 855 non
1237 809 1320 855 est
1339 817 1564 857 mancus
1583 816 1685 854 nec
1702 817 1892 857 mense

299 894 400 932 nec
428 877 549 941 die,
590 876 689 931 sed
717 876 917 947 plenus
944 874 1360 947 perfectusque,
1404 894 1476 931 ex
1501 876 1744 930 numeris
1764 893 1894 947 per·
1916 891 1932 936 fi

297 952 457 1007 fectis
484 960 761 1007 constans.
839 952 1043 1005 Littera
1070 950 1198 1004 talis
1219 960 1321 1005 est.
1399 950 1486 1005 Ad
1505 959 1742 1006 mentem
1762 968 1893 1006 vero

298 1026 624 1082 dicendum:
676 1025 859 1093 Quum
878 1026 1096 1079 animus
1117 1025 1322 1079 virtute
1349 1026 1564 1096 pollens
1593 1028 1668 1080 sit
1695 1027 1893 1097 plenus

296 1103 599 1174 sapientiae
618 1102 911 1173 speciebus
926 1141 939 1165 ,
970 1116 1114 1171 quae
1134 1099 1248 1155 diei
1269 1101 1515 1171 solisque
1535 1102 1708 1157 instar
1727 1110 1890 1157 totam

296 1178 519 1232 omnino
544 1177 823 1232 illuminat
852 1175 1239 1247 cogitationem
1267 1184 1322 1229 et
1346 1184 1612 1240 mentem,
1655 1185 1787 1231 tunc
1808 1178 1898 1230 in-

298 1254 435 1323 cipit
462 1269 654 1323 parere
681 1252 1053 1322 oppositiones
1083 1251 1142 1303 in
1176 1251 1578 1321 separationem
1617 1250 1898 1307 distincti-

299 1344 426 1382 vam
446 1334 759 1381 sanctorum
781 1334 833 1379 et
853 1326 1121 1395 turpium.

297 1636 503 1688 Bonum
546 1637 722 1698 enim,
770 1644 833 1691 ut
870 1634 1019 1699 dixi,
1062 1634 1366 1689 serotinum
1405 1642 1458 1688 et
1497 1633 1894 1699 adventicium,

298 1710 542 1781 pravitas
564 1709 633 1767 ab
654 1708 886 1765 infantia
913 1726 1056 1781 pene
1088 1710 1366 1772 consistit,
1407 1707 1508 1762 sed
1536 1716 1718 1764 tamen
1746 1710 1900 1783 regi-

301 1794 389 1839 tur
411 1803 440 1839 a
461 1786 747 1841 iuveniore
762 1828 774 1851 ,
806 1802 916 1841 non
937 1784 1202 1855 temporis
1225 1784 1346 1857 lege
1361 1824 1374 1849 ,
1407 1782 1507 1838 sed
1525 1792 1771 1839 naturae.

356 1993 515 2052 Quare
551 1996 696 2045 dixit.-
752 2031 783 2056 ‚,
804 1992 1033 2058 Completi
1060 2002 1170 2043 sunt
1200 1991 1305 2043 dies
1339 1994 1460 2055 eius,
1504 2002 1557 2043 ut
1573 1996 1846 2057 parer-ew?

416 2132 531 2182 ⁴58.
581 2127 721 2193 Quia
750 2128 1108 2198 prudentium
1139 2130 1388 2202 germina
1417 2146 1524 2183 non
1553 2135 1684 2182 sunt
1711 2128 1900 2183 minus

298 2202 539 2277 perfecta
554 2243 567 2267 ,
600 2219 701 2258 nec
722 2202 921 2258 diebus
942 2202 1217 2259 diminuta
1231 2245 1244 2269 ,
1277 2204 1376 2259 sed
1396 2204 1561 2275 plena
1582 2212 1636 2257 et
1658 2203 1898 2276 integra.

298 2280 384 2333 Ex
411 2278 671 2350 perfectis
700 2277 947 2331 numeris
977 2277 1188 2334 dictum
1221 2286 1431 2333 constat
1458 2294 1558 2350 pro
1587 2286 1742 2350 parte
1772 2295 1904 2332 nar-

301 2354 549 2409 rationis,
636 2352 953 2407 Intellectus
991 2370 1122 2407 vero
1161 2354 1388 2407 subtilis
1422 2354 1528 2408 hoc
1555 2352 1750 2424 sapit,
1771 2370 1903 2407 cum

300 2430 547 2484 studiosa
579 2429 761 2482 anima
800 2427 1049 2499 saginata
1080 2426 1246 2481 fuerit
1275 2429 1578 2499 sapientiae
1607 2427 1898 2491 institutis»,

299 2503 508 2575 quibus
529 2504 653 2558 vice
674 2502 968 2558 meridiani
990 2501 1216 2556 luminis
1237 2510 1382 2555 totus
1405 2504 1622 2557 animus
1653 2503 1905 2557 illustra-

299 2587 409 2631 tur.
489 2580 643 2632 Tunc
672 2578 871 2648 incipit
900 2592 1162 2647 generare
1183 2580 1591 2632 contrarietates
1611 2578 1906 2650 cogitatio-

300 2668 461 2712 num,
506 2652 713 2721 quibus
741 2658 959 2704 sanatae
989 2647 1172 2719 (mary.
1205 2651 1409 2723 sancta)
1445 2651 1692 2721 profanis
1728 2653 1907 2706 inter-

301 2732 448 2777 sunt.
