<?xml version="1.0" encoding="UTF-8"?>
<!DOCTYPE html PUBLIC "-//W3C//DTD XHTML 1.0 Transitional//EN"
    "http://www.w3.org/TR/xhtml1/DTD/xhtml1-transitional.dtd">
<html xmlns="http://www.w3.org/1999/xhtml" xml:lang="en" lang="en">
 <head>
  <title>
</title>
<meta http-equiv="Content-Type" content="text/html;charset=utf-8" />
  <meta name='ocr-system' content='tesseract 3.04.00' />
  <meta name='ocr-capabilities' content='ocr_page ocr_carea ocr_par ocr_line ocrx_word'/>
</head>
<body>
  <div class='ocr_page' id='page_1' title='image "./philonisiudaeio00alejgoog_0089.png"; bbox 0 0 2125 3084; ppageno 0'>
   <div class='ocr_carea' id='block_1_1' title="bbox 324 196 1939 264">
    <p class='ocr_par' dir='ltr' id='par_1_1' title="bbox 324 196 1939 264">
     <span class='ocr_line' id='line_1_1' title="bbox 324 196 1939 264; baseline -0.002 -10"><span class='ocrx_word' id='word_1_1' title='bbox 324 200 393 254; x_wconf 80' lang='grc'><strong>’72</strong></span> <span class='ocrx_word' id='word_1_2' title='bbox 565 204 762 250; x_wconf 68' lang='grc' dir='ltr'>ΡΗΙΙι.</span> <span class='ocrx_word' id='word_1_3' title='bbox 800 202 956 249; x_wconf 82' lang='lat'>1111).</span> <span class='ocrx_word' id='word_1_4' title='bbox 1000 200 1324 259; x_wconf 65' lang='lat' dir='ltr'><strong>QUAEST.</strong></span> <span class='ocrx_word' id='word_1_5' title='bbox 1362 202 1458 246; x_wconf 84' lang='grc' dir='ltr'><strong>ΕΤ</strong></span> <span class='ocrx_word' id='word_1_6' title='bbox 1497 200 1654 247; x_wconf 76' lang='lat' dir='ltr'>SOL.</span> <span class='ocrx_word' id='word_1_7' title='bbox 1695 196 1939 264; x_wconf 82' lang='lat'><strong>[11,25⁰.]</strong></span> 
     </span>
    </p>
   </div>
   <div class='ocr_carea' id='block_1_2' title="bbox 550 364 1708 431">
    <p class='ocr_par' dir='ltr' id='par_1_2' title="bbox 550 364 1708 431">
     <span class='ocr_line' id='line_1_2' title="bbox 550 364 1708 431; baseline -0.002 -14"><span class='ocrx_word' id='word_1_8' title='bbox 550 367 827 417; x_wconf 63' lang='lat' dir='ltr'><strong>Cardiam.-</strong></span> <span class='ocrx_word' id='word_1_9' title='bbox 862 364 997 428; x_wconf 55' lang='grc' dir='ltr'><strong><em>,μείς</em></strong></span> <span class='ocrx_word' id='word_1_10' title='bbox 1015 367 1136 431; x_wconf 70' lang='lat' dir='ltr'><strong>sac,</strong></span> <span class='ocrx_word' id='word_1_11' title='bbox 1173 367 1296 417; x_wconf 67' lang='lat' dir='ltr'><strong>sieut</strong></span> <span class='ocrx_word' id='word_1_12' title='bbox 1311 366 1552 415; x_wconf 59' lang='lat' dir='ltr'><strong>armam</strong></span> <span class='ocrx_word' id='word_1_13' title='bbox 1585 366 1708 431; x_wconf 83' lang='lat' dir='ltr'><strong>(ib.)</strong></span> 
     </span>
    </p>
   </div>
   <div class='ocr_carea' id='block_1_3' title="bbox 324 466 1940 975">
    <p class='ocr_par' dir='ltr' id='par_1_3' title="bbox 324 466 1940 975">
     <span class='ocr_line' id='line_1_3' title="bbox 432 466 1933 542; baseline -0.001 -17"><span class='ocrx_word' id='word_1_14' title='bbox 432 472 487 525; x_wconf 84' lang='lat'><strong>7.</strong></span> <span class='ocrx_word' id='word_1_15' title='bbox 548 466 924 542; x_wconf 85' lang='lat' dir='ltr'><strong>Reprehendit</strong></span> <span class='ocrx_word' id='word_1_16' title='bbox 970 467 1262 541; x_wconf 79' lang='lat' dir='ltr'><strong>ambiguos</strong></span> <span class='ocrx_word' id='word_1_17' title='bbox 1309 476 1492 522; x_wconf 88' lang='lat' dir='ltr'><strong>mente</strong></span> <span class='ocrx_word' id='word_1_18' title='bbox 1532 474 1586 523; x_wconf 88' lang='lat' dir='ltr'><strong>et</strong></span> <span class='ocrx_word' id='word_1_19' title='bbox 1621 466 1933 541; x_wconf 57' lang='lat' dir='ltr'><strong>bilinguem,</strong></span> 
     </span>
     <span class='ocr_line' id='line_1_4' title="bbox 324 543 1940 618; baseline -0.002 -17"><span class='ocrx_word' id='word_1_20' title='bbox 324 546 421 618; x_wconf 90' lang='lat' dir='ltr'><strong>qui</strong></span> <span class='ocrx_word' id='word_1_21' title='bbox 467 543 620 601; x_wconf 89' lang='lat' dir='ltr'><strong>aliud</strong></span> <span class='ocrx_word' id='word_1_22' title='bbox 660 544 854 599; x_wconf 90' lang='lat' dir='ltr'><strong>dicunt</strong></span> <span class='ocrx_word' id='word_1_23' title='bbox 892 549 944 598; x_wconf 88' lang='lat' dir='ltr'><strong>et</strong></span> <span class='ocrx_word' id='word_1_24' title='bbox 982 544 1314 597; x_wconf 85' lang='lat' dir='ltr'><strong>contrarium</strong></span> <span class='ocrx_word' id='word_1_25' title='bbox 1361 550 1551 616; x_wconf 84' lang='lat' dir='ltr'><strong>agunt.</strong></span> <span class='ocrx_word' id='word_1_26' title='bbox 1628 544 1940 598; x_wconf 81' lang='lat' dir='ltr'><strong>Honestum</strong></span> 
     </span>
     <span class='ocr_line' id='line_1_5' title="bbox 328 616 1936 693; baseline -0.002 -17"><span class='ocrx_word' id='word_1_27' title='bbox 328 630 511 676; x_wconf 89' lang='lat' dir='ltr'><strong>autem</strong></span> <span class='ocrx_word' id='word_1_28' title='bbox 550 620 795 693; x_wconf 83' lang='lat' dir='ltr'><strong>seligens</strong></span> <span class='ocrx_word' id='word_1_29' title='bbox 834 616 1168 673; x_wconf 79' lang='lat' dir='ltr'><strong>determinat</strong></span> <span class='ocrx_word' id='word_1_30' title='bbox 1206 634 1307 689; x_wconf 90' lang='lat' dir='ltr'><strong>per</strong></span> <span class='ocrx_word' id='word_1_31' title='bbox 1345 618 1596 673; x_wconf 85' lang='lat' dir='ltr'><strong>ordinem</strong></span> <span class='ocrx_word' id='word_1_32' title='bbox 1636 618 1936 691; x_wconf 82' lang='lat' dir='ltr'><strong>utriusque</strong></span> 
     </span>
     <span class='ocr_line' id='line_1_6' title="bbox 324 692 1939 766; baseline -0.001 -15"><span class='ocrx_word' id='word_1_33' title='bbox 324 698 543 760; x_wconf 86' lang='lat' dir='ltr'><strong>vivere,</strong></span> <span class='ocrx_word' id='word_1_34' title='bbox 586 696 664 751; x_wconf 83' lang='lat' dir='ltr'><strong>ita</strong></span> <span class='ocrx_word' id='word_1_35' title='bbox 692 702 754 749; x_wconf 92' lang='lat' dir='ltr'><strong>ut</strong></span> <span class='ocrx_word' id='word_1_36' title='bbox 786 692 954 748; x_wconf 82' lang='lat' dir='ltr'><strong>verba</strong></span> <span class='ocrx_word' id='word_1_37' title='bbox 992 694 1150 766; x_wconf 86' lang='lat' dir='ltr'><strong>prius</strong></span> <span class='ocrx_word' id='word_1_38' title='bbox 1190 692 1526 747; x_wconf 86' lang='lat' dir='ltr'><strong>inclinentur</strong></span> <span class='ocrx_word' id='word_1_39' title='bbox 1567 692 1637 748; x_wconf 86' lang='lat' dir='ltr'><strong>ad</strong></span> <span class='ocrx_word' id='word_1_40' title='bbox 1673 710 1840 764; x_wconf 85' lang='lat' dir='ltr'><strong>opera</strong></span> <span class='ocrx_word' id='word_1_41' title='bbox 1880 703 1939 749; x_wconf 90' lang='lat' dir='ltr'><strong>et</strong></span> 
     </span>
     <span class='ocr_line' id='line_1_7' title="bbox 325 766 1938 843; baseline -0.002 -16"><span class='ocrx_word' id='word_1_42' title='bbox 325 789 489 843; x_wconf 76' lang='lat' dir='ltr'><strong>opera</strong></span> <span class='ocrx_word' id='word_1_43' title='bbox 521 771 589 826; x_wconf 85' lang='lat' dir='ltr'><strong>ad</strong></span> <span class='ocrx_word' id='word_1_44' title='bbox 621 769 817 825; x_wconf 85' lang='lat' dir='ltr'><strong>verba:</strong></span> <span class='ocrx_word' id='word_1_45' title='bbox 861 776 1049 841; x_wconf 84' lang='lat' dir='ltr'><strong>utpote</strong></span> <span class='ocrx_word' id='word_1_46' title='bbox 1085 766 1229 822; x_wconf 87' lang='lat' dir='ltr'><strong>sicut</strong></span> <span class='ocrx_word' id='word_1_47' title='bbox 1267 777 1350 823; x_wconf 84' lang='lat' dir='ltr'><strong>est</strong></span> <span class='ocrx_word' id='word_1_48' title='bbox 1386 769 1647 832; x_wconf 84' lang='lat' dir='ltr'><strong>verbum,</strong></span> <span class='ocrx_word' id='word_1_49' title='bbox 1700 770 1828 823; x_wconf 83' lang='lat' dir='ltr'><strong>talis</strong></span> <span class='ocrx_word' id='word_1_50' title='bbox 1859 770 1938 824; x_wconf 90' lang='lat' dir='ltr'><strong>sit</strong></span> 
     </span>
     <span class='ocr_line' id='line_1_8' title="bbox 326 842 1935 916; baseline -0.002 -15"><span class='ocrx_word' id='word_1_51' title='bbox 326 849 467 915; x_wconf 84' lang='lat' dir='ltr'><strong>vita,</strong></span> <span class='ocrx_word' id='word_1_52' title='bbox 514 853 568 901; x_wconf 92' lang='lat' dir='ltr'><strong>et</strong></span> <span class='ocrx_word' id='word_1_53' title='bbox 596 843 782 916; x_wconf 85' lang='lat' dir='ltr'><strong>qualis</strong></span> <span class='ocrx_word' id='word_1_54' title='bbox 816 843 957 908; x_wconf 84' lang='lat' dir='ltr'><strong>vita,</strong></span> <span class='ocrx_word' id='word_1_55' title='bbox 1000 842 1128 899; x_wconf 83' lang='lat' dir='ltr'><strong>telis</strong></span> <span class='ocrx_word' id='word_1_56' title='bbox 1159 851 1212 898; x_wconf 88' lang='lat' dir='ltr'><strong>et</strong></span> <span class='ocrx_word' id='word_1_57' title='bbox 1241 860 1419 899; x_wconf 84' lang='lat' dir='ltr'><strong>sermo</strong></span> <span class='ocrx_word' id='word_1_58' title='bbox 1449 844 1715 916; x_wconf 83' lang='lat' dir='ltr'><strong>sapientis</strong></span> <span class='ocrx_word' id='word_1_59' title='bbox 1737 844 1935 898; x_wconf 85' lang='lat' dir='ltr'><strong>videa-</strong></span> 
     </span>
     <span class='ocr_line' id='line_1_9' title="bbox 326 931 434 975; baseline -0.009 -1"><span class='ocrx_word' id='word_1_60' title='bbox 326 931 434 975; x_wconf 88' lang='lat' dir='ltr'><strong>tur.</strong></span> 
     </span>
    </p>
   </div>
   <div class='ocr_carea' id='block_1_4' title="bbox 332 1072 1932 1411">
    <p class='ocr_par' dir='ltr' id='par_1_4' title="bbox 332 1072 1932 1411">
     <span class='ocr_line' id='line_1_10' title="bbox 332 1072 1932 1141; baseline -0.002 -13"><span class='ocrx_word' id='word_1_61' title='bbox 332 1076 493 1135; x_wconf 80' lang='lat' dir='ltr'><strong><em>Quare</em></strong></span> <span class='ocrx_word' id='word_1_62' title='bbox 519 1092 675 1127; x_wconf 71' lang='lat' dir='ltr'><strong>omnes</strong></span> <span class='ocrx_word' id='word_1_63' title='bbox 687 1074 960 1141; x_wconf 73' lang='lat' dir='ltr'><strong>festinant?</strong></span> <span class='ocrx_word' id='word_1_64' title='bbox 993 1074 1066 1124; x_wconf 77' lang='lat' dir='ltr'><strong>ait</strong></span> <span class='ocrx_word' id='word_1_65' title='bbox 1092 1075 1237 1124; x_wconf 80' lang='lat' dir='ltr'><strong>em&#39;m:</strong></span> <span class='ocrx_word' id='word_1_66' title='bbox 1271 1072 1583 1137; x_wconf 68' lang='lat' dir='ltr'><strong>„Festinavit</strong></span> <span class='ocrx_word' id='word_1_67' title='bbox 1607 1072 1855 1124; x_wconf 76' lang='lat' dir='ltr'><strong>Abraham</strong></span> <span class='ocrx_word' id='word_1_68' title='bbox 1879 1074 1932 1125; x_wconf 74' lang='lat' dir='ltr'><strong>in</strong></span> 
     </span>
     <span class='ocr_line' id='line_1_11' title="bbox 464 1140 1930 1204; baseline -0.002 -10"><span class='ocrx_word' id='word_1_69' title='bbox 464 1143 816 1195; x_wconf 77' lang='lat' dir='ltr'><strong>tabernaculum</strong></span> <span class='ocrx_word' id='word_1_70' title='bbox 843 1142 913 1193; x_wconf 83' lang='lat' dir='ltr'><strong>ad</strong></span> <span class='ocrx_word' id='word_1_71' title='bbox 934 1140 1167 1204; x_wconf 68' lang='lat' dir='ltr'><strong>Sar-ram,</strong></span> <span class='ocrx_word' id='word_1_72' title='bbox 1199 1151 1246 1191; x_wconf 81' lang='lat' dir='ltr'><strong>et</strong></span> <span class='ocrx_word' id='word_1_73' title='bbox 1275 1142 1398 1191; x_wconf 68' lang='lat' dir='ltr'><strong>diarit</strong></span> <span class='ocrx_word' id='word_1_74' title='bbox 1425 1142 1494 1191; x_wconf 78' lang='lat' dir='ltr'><strong>et&#39;:</strong></span> <span class='ocrx_word' id='word_1_75' title='bbox 1527 1140 1726 1191; x_wconf 75' lang='lat' dir='ltr'><strong>Feset&#39;na</strong></span> <span class='ocrx_word' id='word_1_76' title='bbox 1743 1152 1790 1192; x_wconf 85' lang='lat' dir='ltr'><strong>et</strong></span> <span class='ocrx_word' id='word_1_77' title='bbox 1806 1160 1930 1192; x_wconf 86' lang='lat' dir='ltr'><strong>com-</strong></span> 
     </span>
     <span class='ocr_line' id='line_1_12' title="bbox 460 1209 1930 1273; baseline -0.001 -12"><span class='ocrx_word' id='word_1_78' title='bbox 460 1213 600 1261; x_wconf 71' lang='lat' dir='ltr'><strong>misce</strong></span> <span class='ocrx_word' id='word_1_79' title='bbox 622 1221 716 1261; x_wconf 72' lang='lat' dir='ltr'><strong>tres</strong></span> <span class='ocrx_word' id='word_1_80' title='bbox 742 1226 983 1259; x_wconf 73' lang='lat' dir='ltr'><strong>mensuras</strong></span> <span class='ocrx_word' id='word_1_81' title='bbox 1011 1209 1215 1271; x_wconf 72' lang='lat' dir='ltr'><strong>simikre,</strong></span> <span class='ocrx_word' id='word_1_82' title='bbox 1254 1210 1402 1273; x_wconf 77' lang='lat' dir='ltr'><strong>etsoec</strong></span> <span class='ocrx_word' id='word_1_83' title='bbox 1418 1209 1787 1259; x_wconf 65' lang='lat' dir='ltr'><strong>subcinericium.</strong></span> <span class='ocrx_word' id='word_1_84' title='bbox 1857 1210 1930 1259; x_wconf 84' lang='lat' dir='ltr'><strong>Et</strong></span> 
     </span>
     <span class='ocr_line' id='line_1_13' title="bbox 464 1276 1929 1339; baseline -0.002 -10"><span class='ocrx_word' id='word_1_85' title='bbox 464 1280 535 1329; x_wconf 80' lang='lat' dir='ltr'><strong>ad</strong></span> <span class='ocrx_word' id='word_1_86' title='bbox 550 1287 809 1327; x_wconf 78' lang='lat' dir='ltr'><strong>armentum</strong></span> <span class='ocrx_word' id='word_1_87' title='bbox 826 1276 1031 1326; x_wconf 71' lang='lat' dir='ltr'><strong>cuam-it</strong></span> <span class='ocrx_word' id='word_1_88' title='bbox 1051 1285 1098 1325; x_wconf 74' lang='lat' dir='ltr'><strong>at</strong></span> <span class='ocrx_word' id='word_1_89' title='bbox 1111 1276 1307 1339; x_wconf 73' lang='lat' dir='ltr'><strong>sumpsit</strong></span> <span class='ocrx_word' id='word_1_90' title='bbox 1323 1276 1516 1327; x_wconf 69' lang='lat' dir='ltr'><strong>vitulum</strong></span> <span class='ocrx_word' id='word_1_91' title='bbox 1535 1286 1753 1339; x_wconf 64' lang='lat' dir='ltr'><strong>tenerum,</strong></span> <span class='ocrx_word' id='word_1_92' title='bbox 1777 1276 1929 1327; x_wconf 72' lang='lat' dir='ltr'><strong>dedit·</strong></span> 
     </span>
     <span class='ocr_line' id='line_1_14' title="bbox 463 1343 1762 1411; baseline 0 -16"><span class='ocrx_word' id='word_1_93' title='bbox 463 1363 553 1409; x_wconf 78' lang='lat' dir='ltr'><strong>que</strong></span> <span class='ocrx_word' id='word_1_94' title='bbox 564 1362 741 1409; x_wconf 79' lang='lat' dir='ltr'><strong>puero,</strong></span> <span class='ocrx_word' id='word_1_95' title='bbox 776 1353 821 1393; x_wconf 81' lang='lat' dir='ltr'><strong>et</strong></span> <span class='ocrx_word' id='word_1_96' title='bbox 832 1343 1296 1407; x_wconf 72' lang='lat' dir='ltr'><strong>properwitfacem</strong></span> <span class='ocrx_word' id='word_1_97' title='bbox 1312 1344 1490 1393; x_wconf 77' lang='lat' dir='ltr'><strong>illud.“</strong></span> <span class='ocrx_word' id='word_1_98' title='bbox 1519 1347 1626 1411; x_wconf 89' lang='lat'>(18,</span> <span class='ocrx_word' id='word_1_99' title='bbox 1650 1346 1762 1405; x_wconf 66' lang='grc' dir='ltr'><strong>ὃς.)</strong></span> 
     </span>
    </p>
   </div>
   <div class='ocr_carea' id='block_1_5' title="bbox 325 1452 1938 2802">
    <p class='ocr_par' dir='ltr' id='par_1_5' title="bbox 326 1452 1935 2557">
     <span class='ocr_line' id='line_1_15' title="bbox 442 1452 1931 1523; baseline 0.002 -16"><span class='ocrx_word' id='word_1_100' title='bbox 442 1458 493 1507; x_wconf 92' lang='grc'><strong>8.</strong></span> <span class='ocrx_word' id='word_1_101' title='bbox 537 1454 682 1507; x_wconf 84' lang='lat' dir='ltr'><strong>Laus</strong></span> <span class='ocrx_word' id='word_1_102' title='bbox 714 1460 797 1507; x_wconf 87' lang='lat' dir='ltr'><strong>est</strong></span> <span class='ocrx_word' id='word_1_103' title='bbox 824 1452 963 1506; x_wconf 85' lang='lat' dir='ltr'><strong>haec</strong></span> <span class='ocrx_word' id='word_1_104' title='bbox 990 1452 1230 1523; x_wconf 82' lang='lat' dir='ltr'><strong>sapienti</strong></span> <span class='ocrx_word' id='word_1_105' title='bbox 1258 1452 1566 1509; x_wconf 90' lang='lat' dir='ltr'><strong>secundum</strong></span> <span class='ocrx_word' id='word_1_106' title='bbox 1595 1471 1762 1509; x_wconf 85' lang='lat' dir='ltr'><strong>unam</strong></span> <span class='ocrx_word' id='word_1_107' title='bbox 1793 1454 1931 1511; x_wconf 86' lang='lat' dir='ltr'><strong>alte-</strong></span> 
     </span>
     <span class='ocr_line' id='line_1_16' title="bbox 330 1527 1932 1603; baseline 0.001 -19"><span class='ocrx_word' id='word_1_108' title='bbox 330 1546 517 1584; x_wconf 88' lang='lat' dir='ltr'><strong>ramve</strong></span> <span class='ocrx_word' id='word_1_109' title='bbox 540 1527 961 1599; x_wconf 81' lang='lat' dir='ltr'><strong>apparitionem.</strong></span> <span class='ocrx_word' id='word_1_110' title='bbox 1040 1529 1179 1582; x_wconf 88' lang='lat' dir='ltr'><strong>Nam</strong></span> <span class='ocrx_word' id='word_1_111' title='bbox 1201 1528 1251 1582; x_wconf 86' lang='lat' dir='ltr'><strong>si</strong></span> <span class='ocrx_word' id='word_1_112' title='bbox 1278 1529 1428 1584; x_wconf 85' lang='lat' dir='ltr'><strong>viros</strong></span> <span class='ocrx_word' id='word_1_113' title='bbox 1457 1531 1779 1603; x_wconf 83' lang='lat' dir='ltr'><strong>peregrinos</strong></span> <span class='ocrx_word' id='word_1_114' title='bbox 1809 1531 1932 1585; x_wconf 82' lang='lat' dir='ltr'><strong>exi-</strong></span> 
     </span>
     <span class='ocr_line' id='line_1_17' title="bbox 330 1602 1932 1676; baseline 0.001 -18"><span class='ocrx_word' id='word_1_115' title='bbox 330 1604 577 1659; x_wconf 84' lang='lat' dir='ltr'><strong>stimavit</strong></span> <span class='ocrx_word' id='word_1_116' title='bbox 600 1602 668 1657; x_wconf 84' lang='lat' dir='ltr'><strong>ad</strong></span> <span class='ocrx_word' id='word_1_117' title='bbox 689 1620 749 1657; x_wconf 89' lang='lat' dir='ltr'><strong>se</strong></span> <span class='ocrx_word' id='word_1_118' title='bbox 779 1603 1090 1667; x_wconf 76' lang='lat' dir='ltr'><strong>venienteS,</strong></span> <span class='ocrx_word' id='word_1_119' title='bbox 1113 1603 1184 1658; x_wconf 89' lang='lat' dir='ltr'><strong>de</strong></span> <span class='ocrx_word' id='word_1_120' title='bbox 1203 1603 1544 1659; x_wconf 83' lang='lat' dir='ltr'><strong>humanitate</strong></span> <span class='ocrx_word' id='word_1_121' title='bbox 1565 1613 1619 1659; x_wconf 89' lang='lat' dir='ltr'><strong>et</strong></span> <span class='ocrx_word' id='word_1_122' title='bbox 1637 1604 1932 1676; x_wconf 85' lang='lat' dir='ltr'><strong>hospitali-</strong></span> 
     </span>
     <span class='ocr_line' id='line_1_18' title="bbox 328 1677 1932 1745; baseline 0.001 -11"><span class='ocrx_word' id='word_1_123' title='bbox 328 1689 437 1734; x_wconf 85' lang='lat' dir='ltr'><strong>tate</strong></span> <span class='ocrx_word' id='word_1_124' title='bbox 468 1677 757 1733; x_wconf 86' lang='lat' dir='ltr'><strong>mirandus</strong></span> <span class='ocrx_word' id='word_1_125' title='bbox 790 1686 899 1745; x_wconf 87' lang='lat' dir='ltr'><strong>est;</strong></span> <span class='ocrx_word' id='word_1_126' title='bbox 959 1678 1009 1732; x_wconf 89' lang='lat' dir='ltr'><strong>si</strong></span> <span class='ocrx_word' id='word_1_127' title='bbox 1047 1696 1179 1734; x_wconf 80' lang='lat' dir='ltr'><strong>vero</strong></span> <span class='ocrx_word' id='word_1_128' title='bbox 1214 1678 1382 1733; x_wconf 87' lang='lat' dir='ltr'><strong>deum</strong></span> <span class='ocrx_word' id='word_1_129' title='bbox 1419 1678 1711 1735; x_wconf 81' lang='lat' dir='ltr'><strong>advenisse</strong></span> <span class='ocrx_word' id='word_1_130' title='bbox 1750 1689 1932 1735; x_wconf 88' lang='lat' dir='ltr'><strong>ratum</strong></span> 
     </span>
     <span class='ocr_line' id='line_1_19' title="bbox 327 1753 1933 1826; baseline 0 -17"><span class='ocrx_word' id='word_1_131' title='bbox 327 1753 525 1810; x_wconf 88' lang='lat' dir='ltr'><strong>habuit</strong></span> <span class='ocrx_word' id='word_1_132' title='bbox 554 1772 665 1809; x_wconf 84' lang='lat' dir='ltr'><strong>una</strong></span> <span class='ocrx_word' id='word_1_133' title='bbox 693 1771 821 1808; x_wconf 89' lang='lat' dir='ltr'><strong>cum</strong></span> <span class='ocrx_word' id='word_1_134' title='bbox 851 1753 1030 1826; x_wconf 88' lang='lat' dir='ltr'><strong>ipsius</strong></span> <span class='ocrx_word' id='word_1_135' title='bbox 1065 1755 1263 1825; x_wconf 86' lang='lat' dir='ltr'><strong>primis</strong></span> <span class='ocrx_word' id='word_1_136' title='bbox 1293 1754 1622 1819; x_wconf 86' lang='lat' dir='ltr'><strong>virtutibus,</strong></span> <span class='ocrx_word' id='word_1_137' title='bbox 1667 1753 1933 1809; x_wconf 87' lang='lat' dir='ltr'><strong>felicissi-</strong></span> 
     </span>
     <span class='ocr_line' id='line_1_20' title="bbox 328 1828 1932 1901; baseline 0 -16"><span class='ocrx_word' id='word_1_138' title='bbox 328 1848 453 1886; x_wconf 83' lang='lat' dir='ltr'><strong>mus</strong></span> <span class='ocrx_word' id='word_1_139' title='bbox 483 1838 567 1887; x_wconf 86' lang='lat' dir='ltr'><strong>est</strong></span> <span class='ocrx_word' id='word_1_140' title='bbox 593 1830 885 1886; x_wconf 85' lang='lat' dir='ltr'><strong>dicendus.</strong></span> <span class='ocrx_word' id='word_1_141' title='bbox 964 1828 1287 1884; x_wconf 85' lang='lat' dir='ltr'><strong>Secundum</strong></span> <span class='ocrx_word' id='word_1_142' title='bbox 1318 1828 1504 1900; x_wconf 88' lang='lat' dir='ltr'><strong>itaque</strong></span> <span class='ocrx_word' id='word_1_143' title='bbox 1530 1830 1932 1901; x_wconf 76' lang='lat' dir='ltr'><strong>apparitionem</strong></span> 
     </span>
     <span class='ocr_line' id='line_1_21' title="bbox 329 1904 1932 1979; baseline -0.001 -18"><span class='ocrx_word' id='word_1_144' title='bbox 329 1908 574 1962; x_wconf 88' lang='lat' dir='ltr'><strong>virorum</strong></span> <span class='ocrx_word' id='word_1_145' title='bbox 603 1907 1021 1979; x_wconf 79' lang='lat' dir='ltr'><strong>peregrinorum</strong></span> <span class='ocrx_word' id='word_1_146' title='bbox 1051 1904 1442 1977; x_wconf 76' lang='lat' dir='ltr'><strong>hospitalitatis</strong></span> <span class='ocrx_word' id='word_1_147' title='bbox 1467 1920 1672 1959; x_wconf 87' lang='lat' dir='ltr'><strong>munus</strong></span> <span class='ocrx_word' id='word_1_148' title='bbox 1699 1922 1932 1961; x_wconf 87' lang='lat' dir='ltr'><strong>exercu-</strong></span> 
     </span>
     <span class='ocr_line' id='line_1_22' title="bbox 327 1980 1934 2054; baseline 0 -19"><span class='ocrx_word' id='word_1_149' title='bbox 327 1983 439 2035; x_wconf 82' lang='lat' dir='ltr'><strong>isse</strong></span> <span class='ocrx_word' id='word_1_150' title='bbox 468 1982 703 2052; x_wconf 87' lang='lat' dir='ltr'><strong>putandi</strong></span> <span class='ocrx_word' id='word_1_151' title='bbox 732 1989 863 2035; x_wconf 86' lang='lat' dir='ltr'><strong>sunt</strong></span> <span class='ocrx_word' id='word_1_152' title='bbox 887 1980 1166 2035; x_wconf 82' lang='lat' dir='ltr'><strong>Abraham</strong></span> <span class='ocrx_word' id='word_1_153' title='bbox 1195 1987 1249 2054; x_wconf 86' lang='lat' dir='ltr'><strong>et</strong></span> <span class='ocrx_word' id='word_1_154' title='bbox 1275 1994 1416 2033; x_wconf 82' lang='lat' dir='ltr'><strong>uxor</strong></span> <span class='ocrx_word' id='word_1_155' title='bbox 1442 1986 1496 2034; x_wconf 91' lang='lat' dir='ltr'><strong>et</strong></span> <span class='ocrx_word' id='word_1_156' title='bbox 1519 1996 1686 2050; x_wconf 89' lang='lat' dir='ltr'><strong>puer;</strong></span> <span class='ocrx_word' id='word_1_157' title='bbox 1731 1996 1934 2035; x_wconf 89' lang='lat' dir='ltr'><strong>secun-</strong></span> 
     </span>
     <span class='ocr_line' id='line_1_23' title="bbox 327 2052 1934 2126; baseline 0.001 -17"><span class='ocrx_word' id='word_1_158' title='bbox 327 2055 461 2109; x_wconf 89' lang='lat' dir='ltr'><strong>dum</strong></span> <span class='ocrx_word' id='word_1_159' title='bbox 482 2072 615 2108; x_wconf 82' lang='lat' dir='ltr'><strong>vero</strong></span> <span class='ocrx_word' id='word_1_160' title='bbox 634 2055 695 2107; x_wconf 88' lang='lat' dir='ltr'><strong>id</strong></span> <span class='ocrx_word' id='word_1_161' title='bbox 714 2054 865 2123; x_wconf 89' lang='lat' dir='ltr'><strong>quod</strong></span> <span class='ocrx_word' id='word_1_162' title='bbox 886 2064 1118 2125; x_wconf 85' lang='lat' dir='ltr'><strong>egerunt</strong></span> <span class='ocrx_word' id='word_1_163' title='bbox 1138 2070 1267 2126; x_wconf 81' lang='lat' dir='ltr'><strong>erga</strong></span> <span class='ocrx_word' id='word_1_164' title='bbox 1288 2052 1510 2109; x_wconf 84' lang='lat' dir='ltr'><strong>divinas</strong></span> <span class='ocrx_word' id='word_1_165' title='bbox 1529 2055 1764 2109; x_wconf 80' lang='lat' dir='ltr'><strong>virtutes</strong></span> <span class='ocrx_word' id='word_1_166' title='bbox 1780 2097 1792 2121; x_wconf 88' lang='lat'>,</span> <span class='ocrx_word' id='word_1_167' title='bbox 1823 2072 1934 2111; x_wconf 88' lang='lat' dir='ltr'><strong>non</strong></span> 
     </span>
     <span class='ocr_line' id='line_1_24' title="bbox 328 2128 1934 2201; baseline 0.002 -19"><span class='ocrx_word' id='word_1_168' title='bbox 328 2128 569 2199; x_wconf 81' lang='lat' dir='ltr'><strong>amplius</strong></span> <span class='ocrx_word' id='word_1_169' title='bbox 590 2128 843 2181; x_wconf 84' lang='lat' dir='ltr'><strong>homines</strong></span> <span class='ocrx_word' id='word_1_170' title='bbox 863 2136 993 2182; x_wconf 86' lang='lat' dir='ltr'><strong>sunt</strong></span> <span class='ocrx_word' id='word_1_171' title='bbox 1012 2128 1237 2183; x_wconf 88' lang='lat' dir='ltr'><strong>dicendi</strong></span> <span class='ocrx_word' id='word_1_172' title='bbox 1258 2128 1562 2201; x_wconf 83' lang='lat' dir='ltr'><strong>hospitales</strong></span> <span class='ocrx_word' id='word_1_173' title='bbox 1576 2168 1589 2194; x_wconf 87' lang='lat'>‚</span> <span class='ocrx_word' id='word_1_174' title='bbox 1631 2128 1731 2184; x_wconf 81' lang='lat' dir='ltr'><strong>sed</strong></span> <span class='ocrx_word' id='word_1_175' title='bbox 1749 2130 1934 2185; x_wconf 86' lang='lat' dir='ltr'><strong>incor-</strong></span> 
     </span>
     <span class='ocr_line' id='line_1_25' title="bbox 326 2202 1934 2276; baseline 0.003 -21"><span class='ocrx_word' id='word_1_176' title='bbox 326 2203 503 2273; x_wconf 89' lang='lat' dir='ltr'><strong>porei.</strong></span> <span class='ocrx_word' id='word_1_177' title='bbox 555 2202 672 2256; x_wconf 89' lang='lat' dir='ltr'><strong>Viri</strong></span> <span class='ocrx_word' id='word_1_178' title='bbox 694 2208 877 2255; x_wconf 86' lang='lat' dir='ltr'><strong>autem</strong></span> <span class='ocrx_word' id='word_1_179' title='bbox 898 2208 952 2256; x_wconf 88' lang='lat' dir='ltr'><strong>et</strong></span> <span class='ocrx_word' id='word_1_180' title='bbox 970 2204 1162 2257; x_wconf 86' lang='lat' dir='ltr'><strong>uxoris</strong></span> <span class='ocrx_word' id='word_1_181' title='bbox 1183 2202 1384 2258; x_wconf 80' lang='lat' dir='ltr'><strong>formas</strong></span> <span class='ocrx_word' id='word_1_182' title='bbox 1405 2206 1488 2259; x_wconf 86' lang='lat' dir='ltr'><strong>sic</strong></span> <span class='ocrx_word' id='word_1_183' title='bbox 1509 2205 1726 2276; x_wconf 83' lang='lat' dir='ltr'><strong>accipe:</strong></span> <span class='ocrx_word' id='word_1_184' title='bbox 1757 2222 1934 2260; x_wconf 88' lang='lat' dir='ltr'><strong>unum</strong></span> 
     </span>
     <span class='ocr_line' id='line_1_26' title="bbox 328 2275 1935 2350; baseline 0.002 -19"><span class='ocrx_word' id='word_1_185' title='bbox 328 2284 391 2331; x_wconf 89' lang='lat' dir='ltr'><strong>ut</strong></span> <span class='ocrx_word' id='word_1_186' title='bbox 418 2275 734 2349; x_wconf 79' lang='lat' dir='ltr'><strong>symbolum</strong></span> <span class='ocrx_word' id='word_1_187' title='bbox 763 2276 934 2329; x_wconf 87' lang='lat' dir='ltr'><strong>animi</strong></span> <span class='ocrx_word' id='word_1_188' title='bbox 963 2278 1282 2347; x_wconf 83' lang='lat' dir='ltr'><strong>purissimi,</strong></span> <span class='ocrx_word' id='word_1_189' title='bbox 1333 2281 1433 2350; x_wconf 89' lang='lat' dir='ltr'><strong>qui</strong></span> <span class='ocrx_word' id='word_1_190' title='bbox 1463 2279 1740 2335; x_wconf 84' lang='lat' dir='ltr'><strong>Abraham</strong></span> <span class='ocrx_word' id='word_1_191' title='bbox 1769 2297 1935 2337; x_wconf 87' lang='lat' dir='ltr'><strong>voce-</strong></span> 
     </span>
     <span class='ocr_line' id='line_1_27' title="bbox 328 2350 1934 2426; baseline 0.001 -19"><span class='ocrx_word' id='word_1_192' title='bbox 328 2361 445 2417; x_wconf 83' lang='lat' dir='ltr'><strong>tur,</strong></span> <span class='ocrx_word' id='word_1_193' title='bbox 488 2361 545 2407; x_wconf 87' lang='lat' dir='ltr'><strong>et</strong></span> <span class='ocrx_word' id='word_1_194' title='bbox 570 2351 823 2416; x_wconf 80' lang='lat' dir='ltr'><strong>alteram,</strong></span> <span class='ocrx_word' id='word_1_195' title='bbox 873 2350 1267 2421; x_wconf 82' lang='lat' dir='ltr'><strong>perfectionem</strong></span> <span class='ocrx_word' id='word_1_196' title='bbox 1301 2354 1554 2419; x_wconf 82' lang='lat' dir='ltr'><strong>virtutis,</strong></span> <span class='ocrx_word' id='word_1_197' title='bbox 1597 2370 1742 2426; x_wconf 85' lang='lat' dir='ltr'><strong>quae</strong></span> <span class='ocrx_word' id='word_1_198' title='bbox 1771 2354 1934 2410; x_wconf 85' lang='lat' dir='ltr'><strong>Sarra</strong></span> 
     </span>
     <span class='ocr_line' id='line_1_28' title="bbox 330 2421 1935 2557; baseline 0.002 -75"><span class='ocrx_word' id='word_1_199' title='bbox 330 2425 409 2557; x_wconf 53' lang='lat' dir='ltr'><strong>ff]</strong></span> <span class='ocrx_word' id='word_1_200' title='bbox 444 2428 685 2495; x_wconf 85' lang='lat' dir='ltr'><strong>dicatur3</strong></span> <span class='ocrx_word' id='word_1_201' title='bbox 730 2421 875 2480; x_wconf 63' lang='lat' dir='ltr'><strong>illuid</strong></span> <span class='ocrx_word' id='word_1_202' title='bbox 905 2434 1116 2491; x_wconf 82' lang='lat' dir='ltr'><strong>autem,</strong></span> <span class='ocrx_word' id='word_1_203' title='bbox 1159 2427 1309 2497; x_wconf 90' lang='lat' dir='ltr'><strong>quod</strong></span> <span class='ocrx_word' id='word_1_204' title='bbox 1338 2430 1674 2498; x_wconf 84' lang='lat' dir='ltr'><strong>prolativum</strong></span> <span class='ocrx_word' id='word_1_205' title='bbox 1701 2438 1786 2485; x_wconf 85' lang='lat' dir='ltr'><strong>est</strong></span> <span class='ocrx_word' id='word_1_206' title='bbox 1807 2447 1935 2485; x_wconf 85' lang='lat' dir='ltr'><strong>ver-</strong></span> 
     </span>
    </p>

    <p class='ocr_par' dir='ltr' id='par_1_6' title="bbox 325 2500 1938 2802">
     <span class='ocr_line' id='line_1_29' title="bbox 366 2500 1936 2574; baseline 0.003 -19"><span class='ocrx_word' id='word_1_207' title='bbox 366 2519 493 2567; x_wconf 90' lang='lat' dir='ltr'><strong>um,</strong></span> <span class='ocrx_word' id='word_1_208' title='bbox 537 2520 679 2574; x_wconf 87' lang='lat' dir='ltr'><strong>puer</strong></span> <span class='ocrx_word' id='word_1_209' title='bbox 698 2501 716 2574; x_wconf 96' lang='lat'>(</span> <span class='ocrx_word' id='word_1_210' title='bbox 726 2508 787 2556; x_wconf 91' lang='lat' dir='ltr'><strong>ut</strong></span> <span class='ocrx_word' id='word_1_211' title='bbox 805 2500 1086 2573; x_wconf 85' lang='lat' dir='ltr'><strong>minister)</strong></span> <span class='ocrx_word' id='word_1_212' title='bbox 1108 2501 1446 2572; x_wconf 80' lang='lat' dir='ltr'><strong>appeliatum</strong></span> <span class='ocrx_word' id='word_1_213' title='bbox 1473 2512 1570 2558; x_wconf 89' lang='lat' dir='ltr'><strong>est.</strong></span> <span class='ocrx_word' id='word_1_214' title='bbox 1651 2505 1936 2560; x_wconf 85' lang='lat' dir='ltr'><strong>Festinant</strong></span> 
     </span>
     <span class='ocr_line' id='line_1_30' title="bbox 328 2576 1930 2647; baseline 0.004 -18"><span class='ocrx_word' id='word_1_215' title='bbox 328 2585 513 2631; x_wconf 84' lang='lat' dir='ltr'><strong>autem</strong></span> <span class='ocrx_word' id='word_1_216' title='bbox 532 2576 778 2632; x_wconf 85' lang='lat' dir='ltr'><strong>studiose</strong></span> <span class='ocrx_word' id='word_1_217' title='bbox 796 2579 1029 2647; x_wconf 80' lang='lat' dir='ltr'><strong>sineque</strong></span> <span class='ocrx_word' id='word_1_218' title='bbox 1049 2576 1397 2629; x_wconf 85' lang='lat' dir='ltr'><strong>cunctatione</strong></span> <span class='ocrx_word' id='word_1_219' title='bbox 1417 2579 1636 2633; x_wconf 83' lang='lat' dir='ltr'><strong>animus</strong></span> <span class='ocrx_word' id='word_1_220' title='bbox 1657 2587 1713 2633; x_wconf 89' lang='lat' dir='ltr'><strong>et</strong></span> <span class='ocrx_word' id='word_1_221' title='bbox 1732 2580 1930 2645; x_wconf 81' lang='lat' dir='ltr'><strong>virtue,</strong></span> 
     </span>
     <span class='ocr_line' id='line_1_31' title="bbox 330 2650 1937 2723; baseline 0.004 -21"><span class='ocrx_word' id='word_1_222' title='bbox 330 2651 697 2706; x_wconf 83' lang='lat' dir='ltr'><strong>accelerantes</strong></span> <span class='ocrx_word' id='word_1_223' title='bbox 726 2651 797 2706; x_wconf 83' lang='lat' dir='ltr'><strong>ad</strong></span> <span class='ocrx_word' id='word_1_224' title='bbox 825 2652 1094 2723; x_wconf 82' lang='lat' dir='ltr'><strong>placitum</strong></span> <span class='ocrx_word' id='word_1_225' title='bbox 1127 2658 1184 2704; x_wconf 85' lang='lat' dir='ltr'><strong>et</strong></span> <span class='ocrx_word' id='word_1_226' title='bbox 1210 2650 1584 2706; x_wconf 82' lang='lat' dir='ltr'><strong>ministerium</strong></span> <span class='ocrx_word' id='word_1_227' title='bbox 1623 2653 1716 2709; x_wconf 88' lang='lat' dir='ltr'><strong>dei</strong></span> <span class='ocrx_word' id='word_1_228' title='bbox 1755 2656 1937 2709; x_wconf 82' lang='lat' dir='ltr'><strong>virtu-</strong></span> 
     </span>
     <span class='ocr_line' id='line_1_32' title="bbox 325 2725 1938 2802; baseline 0.005 -25"><span class='ocrx_word' id='word_1_229' title='bbox 325 2731 558 2795; x_wconf 87' lang='lat' dir='ltr'><strong>tumque</strong></span> <span class='ocrx_word' id='word_1_230' title='bbox 586 2725 735 2780; x_wconf 83' lang='lat' dir='ltr'><strong>eius:</strong></span> <span class='ocrx_word' id='word_1_231' title='bbox 787 2727 862 2780; x_wconf 89' lang='lat' dir='ltr'><strong>ita</strong></span> <span class='ocrx_word' id='word_1_232' title='bbox 888 2734 949 2781; x_wconf 89' lang='lat' dir='ltr'><strong>ut</strong></span> <span class='ocrx_word' id='word_1_233' title='bbox 980 2725 1198 2780; x_wconf 81' lang='lat' dir='ltr'><strong>animus</strong></span> <span class='ocrx_word' id='word_1_234' title='bbox 1215 2727 1518 2796; x_wconf 85' lang='lat' dir='ltr'><strong>praepositi</strong></span> <span class='ocrx_word' id='word_1_235' title='bbox 1537 2744 1688 2785; x_wconf 87' lang='lat' dir='ltr'><strong>more</strong></span> <span class='ocrx_word' id='word_1_236' title='bbox 1708 2736 1864 2802; x_wconf 82' lang='lat' dir='ltr'><strong>regat</strong></span> <span class='ocrx_word' id='word_1_237' title='bbox 1883 2738 1938 2785; x_wconf 87' lang='lat' dir='ltr'><strong>et</strong></span> 
     </span>
    </p>
   </div>
  </div>
 </body>
</html>
