2125 3084
289 164 391 220 228
525 168 723 213 PHIL.
762 166 907 212 mn.
948 166 1271 224 QUAEs'r.
1309 166 1408 213 ET
1457 168 1613 213 son.
1655 162 1742 228 [11,
1765 163 1884 227 397]

295 302 370 367 [³]
398 299 557 357 Quare
576 300 875 362 aedificando
893 300 990 349 illic
1012 300 1232 349 altarium
1244 335 1257 360 ‚
1289 316 1382 349 non
1401 300 1566 349 obtulit
1582 302 1879 364 sacrificium,

425 367 515 500 {Ze}
543 368 759 499 ἰέυὲἶαιο
794 368 975 417 nomine
1012 366 1191 416 domini
1205 367 1325 427 fivit
1352 368 1701 417 tabernaculum
1725 374 1887 418 eumn?

521 470 535 495 ,
644 470 655 483 .

404 532 451 575 6.
509 524 767 575 Sacrificia
792 539 913 589 prae
940 526 1173 575 omnibus
1201 525 1345 574 bonis
1381 525 1490 573 sine
1527 527 1797 587 sang-uine,
1835 530 1887 575 'et

291 595 493 643 victima
520 594 811 641 animalium
836 606 1110 656 pronorum
1135 592 1448 655 participatio
1469 592 1743 653 sapientiae
1763 593 1884 641 alie·

291 677 468 711 narum
497 675 607 709 esse
636 660 873 720 credunt,
909 655 994 722 qui
1020 674 1146 723 puro
1169 666 1372 723 pectore
1397 658 1595 721 placere
1623 659 1716 708 deo
1753 660 1884 708 desi-

292 730 492 788 derant,
536 728 679 777 cuius
706 728 868 791 gratia
894 726 1124 776 sufficere
1152 726 1309 775 credit
1334 726 1882 776 invocationis-autoris

290 797 549 855 virtutem,
588 810 689 857 qua
711 794 945 858 princeps
962 802 1115 858 atque
1135 794 1417 843 dominator
1436 793 1880 854 estnniversitatis,

290 864 475 914 nullius
496 877 667 926 egens·
735 862 815 911 Ita
832 862 935 911 illic
953 860 1106 925 figere
1125 862 1306 909 dicitur
1324 862 1699 914 tabernaculum
1716 875 1880 921 eumn,

292 946 435 981 suam
454 943 635 993 nempe
652 930 881 979 virtutem
894 964 907 988 ‚
945 929 997 977 in
1017 943 1118 991 qua
1133 928 1323 992 puritas
1340 928 1430 979 illa
1447 928 1643 978 animae
1661 928 1886 979 inhabita

292 1006 627 1049 commoratur
657 1001 829 1061 (marq.
856 996 1138 1047 inhabitare
1165 996 1638 1057 commemoratur),
1679 996 1886 1046 firmiter

293 1068 457 1116 sciens
471 1102 485 1127 ‚
525 1065 781 1115 dominum
806 1065 1154 1113 universorum
1179 1063 1458 1127 principem
1492 1064 1600 1116 sine
1634 1065 1740 1113 ulla
1775 1080 1886 1114 esse

290 1134 517 1198 penuria.
589 1131 634 1183 O
654 1148 781 1196 pura
806 1132 1098 1193 credulitaS,
1137 1146 1266 1195 quae
1293 1132 1452 1181 factas
1477 1132 1672 1197 pridem
1688 1132 1887 1197 frugum

293 1202 591 1251 centesimas
612 1200 829 1249 excellit.

301 1332 461 1391 Quare
505 1344 619 1397 post
673 1341 891 1396 quartam
941 1334 1079 1397 putei
1118 1334 1365 1398 fossuram
1417 1349 1450 1381 a
1499 1334 1664 1397 pueris
1692 1334 1886 1398 saetam

426 1400 539 1449 exiit
582 1399 853 1449 Abimelech
898 1400 967 1449 ad
1008 1416 1132 1463 eum,
1191 1410 1236 1450 et
1281 1400 1416 1449 ΔοῘιο
1467 1402 1656 1464 (marg.
1691 1400 1885 1464 Acoza)

430 1466 629 1515 thalami
674 1468 997 1531 praepositus,
1054 1478 1101 1517 et
1153 1466 1340 1517 Phiela>
1385 1467 1610 1532 princeps
1662 1467 1889 1517 militiae?

430 1536 536 1600 (26,
576 1536 683 1596 26.)

404 1623 451 1669 7.
488 1618 735 1667 Videntur
750 1620 873 1668 mihi
891 1620 1234 1682 exploratores
1251 1619 1418 1681 potius
1431 1654 1444 1679 ,
1486 1634 1637 1681 quam
1663 1634 1755 1683 pro
1781 1620 1888 1669 foe-

294 1689 412 1737 dere
440 1687 773 1735 amicitiarum
800 1688 1060 1737 advenisse
1074 1722 1088 1749 ,
1125 1686 1180 1737 in
1207 1693 1422 1749 utroque
1447 1688 1610 1749 parati
1646 1688 1708 1735 ad
1743 1702 1888 1750 prae-

292 1756 441 1814 lium,
482 1755 524 1802 si
560 1751 810 1803 infirmum
838 1755 1075 1804 viderint:
1129 1754 1194 1802 ad
1219 1768 1425 1817 pacem,
1463 1754 1506 1802 ei
1533 1755 1884 1817 potentiorem.

297 1820 461 1871 Sensu
496 1828 664 1871 tamen
690 1822 935 1871 subtiliori
963 1822 1256 1885 intelligitur
1283 1828 1514 1883 quartus,
1557 1829 1612 1870 ut
1640 1830 1809 1870 tamen
1835 1823 1891 1870 in

292 1890 513 1939 numeris
550 1890 763 1953 insignis
802 1898 903 1951 est,
940 1890 994 1938 in
1032 1903 1134 1953 quo
1173 1888 1472 1938 constitutus
1509 1889 1763 1938 studiosus
1797 1904 1892 1952 per

295 1971 495 2006 omnem
530 1957 822 2007 felicitatem
856 1958 1160 2021 provehitur.
1257 1955 1494 2019 Sequitur
1532 1964 1701 2005 tamen
1735 1957 1891 2005 etiam

294 2025 437 2073 valde
464 2025 687 2087 perfecto
716 2026 965 2075 contraria
990 2026 1145 2073 virtus
1173 2024 1498 2088 praestolanti
1527 2031 1578 2073 et
1606 2024 1890 2073 observanti

295 2094 360 2140 ad
386 2093 754 2144 incurrendum.
826 2092 895 2141 Et
920 2100 995 2141 est
1018 2092 1166 2141 huius
1185 2092 1423 2142 fortitudo
1443 2099 1541 2141 tres
1559 2093 1757 2141 animae
1775 2106 1890 2155 par·

296 2167 398 2209 tes:
455 2162 635 2209 mentis
664 2174 875 2207 acumen
903 2160 1225 2219 rationabile,
1263 2167 1314 2208 et
1336 2160 1654 2219 animositas,
1693 2167 1742 2207 et
1759 2160 1891 2207 desi-

296 2228 505 2275 derium.
576 2228 674 2275 Pro
704 2227 934 2275 acumine
965 2228 1170 2290 quidem
1191 2230 1363 2290 (mar-9.
1389 2226 1530 2289 ergo)
1548 2240 1664 2289 rex,
1697 2227 1890 2275 animo-

300 2296 444 2343 sitate
463 2294 695 2357 princeps
714 2294 924 2343 militiae
936 2328 951 2353 ,
980 2295 1390 2356 concupiscentia
1407 2293 1620 2343 Phichol
1632 2328 1646 2354 ,
1675 2294 1762 2355 qui
1777 2294 1909 2342 libi--

298 2362 427 2409 dinis
452 2362 639 2409 videtur
658 2375 767 2409 esse
784 2361 1027 2423 provisor.
1101 2360 1361 2410 Ocholach
1385 2362 1588 2424 quidem
1605 2375 1762 2424 regna
1777 2375 1892 2423 par-

299 2436 473 2477 centur
501 2430 677 2491 (mary.
704 2428 957 2491 patenter)
984 2443 1050 2477 ex
1075 2434 1285 2490 utraque
1309 2444 1463 2479 manu
1491 2429 1703 2492 stipatus
1716 2463 1730 2487 ,
1771 2428 1891 2476 hinc

298 2502 448 2557 atque
466 2495 583 2543 hinc
602 2510 694 2545 suo
714 2502 943 2558 protectu
958 2495 1304 2557 prohibundus
1318 2531 1331 2555 ,
1361 2497 1618 2545 obtinente
1638 2496 1772 2545 enim
1794 2496 1892 2543 irae

299 2562 482 2608 cundia
508 2569 564 2609 ut
587 2564 819 2626 princeps
846 2564 1054 2612 militiae
1087 2570 1345 2625 operatur,
1383 2578 1443 2611 eo
1473 2563 1687 2626 amplius
1715 2564 1893 2625 pandi-

299 2640 410 2674 mus
450 2626 637 2675 dictum
674 2644 739 2677 ex
770 2631 1031 2677 nominum
1073 2630 1421 2689 translatione,
1483 2638 1560 2679 est
1593 2628 1894 2679 Abimelech

299 2692 451 2739 Alido
482 2693 655 2755 (marg).
689 2693 971 2755 Ocholach)
986 2732 999 2756 ,
1035 2696 1247 2745 Phichol
1273 2698 1585 2747 iuracundia.
