2125 3084
17 232 29 245 ·
128 173 217 239 [IL
246 170 375 237 200.]
500 177 585 223 ΙΝ
620 177 977 224 GENESIN.
1014 181 1270 229 smum
1305 183 1393 229 m.
1687 184 1754 236 29

130 277 535 410 laetditgrossen
580 277 771 333 verbis
800 287 895 335 aut
921 278 1092 335 rebus
1105 322 1119 344 ‚
1173 291 1337 355 atque
1365 284 1578 357 aliquid
1617 289 1752 345 mali

132 370 201 423 pa
222 370 281 407 ia
387 393 399 405 .

182 491 353 550 Qum-e
386 492 511 543 dubit
546 491 619 541 ad
647 492 777 541 ι’Πωιι
812 492 1038 557 ‹mqelme
1101 496 1292 561 „Aqar
1308 498 1484 549 unciae
1515 500 1702 565 Sarae,

408 558 537 609 made
571 560 735 609 venis?
786 569 833 609 et
867 577 960 624 quo
993 560 1214 612 naohzw
1257 565 1368 629 (16,
1407 568 1484 630 8.)

242 674 340 725 28.
382 669 595 723 Littera
613 668 757 725 nihil
776 686 919 741 opus
946 670 1118 727 habet
1143 676 1512 745 expositionis
1525 717 1540 739 ‚
1581 680 1752 733 nimis

130 748 287 800 enim
330 744 483 799 clara
514 752 619 800 eet.
696 742 785 799 Ad
812 754 1055 801 mentem
1083 764 1216 803 vero
1245 752 1514 821 asperitas
1543 750 1754 823 (expri-

128 818 356 890 mitur);
408 818 673 889 quoniam
701 820 1098 877 instructivum
1127 831 1211 878 eet
1235 824 1472 881 verbum
1489 825 1750 883 divinum

128 904 185 949 et
204 892 551 949 infirmitatis
570 894 791 949 animae
807 895 1082 955 medicus.
1153 898 1299 954 Dicit
1315 917 1348 955 e
1413 916 1450 956 o
1467 900 1540 955 ad
1557 901 1742 957 illam:

19 968 21 973 ’
132 971 291 1024 Unde
312 967 499 1024 venis?
544 970 729 1026 neseis
756 970 899 1041 quid
922 970 1057 1027 boni
1081 971 1378 1031 deseruisti
1467 977 1747 1048 numquid

124 1060 336 1098 manen
356 1059 419 1097 es
438 1050 491 1097 et
508 1042 707 1099 eeeea?
730 1060 843 1099 non
862 1047 1011 1101 enim
1032 1046 1196 1103 video
1213 1065 1458 1119 prorsus,
1483 1060 1746 1106 etsensus

126 1118 359 1173 habens
397 1134 503 1172 non
540 1120 715 1174 sentis
728 1159 741 1183 ,
784 1128 951 1191 atque
986 1122 1192 1175 mentis
1231 1125 1542 1193 portionem
1573 1125 1748 1182 ullam

130 1211 245 1249 non
286 1190 495 1247 hahere
530 1193 675 1248 mihi
703 1193 915 1252 videris
942 1203 1005 1251 ut
1032 1195 1285 1252 demens.
1361 1197 1618 1253 Attamen
1646 1216 1748 1267 quo

126 1266 327 1325 vadis?
364 1266 437 1322 de
454 1284 567 1339 qua
584 1267 859 1340 probitate
882 1270 943 1323 in
970 1287 1144 1341 quam
1161 1271 1482 1327 miseriam?
1517 1272 1588 1329 Ut
1605 1273 1746 1345 quid

130 1345 215 1398 sie
244 1344 473 1407 errasti,
514 1352 577 1398 ut
606 1342 773 1399 bonis
795 1360 941 1415 quae
960 1344 1023 1399 iri
1042 1346 1303 1401 manibus
1323 1346 1568 1405 habeba
1589 1348 1746 1404 abie-

132 1420 269 1483 ctis,
320 1420 619 1473 remotiora
653 1421 1068 1490 persequereris
1105 1420 1285 1477 bona?
1339 1422 1468 1479 Noli
1493 1432 1583 1487 tu,
1627 1424 1741 1479 noli

132 1495 365 1565 inquam
376 1534 391 1558 ‚
424 1493 563 1549 haee
579 1510 771 1567 agere:
822 1494 924 1549 sed
942 1496 1138 1551 insano
1157 1498 1368 1567 impetu
1387 1508 1642 1555 revocato
1665 1496 1739 1573 [Ἴ

130 1586 352 1624 recurre
382 1578 438 1624 et
462 1577 745 1625 revortere
770 1570 833 1623 in
860 1570 1095 1625 eandem
1113 1572 1292 1635 viam,
1333 1574 1634 1628 aestimans
1653 1591 1745 1627 sa-

132 1645 406 1716 pientiam
432 1644 541 1699 tibi
568 1643 851 1702 dominam
864 1685 881 1709 ,
916 1662 1088 1716 quam
1107 1656 1233 1708 ante
1251 1664 1476 1719 quoque
1495 1647 1744 1703 habebas

134 1718 471 1789 praefectam
489 1728 545 1777 et
566 1720 999 1791 procuratricem
1026 1722 1088 1776 in
1116 1722 1229 1786 eis,
1275 1738 1420 1793 quae
1447 1721 1745 1795 aggredie-

307 1932 1578 1999 &dm„AsaabSamedmem=-maeqo

736 2002 965 2067 suqio“?
1006 2002 1128 2067 (ib.)

240 2106 329 2159 29.
368 2102 657 2173 Sinceram
678 2102 924 2159 indolem
944 2103 1173 2158 laudare
1191 2120 1292 2175 par
1309 2104 1416 2159 erit
1433 2110 1488 2159 et
1506 2104 1741 2161 amicam

140 2178 387 2233 veritatis
424 2179 777 2244 existimar03
838 2178 1185 2249 proindeque
1215 2195 1454 2250 aequum
1483 2187 1568 2233 est
1593 2196 1742 2233 nunc

145 2252 425 2307 admittere
462 2252 823 2307 veracitatem
860 2253 1035 2307 animi
1073 2252 1294 2309 fatentis
1307 2294 1320 2317 ‚
1369 2270 1514 2324 quae
1540 2270 1742 2325 passus

144 2324 245 2381 es't:
292 2346 331 2382 a
348 2332 486 2396 facie
503 2326 660 2381 enim
678 2326 864 2397 inquit
876 2368 890 2390 ‚
921 2336 1057 2397 puta
1077 2345 1110 2381 a
1128 2328 1422 2399 superficie
1441 2328 1669 2382 virtutis
1690 2337 1745 2380 et

144 2401 439 2473 sapientiae
458 2401 677 2456 horrui.
742 2398 1013 2467 Quoniam
1031 2402 1400 2475 principalem
1419 2402 1745 2471 regiamque

147 2476 261 2529 eius
278 2476 525 2546 speciem
544 2474 749 2531 videns
766 2477 991 2530 tremuit
1004 2516 1017 2539 ‚
1061 2494 1172 2531 non
1198 2476 1382 2531 ferens
1400 2474 1744 2541 maiestatem

148 2566 204 2603 ae
224 2549 627 2605 sublimitatem
650 2550 771 2611 eius
792 2550 997 2605 intueri
1011 2592 1025 2613 ‚
1069 2549 1170 2604 sed
1197 2550 1385 2621 potius
1414 2542 1747 2616 fugiendum

148 2622 247 2677 sibi
283 2623 465 2679 duxit.
548 2622 693 2677 Sunt
730 2625 879 2679 enim
915 2623 1149 2695 quidam
1166 2661 1180 2683 ,
1237 2622 1339 2692 qui
1377 2634 1486 2676 non
1523 2625 1749 2689 propter

148 2696 323 2753 odium
362 2705 691 2753 aversentur
719 2698 983 2752 virtutem
996 2737 1010 2760 ‚
1052 2696 1156 2751 sed
1185 2710 1318 2765 prae
1347 2691 1561 2763 pudore
1589 2706 1750 2745 reve-
