2125 3084
191 163 412 234 [ustos]
555 169 639 214 IN
671 169 1006 216 ExoDUM.
1046 171 1298 218 SERMO
1335 175 1396 218 11.
1689 169 1789 223 345

190 287 347 328 mum
368 271 617 326 omnium
636 270 851 324 caelum
866 311 878 334 ,
904 269 1003 324 sed
1022 287 1190 342 super
1209 289 1398 328 omnes
1419 275 1618 330 caelos.
1663 276 1789 332 Post

192 355 379 404 autem
406 345 677 402 mundum
706 361 813 400 non
841 353 923 399 est
944 345 1126 410 locust,
1169 347 1267 401 sed
1289 348 1448 402 deus.
1527 349 1790 414 Constan-

188 426 327 478 tiam
365 437 495 477 vero
534 421 1029 492 transmigrationis
1067 421 1315 477 decernit
1359 439 1464 494 per,
1493 424 1790 480 dictionem

192 499 321 552 Esto
349 500 445 560 ibi,
498 496 615 551 loco
644 501 917 550 carentem
947 495 1326 550 demonstrans
1362 499 1792 553 immutabilem-

191 589 303 643 que
332 571 513 626 divini
544 571 649 625 loci
678 570 1095 626 habitationem.
1181 570 1452 637 Quoniam
1491 573 1551 626 in
1585 574 1791 645 quibus

190 647 301 702 fuit
328 647 527 701 vitium
558 647 667 700 cito
687 662 809 700 sese
826 645 1065 699 satiandi
1085 647 1542 718 contemplatione
1557 690 1569 713 ,
1612 649 1794 704 modi-

191 725 321 776 cum
355 737 577 776 sursum
614 721 861 774 volantes
897 719 989 773 dei
1024 720 1363 786 initiatione,
1412 723 1597 778 statim
1623 733 1796 778 retro-

190 805 502 860 cesserunt,
544 812 653 850 non
682 803 895 849 tantum
923 794 1198 868 volanteS‚
1242 805 1510 867 quantum
1537 799 1793 854 deorsum

189 873 379 936 tracti,
424 887 621 944 nempe
650 871 709 924 in
749 871 958 924 Tartari
996 869 1447 942 profunditatem.
1526 871 1632 940 Qui
1663 891 1792 930 vero

188 964 302 1001 non
342 945 573 1000 redeunt
611 963 642 1000 a
677 953 863 1000 sancta
886 944 1206 1016 'divinaque
1245 948 1494 1011 civitate,
1538 949 1596 1003 in
1626 965 1792 1020 quam

186 1022 675 1094 transmigrarunt,
717 1019 1015 1092 principali
1037 1020 1179 1075 duce
1200 1023 1289 1076 usi
1316 1031 1444 1078 sunt
1473 1023 1576 1078 deo
1595 1025 1662 1090 ,in
1691 1024 1792 1079 ha-

187 1097 513 1150 bitationem
539 1103 896 1150 constantem.

302 1241 397 1292 C'ur
438 1245 487 1292 in
521 1244 691 1293 tabulis
726 1243 928 1310 lapideis
960 1243 1194 1294 mandata
1226 1246 1522 1296 scribuntur?
1572 1247 1687 1308 (ib.)

300 1347 391 1416 μ.
435 1345 687 1404 ‘fabellae
716 1355 769 1402 et
790 1347 920 1402 libri
942 1345 1352 1404 manufacturae
1371 1357 1528 1416 sunt,
1573 1345 1626 1404 e't
1647 1366 1788 1421 quae
1831 1363 1845 1380 ⁸

185 1425 251 1476 in
282 1422 403 1478 istis
432 1431 562 1478 sunt
586 1423 816 1493 scripta,
861 1421 1097 1478 faciliter
1117 1433 1566 1496 corrumpuntur3
1611 1442 1788 1497 quon-

186 1498 301 1554 iam
323 1498 381 1552 in
403 1497 623 1554 tabellis
635 1514 759 1554 cera
779 1505 861 1552 est
882 1497 1043 1554 facile
1065 1498 1407 1556 defricabilis
1429 1508 1482 1556 et
1501 1501 1560 1556 in
1583 1501 1787 1558 chartis

186 1573 470 1632 character
488 1589 635 1628 nunc
661 1573 939 1644 spargitur
952 1614 964 1636 ,
994 1591 1143 1628 nunc
1161 1575 1504 1631 subobscure·
1524 1579 1784 1632 cernitur.

186 1649 258 1703 At
287 1652 484 1714 lapides
511 1656 627 1701 tum
658 1656 881 1704 naturae
910 1658 1038 1705 sunt
1067 1667 1258 1721 opera,
1302 1651 1503 1723 exiguo
1525 1651 1709 1707 labore
1728 1653 1787 1706 in

184 1721 453 1777 tabellam
478 1719 551 1794 [⁴¹⁵]
575 1721 807 1788 redacti,
846 1731 964 1778 tum
985 1725 1044 1780 in
1068 1724 1350 1795 lapidibus
1370 1726 1656 1796 perpolitis
1679 1726 1789 1781 for-

187 1810 314 1851 mae
341 1795 787 1868 characteresque
819 1799 878 1852 in
913 1799 983 1854 iis
1020 1800 1228 1856 exarati
1265 1799 1516 1870 perpetui
1558 1808 1685 1855 sunt
1726 1818 1788 1856 ac

186 1879 500 1928 constantes
525 1880 743 1943 propter
771 1873 1106 1929 soliditatem
1155 1873 1434 1928 materiae.
1532 1873 1786 1930 Secundo

186 1947 308 2001 fieri
332 1963 439 2000 non
466 1953 701 2017 poterat,
744 1957 805 2002 ut
830 1948 1022 2002 divina
1043 1955 1331 2019 praecepta
1352 1949 1409 2001 in
1433 1947 1636 2002 abditis
1656 1951 1785 2020 qui-

184 2021 426 2076 busdam
464 2021 599 2076 locis
640 2022 893 2086 laterent,
956 2022 1214 2078 evitando
1249 2039 1536 2078 occursum
1574 2040 1779 2088 eorum,

183 2098 286 2168 qui
318 2096 821 2153 studerent-videre
850 2107 1013 2168 atque
1048 2098 1262 2154 discere
1300 2097 1425 2160 illa,
1477 2097 1576 2152 sed
1600 2098 1781 2170 palam

183 2174 389 2244 exponi
420 2181 584 2244 atque
614 2172 961 2227 circumferri
986 2171 1298 2227 manifeste.
1374 2172 1524 2239 Quae
1555 2190 1680 2228 vero
1701 2173 1784 2228 fo-

180 2265 273 2302 ras
294 2246 520 2318 publice
541 2247 868 2302 celebranda
890 2256 1099 2312 essent,
1141 2247 1421 2320 oportebat
1441 2247 1644 2303 habere
1664 2266 1784 2303 ma-

180 2322 380 2377 teriam
410 2322 604 2377 duram
633 2331 819 2378 contra
848 2322 982 2377 solis
1003 2331 1214 2378 aestum
1233 2323 1661 2396 pluviarumque
1683 2323 1783 2378 ad-

178 2405 441 2452 ventum:
486 2399 563 2452 ita
582 2407 644 2452 ut
663 2397 1013 2469 postmodum
1034 2399 1093 2453 in
1113 2415 1235 2454 arca
1256 2398 1546 2454 collocatae
1567 2399 1678 2454 sint
1699 2407 1782 2454 ta—

178 2472 350 2538 bulae
387 2473 655 2544 lapideae.
744 2474 925 2527 Tertio
962 2477 1194 2542 lapideae
1229 2481 1360 2528 sunt
1399 2477 1628 2538 tabulae,
1699 2474 1782 2529 la-

178 2547 346 2619 pidea
371 2549 729 2602 constantiam
750 2547 1054 2612 indicante,
1098 2548 1439 2614 tabulavero
1465 2551 1782 2605 inconstan-

176 2624 342 2689 tiam;
376 2639 504 2676 nam
524 2621 713 2676 tabula
734 2630 843 2676 tam
865 2621 1026 2677 facile
1046 2623 1334 2687 scribitur,
1357 2641 1524 2695 quam
1543 2625 1776 2680 deletur.

178 2695 342 2764 Quod
373 2706 457 2752 est
484 2697 798 2770 symbolum
824 2697 1204 2754 observantiae
1225 2705 1277 2752 et
1297 2697 1676 2757 dissolutionis
1698 2701 1780 2755 le·-
