2125 3084
338 137 431 190 {52
781 97 1152 186 mumius
1197 138 1474 187 mmm
1721 135 1786 202 tx,
1811 139 1968 204 ιω]

332 241 416 296 An
442 240 505 294 id
531 255 632 311 per
661 237 910 294 studium
948 238 1263 295 doctrinae?
1301 240 1556 307 Minime;
1595 238 1698 294 sed
1731 251 1960 314 suapte

332 324 527 370 natura
552 313 777 386 singula
808 323 1106 370 memorata
1135 315 1268 370 baec
1307 322 1497 387 agunt.
1576 313 1858 372 Similiter
1887 327 1956 376 et

333 405 465 462 apes
498 389 621 446 sine
658 387 905 444 doctrina
940 390 1266 446 nauli-aliter
1297 388 1487 445 favum
1521 398 1795 462 peragunt
1811 430 1826 454 ,
1885 401 1952 448 et

333 481 559 522 naneae
588 464 751 535 quasi
770 479 869 535 per
886 479 947 520 se
969 464 1194 520 edoctae
1217 461 1476 520 subtilem
1503 463 1660 520 illam
1679 463 1950 524 elabora-

330 542 537 596 tionem
571 547 845 594 textorum
880 537 1204 594 moliuntur.
1283 539 1348 594 Si
1383 539 1514 610 quis
1551 547 1738 594 autem
1767 540 1944 596 aliter

332 625 489 688 putat
500 655 514 680 ,
539 613 697 670 adeat
714 613 934 670 arbores
946 653 963 677 ‚
986 622 1043 668 et
1059 614 1402 685 perspiciens
1422 612 1637 670 videbit
1655 615 1942 686 cuiusque

334 691 487 746 dotes
508 689 867 755 clarissimas3
906 689 1042 760 quia
1058 697 1114 744 et
1133 689 1196 743 in
1217 686 1289 763 [*]
1315 689 1438 744 istis
1457 687 1632 744 multa
1649 697 1774 744 sunt
1791 689 1942 744 abs-

333 781 441 836 que
462 773 577 820 arte
596 762 908 820 artificiosa.

444 889 531 942 ¹79.
571 887 753 944 Vitem
781 905 889 944 non
916 885 1096 952 vides,
1142 884 1276 942 dum
1297 885 1355 942 in
1377 885 1576 942 diebus
1606 885 1928 942 vernalibus

333 979 560 1036 germen
588 961 877 1034 producit?
921 961 1166 1018 Primum
1196 960 1345 1016 enim
1377 960 1527 1018 foliis
1556 961 1700 1018 illud
1725 963 1924 1035 operit,

334 1037 537 1094 deinde
554 1055 705 1096 more
730 1037 919 1094 matris
937 1037 1207 1110 paulatim
1225 1037 1397 1093 nutrit
1416 1045 1468 1092 et
1488 1036 1551 1093 id
1571 1045 1930 1110 augmentum

331 1113 512 1181 ducit3
564 1112 913 1183 postmodum
942 1120 1220 1170 remutans
1251 1129 1324 1168 ex
1351 1110 1507 1168 acido
1535 1129 1706 1168 uvam
1732 1111 1922 1178 efficit,

332 1188 505 1242 donec
532 1189 757 1242 omnino
786 1196 1019 1242 maturet
1050 1187 1311 1243 fructum.
1397 1185 1467 1242 At
1499 1186 1842 1243 instructane
1870 1188 1928 1242 in

332 1261 421 1316 his
444 1259 549 1315 fuit
562 1301 575 1324 ,
600 1277 731 1316 cura
752 1261 1036 1317 adhibita?
1075 1262 1231 1318 Certe
1253 1263 1475 1317 omnino
1493 1277 1594 1334 per
1611 1261 1926 1317 mirabilem

331 1336 593 1408 operique
621 1337 1026 1407 praesidentem
1050 1345 1305 1394 naturam
1331 1353 1432 1408 par
1468 1335 1574 1391 fuit
1607 1353 1720 1392 non
1747 1337 1930 1392 solum

331 1410 629 1465 utilissimo
660 1410 864 1466 fructui
893 1409 1146 1477 ferendo,
1194 1427 1387 1467 verum
1417 1410 1581 1466 etiam
1612 1409 1929 1468 adornando

332 1493 524 1540 trunco
543 1483 767 1550 decore,
801 1487 1043 1540 extensis
1071 1503 1171 1558 per
1189 1485 1414 1558 longum
1433 1486 1790 1557 palmitibus,
1833 1503 1929 1542 vo-

334 1560 521 1616 lutatis
540 1560 809 1630 capreolis
824 1601 839 1624 ,
862 1559 1106 1616 dilatatis
1127 1561 1413 1618 frondibus
1432 1560 1827 1634 viridibusque
1848 1561 1930 1616 fo-

334 1635 427 1692 liis
456 1634 765 1708 eleganter,
818 1644 1146 1707 conspectus
1183 1644 1298 1692 erat
1333 1636 1455 1692 eius
1489 1635 1837 1696 clarissimus
1875 1645 1930 1692 et

334 1711 546 1782 speeies
574 1709 875 1780 mirabilis3
919 1710 1275 1782 pulchritudo
1294 1725 1430 1769 ,vero
1456 1711 1639 1782 ipsius
1663 1729 1776 1768 non
1795 1729 1931 1768 ocu-

334 1785 416 1842 los
444 1786 618 1852 solos,
664 1786 766 1843 sed
794 1787 961 1842 etiam
986 1803 1146 1842 nares
1171 1787 1232 1842 vi
1261 1787 1544 1842 attractiva
1562 1785 1634 1841 ad
1662 1804 1726 1844 se
1745 1789 1934 1844 trahe-

332 1860 453 1929 bat;
496 1861 841 1918 exhalatione
871 1879 1000 1918 vero
1018 1861 1249 1933 spiritus
1269 1861 1732 1917 circumvicinum
1751 1864 1930 1920 ae'rem

331 1935 662 2009 fragrantem
680 1937 968 1994 reddebat:
992 1937 1307 2004 lentepenim
1327 1934 1489 1994 flante
1499 1953 1632 1992 aura
1651 1935 1931 2011 adimple-

332 2009 823 2083 bat.spatia.odore
848 2012 1035 2078 suavi,
1077 2011 1470 2084 odoratumque
1499 2019 1654 2084 grata
1677 2011 1929 2084 placida-

330 2103 441 2157 que
459 2087 739 2158 voluptate
757 2086 1030 2159 explebat.

438 2215 528 2286 ¹80.
568 2211 731 2266 Plura
762 2219 815 2266 et
840 2209 911 2267 de
928 2211 1156 2268 caeteris
1174 2211 1377 2286 plantis
1398 2225 1570 2284 quum
1591 2211 1780 2268 dicere
1797 2229 1928 2285 pos·-

332 2287 465 2352 sim,
525 2304 633 2342 non
672 2303 852 2345 morae
887 2285 1070 2343 taedio
1113 2295 1288 2351 taceo,
1351 2285 1451 2341 sed
1494 2293 1709 2341 tantum
1748 2289 1928 2343 solum

332 2361 558 2418 nimiam
588 2361 985 2435 verbositatem·
1008 2362 1242 2418 evitans.
1316 2359 1534 2416 Etenim
1562 2369 1727 2431 puto,
1777 2361 1926 2434 quod

334 2436 439 2489 sub
467 2437 686 2492 silentio
716 2435 903 2492 multis
932 2437 1141 2493 relictis
1166 2436 1333 2491 unius
1352 2435 1636 2509 analogiae
1660 2435 1828 2492 modo
1845 2445 1927 2492 to-

330 2515 450 2562 tum
485 2511 795 2567 innotescit.
872 2514 1116 2568 Dicimus
1157 2512 1305 2566 enim
1343 2520 1397 2565 et
1433 2510 1501 2565 de
1535 2511 1924 2568 invisibilibus

332 2585 541 2636 naturis
552 2623 567 2646 ‚
596 2586 747 2654 quod
764 2603 937 2657 quum
956 2586 1236 2644 ordinatae
1255 2594 1310 2642 et
1329 2585 1654 2642 artificiosae
1672 2587 1790 2644 sint
1801 2627 1816 2650 ,
1839 2587 1928 2640 in-

332 2663 546 2726 tegrum
584 2669 805 2715 servant
840 2678 961 2717 esse
998 2661 1318 2726 rationales,
1369 2662 1536 2718 etiam
1571 2662 1730 2725 illae,
1779 2677 1930 2731 quae
