2125 3084
186 167 269 235 [ιι
294 163 412 231 εει]
812 169 911 214 nn
956 168 1160 216 lons.
1676 165 1778 220 127

188 287 352 328 causa
371 269 541 326 huius
558 265 829 340 procellae
844 307 857 334 ,
890 283 1008 322 sors
1028 275 1247 322 accusat
1262 277 1334 324 te.
1388 270 1498 326 Nos
1517 287 1648 326 vero
1664 287 1774 328 non

188 345 439 410 caedem,
481 360 516 399 o
544 344 731 408 bomo,
772 358 953 415 neque
982 344 1128 397 sicut
1155 343 1404 398 homines
1431 355 1672 417 agrestes
1705 363 1776 404 ex

186 429 406 484 natura,
448 418 875 474 internecionem
904 417 1144 472 bominis
1171 416 1362 472 videre
1389 419 1660 474 sitibundi
1680 438 1776 476 su-

186 513 339 560 mus,
378 493 475 550 sed
497 511 527 549 a
547 493 822 565 praesenti
842 491 987 547 malo
1004 509 1104 547 nos
1125 492 1500 548 circumdante
1518 494 1776 550 volumus

186 571 380 626 eximi.
458 567 520 624 Si
541 569 727 639 itaque
747 566 865 621 fieri
886 574 1090 638 potest,
1133 575 1196 620 ut
1222 576 1284 622 tu
1309 577 1364 622 et
1381 585 1478 623 nos
1499 569 1558 623 in
1577 577 1778 624 terram

184 645 329 700 salvi
357 644 745 716 perveniamus
772 642 903 696 navi
928 641 1194 695 incolumi
1224 641 1496 714 nobisque
1521 645 1772 708 servatis,

186 719 501 774 nullatenus
520 715 822 772 invidenda
842 723 926 770 est
944 715 1182 771 humana
1207 717 1319 772 vita
1349 718 1428 782 ei,
1469 719 1568 790 qui
1597 719 1776 774 nemi-

184 794 245 848 ni
266 800 423 848 nocet
442 791 509 866 (s.
532 792 771 848 bumana
790 792 905 846 vita
924 791 1138 846 nemini
1157 791 1399 864 nocens).
1465 791 1566 848 Sin
1593 800 1776 849 autem

183 880 239 924 te
269 869 489 922 vivente
528 883 627 922 nos
656 882 881 922 necesse
906 866 981 920 sit
1006 866 1172 930 mori,
1215 866 1510 921 multorum
1539 867 1776 923 salutem

182 958 319 1016 prae
362 942 529 997 unius
580 950 749 998 morte
772 941 1090 1013 *pretiosam
1133 940 1446 996 existimare
1485 941 1772 998 debemus.

184 1019 375 1074 Testes
404 1024 583 1070 autem
613 1024 769 1080 sunt,
810 1015 959 1088 quod
986 1031 1156 1087 supra
1183 1032 1282 1071 nos
1309 1026 1392 1071 est
1425 1017 1640 1073 caelum
1671 1017 1773 1073 ob-

184 1107 411 1147 scurum
450 1097 505 1145 et
541 1091 795 1146 amabilis
831 1099 971 1145 terra
1007 1099 1060 1144 et
1097 1091 1476 1162 pavimentum
1511 1109 1674 1148 suum
1686 1091 1767 1166 *);

184 1173 416 1222 testatur
435 1173 489 1220 et
507 1167 673 1220 maris
692 1174 903 1229 natura,
928 1181 1069 1236 quae
1090 1165 1310 1220 hiemen
1329 1166 1468 1222 banc
1487 1183 1653 1238 super
1673 1184 1774 1222 nos

184 1239 494 1297 suscitavit.
580 1238 757 1312 Atque
794 1247 1053 1312 urgentes
1092 1241 1314 1296 illorum
1351 1258 1636 1297 aerumnas
1672 1242 1774 1314 qui

184 1315 373 1373 traditi
400 1315 459 1370 in
484 1315 646 1369 istam
675 1315 912 1370 hiemem
941 1323 1096 1380 sunt,
1140 1316 1384 1382 attende,
1424 1318 1556 1389 quia
1575 1333 1681 1373 non
1699 1317 1771 1374 ob

185 1391 457 1446 latrocinii
488 1390 1016 1461 inhumanitatisque
1044 1385 1221 1446 mores
1251 1390 1320 1446 de
1349 1393 1476 1447 navi
1505 1402 1556 1448 te
1587 1393 1774 1448 reiici-

185 1483 307 1521 mus
327 1481 507 1539 neque
527 1474 714 1521 contra
738 1461 811 1541 [Ἴ
830 1463 933 1520 hoc
952 1481 1092 1519 onus
1110 1467 1476 1540 insurgimus:
1501 1467 1599 1524 sed
1617 1469 1765 1541 quia,

184 1550 471 1615 postquam
500 1557 601 1596 nos
628 1557 700 1596 ex
719 1540 1033 1595 adversaria
1054 1540 1341 1612 alienaque
1363 1559 1527 1598 manu
1548 1544 1772 1616 (pirata-

182 1617 323 1691 rum)
352 1616 630 1689 fugientes
657 1615 847 1670 vivere
876 1614 1263 1680 credebamus,
1307 1627 1532 1672 mortem
1562 1619 1619 1673 in
1641 1621 1770 1674 navi

182 1694 305 1763 ipsa
332 1692 449 1762 pati
477 1691 726 1762 cogimur
752 1706 975 1762 gravem
996 1707 1059 1744 ac
1079 1691 1332 1746 miseram
1350 1733 1362 1756 ‚
1405 1709 1570 1762 quam
1588 1701 1769 1747 tamen

180 1783 292 1821 non
312 1781 452 1820 onus
472 1772 645 1836 parat.
722 1763 769 1819 Ο
786 1765 1057 1820 mirabilis
1079 1765 1204 1838 (vir)
1214 1765 1320 1838 **),
1350 1782 1458 1820 non
1477 1766 1580 1822 fert
1599 1775 1650 1821 te
1671 1784 1772 1822 na-

180 1841 271 1896 vis
292 1847 500 1906 nostra3
543 1839 603 1894 in
623 1841 877 1910 quemvis
897 1840 1061 1895 aliam
1082 1837 1314 1895 transfer
1332 1849 1385 1894 te
1399 1881 1412 1904 ,
1455 1849 1508 1895 et
1535 1841 1637 1895 erit
1665 1841 1770 1896 tibi

179 1917 297 1971 vita
325 1913 547 1969 abeunti
574 1931 645 1969 ex
670 1913 775 1970 hac
794 1917 922 1970 navi
938 1957 951 1980 ‚
995 1924 1049 1970 et
1068 1913 1370 1970 fortunatus
1391 1915 1614 1986 (melin-3:
1659 1913 1770 1971 for·

178 2001 347 2046 tunae
369 1987 551 2062 causa)
562 1989 619 2044 in
642 1989 749 2046 alia
768 1991 915 2056 navi,
939 2007 1106 2062 quam
1129 1987 1409 2053 ascendas,
1433 1989 1569 2057 eris;
1591 2005 1770 2059 quon-

178 2067 292 2121 iam
314 2064 474 2121 nobis
492 2081 599 2119 non
617 2081 875 2138 prospere
896 2065 1197 2129 advenisti,
1219 2071 1274 2118 et
1293 2063 1522 2136 angelus
1540 2063 1768 2135 quidam

176 2139 369 2214 abyssi
390 2139 479 2193 vel
502 2137 746 2195 fortassis
767 2149 953 2195 mutus
974 2149 1127 2195 cetus
1156 2139 1260 2200 tibi
1289 2146 1472 2194 servet
1497 2139 1764 2194 enimam:

177 2232 285 2272 nec
314 2215 416 2269 tibi
445 2215 775 2270 contumelia
802 2215 962 2270 navis
980 2222 1196 2270 nostrae
1216 2215 1274 2269 in
1294 2213 1656 2286 perditionem
1675 2213 1770 2269 fiet

177 2307 362 2361 neque
384 2290 543 2345 nobis
560 2291 917 2363 opprobrium
940 2297 1066 2344 tuae
1087 2291 1301 2344 animae
1319 2306 1463 2345 mors
1482 2289 1604 2344 erit.
1683 2287 1768 2344 Ad

174 2365 316 2420 haec
333 2381 659 2438 responsum
678 2383 709 2420 a
728 2366 850 2422 viro
868 2365 1119 2438 exigunt.

292 2487 373 2541 43.
422 2485 703 2541 Humsnus
737 2493 919 2560 autem
946 2485 1043 2540 ille
1072 2484 1273 2557 deique
1310 2484 1551 2549 auditor,
1592 2501 1764 2556 quum

277 2627 323 2674 ²)
366 2625 579 2676 Scriptum
603 2627 742 2674 ἱστίαι,
788 2627 898 2666 rorte
922 2628 1070 2666 m.
1122 2626 1280 2666 Auen.

174 2675 556 2778 '‘⁰⁸:¹2⁰’th
564 2679 794 2768 {temque
826 2678 909 2716 hoc
938 2678 1077 2726 spatio
1113 2677 1340 2726 mutere,
1385 2687 1558 2718 sensnm
1589 2687 1676 2718 non
1699 2679 1762 2718 its
