2125 3084
378 199 443 250 96
824 191 1198 246 ΡΗΙΙισΝῙδ
1241 197 1514 245 lulum
1799 193 1878 260 sl,
1903 196 2012 262 99.]

376 305 545 358 unius
582 297 861 356 civitatis?
912 299 1072 352 Nunc
1111 305 1291 352 tamen
1327 313 1400 350 ex
1435 297 1687 367 quinque
1721 300 2006 369 partibus

378 377 521 434 duae
558 392 719 448 aegre
758 373 965 428 incolas
1006 367 1209 427 habent
1241 369 1496 425 homines
1523 369 1736 426 additis
1765 376 2002 430 cunctis

380 451 705 508 animalium
724 447 1023 522 generibus
1037 487 1050 510 ,
1083 455 1196 501 tres
1216 452 1400 500 sutem
1417 445 1676 500 residuae
1694 447 2002 504 inhabita-

380 527 524 582 biles
552 529 958 586 remanserunt,
998 520 1272 592 quaedam
1301 535 1490 574 earum
1518 530 1741 591 praeter
1771 523 1894 578 alia
1923 525 1998 579 ob

380 603 638 674 frequens
678 599 855 670 frigus
892 595 1168 670 rigidum,
1209 593 1484 666 quaedam
1522 613 1656 650 vero
1691 596 1897 653 medio
1937 601 1998 653 in

377 678 555 749 spatio
592 674 663 731 ob
703 673 897 729 solaris
934 679 1116 728 aestus
1142 669 1578 725 combustionem
1607 679 1782 743 atque
1809 675 1996 728 vicini

378 753 547 808 maris
582 748 977 808 extensionem.

492 877 576 932 84.
616 873 823 930 Pano.
865 871 949 928 An
966 867 1029 927 tu
1048 878 1211 942 putas
1233 885 1332 924 nos
1351 876 1575 940 propter
1591 870 1884 928 mnndum
1899 913 1912 938 ,
1935 883 1990 928 et

378 968 486 1008 non
507 951 690 1022 potius
707 946 977 1004 mundum
995 953 1217 1018 propter
1235 959 1332 999 nos
1353 943 1558 999 factum
1579 943 1804 1001 fuisse?
1847 950 1984 1003 Nam

378 1027 607 1082 minime
626 1023 687 1079 id
706 1022 1061 1079 considerans
1079 1020 1390 1082 ruminasti.
1411 1019 1692 1092 quodi-ite
1705 1020 1978 1095 disposita

376 1103 451 1156 sit
496 1099 665 1155 sectio
709 1107 881 1154 terrae
923 1113 1023 1169 pro
1062 1095 1400 1152 habitatione
1435 1093 1730 1162 hominum
1769 1114 1976 1170 proque

375 1177 553 1248 spatio
572 1173 642 1228 ad
662 1191 823 1228 usum
846 1172 1074 1229 deorum
1092 1177 1346 1242 respectu
1363 1167 1748 1226 sensibilium.
1811 1171 1974 1229 Nobis

378 1249 527 1304 enim
547 1265 645 1319 per
664 1247 1111 1303 distributionem
1132 1260 1424 1300 concessae
1440 1251 1626 1315 partes
1643 1245 1784 1316 plus
1815 1264 1971 1319 quam

376 1324 510 1380 satis
528 1330 658 1378 sunt
674 1340 777 1394 pro
795 1322 1160 1388 habitation03
1219 1317 1502 1392 oportebat
1527 1327 1714 1376 tamen
1745 1333 1808 1378 et
1833 1323 1973 1379 side-

375 1397 533 1454 ribus
572 1398 987 1452 convenientem
1023 1411 1366 1467 praeparare,
1391 1411 1599 1459 escam,
1661 1398 1970 1454 nutriendis

374 1488 501 1528 nem
542 1488 571 1526 e
612 1489 683 1526 ex
716 1472 854 1526 mari
884 1487 1105 1544 magno.
1183 1469 1462 1526 Praeterea
1489 1470 1691 1526 inutile
1721 1483 1876 1530 esset
1897 1483 1970 1528 to-

374 1557 487 1602 tam
560 1546 768 1600 abitare
806 1554 1027 1601 terram.
1114 1543 1328 1613 Quare?
1373 1544 1556 1600 forsan
1583 1547 1718 1616 quis
1751 1547 1968 1604 dixerit.

374 1621 643 1688 Quoniam
663 1620 957 1693 quotannis
977 1621 1256 1693 corruptio
1275 1621 1615 1696 contingeret
1635 1623 1968 1680 animalibus

374 1697 716 1770 plantisque,
756 1705 867 1751 tam
894 1695 965 1752 ob
984 1696 1224 1751 nimium
1243 1703 1406 1767 atque
1427 1695 1861 1756 immoderatum
1881 1699 1968 1754 fri-

374 1789 509 1846 gus.
548 1789 715 1844 quam
742 1771 813 1827 ob
842 1780 1054 1827 aestum
1083 1771 1454 1826 excessivum.
1531 1770 1593 1825 Si
1623 1772 1784 1828 enim
1802 1784 1968 1830 trans-

373 1865 597 1920 gressus
618 1847 912 1904 Zodiacum
930 1853 1182 1920 pergeret
1203 1843 1296 1901 Sol
1315 1862 1416 1917 per
1434 1845 1661 1903 Coluros
1691 1847 1763 1919 (s.
1791 1845 1868 1924 [*]
1891 1849 1966 1904 ul-

373 1933 454 1978 tra
475 1922 793 1996 tropicum),
838 1922 971 1977 dum
990 1921 1152 1977 estin
1170 1921 1380 1976 oriente
1393 1961 1406 1985 ‚
1447 1917 1746 1978 deflectens
1767 1924 1841 1979 ad
1861 1941 1966 1978 me-

333 2025 337 2030 ·
375 1998 576 2052 ridiem
590 2038 603 2062 ‚
634 2007 767 2052 tunc
785 1996 1138 2070 frigefaciens
1157 2012 1257 2066 per
1277 1994 1498 2070 longam
1517 1994 1843 2053 distantiam
1863 2000 1964 2054 lae-

373 2073 526 2128 deret
563 2081 775 2144 partem
811 2069 1320 2143 septentrionalem;
1381 2069 1603 2141 quando
1633 2089 1774 2128 vero
1813 2074 1962 2128 Plau·

372 2157 547 2202 strum
567 2164 762 2203 versus
792 2145 1055 2212 flecteret,
1097 2162 1224 2216 pars
1245 2145 1501 2200 australis
1521 2144 1838 2203 laederetur
1853 2148 1959 2220 (fri-

370 2221 551 2296 gore);
612 2230 667 2278 et
694 2223 894 2277 iterum
920 2239 991 2276 ex
1009 2228 1306 2291 conspectu
1327 2219 1532 2276 directe
1555 2237 1788 2278 versans
1805 2239 1958 2294 super

370 2298 652 2360 verticem,
678 2297 878 2351 multas
898 2295 1066 2350 simul
1088 2293 1332 2350 flammas
1353 2294 1762 2353 disseminaret.
1813 2299 1957 2354 Nunc

371 2379 552 2425 autem
572 2387 749 2442 usque
771 2370 839 2426 ad
852 2377 1244 2442 tempestatum
1266 2379 1467 2442 puncta
1487 2377 1667 2424 motus
1682 2413 1696 2436 ‚
1722 2373 1845 2444 ipse
1861 2388 1957 2426 nu-

369 2444 531 2497 tritur
548 2453 896 2522 praestatque
916 2443 1168 2516 partibus
1189 2450 1362 2499 terrae
1379 2443 1664 2498 sufficiens
1693 2455 1956 2520 tempera-

368 2524 613 2571 mentum
624 2519 783 2584 aeris,
809 2518 1148 2590 ubicumque
1160 2515 1422 2574 habitatio
1433 2527 1614 2574 nostra
1626 2521 1953 2577 extenditur.

428 2667 435 2676 ·
477 2639 562 2688 85.
602 2639 991 2697 Amenanus.
1038 2643 1122 2696 Ne
1145 2642 1316 2707 ultra,
1359 2651 1422 2697 ut
1443 2641 1691 2706 videtur,
1737 2645 1959 2701 alterce-

368 2719 490 2757 mur
508 2721 693 2764 eorum
716 2728 865 2792 more
878 2755 892 2778 ‚
921 2717 1021 2786 qui
1040 2724 1217 2770 sectas
1236 2733 1555 2789 oppugnare
1573 2717 1774 2773 solent.
1851 2721 1958 2774 Iam
