2125 3084
358 139 453 194 tot
801 142 1170 192 Pmnoms
1207 141 1483 188 mnam
1625 135 1984 207 [1,107.1oa.]

354 242 581 302 consilia
594 283 608 307 ,
649 241 979 298 destruendo
1006 250 1059 298 et
1101 238 1156 316 *J
1181 240 1534 313 impediendo
1559 249 1617 298 et
1633 243 1980 302 multorum

352 318 679 393 populorum
698 318 815 372 vim
829 333 1072 380 ¹enei-van
1147 357 1162 380 ‚
1187 316 1460 388 laudeque
1478 316 1768 380 celebrant
1785 330 1978 376 natu—

354 413 471 451 ram
484 433 497 459 .
538 409 679 465 quae
708 391 933 448 exhibet
958 391 1212 446 materias
1241 391 1480 464 singulis
1505 392 1722 448 artibus
1743 411 1974 451 conve-

354 471 587 526 nientes.
662 469 865 522 Dantur
884 467 1047 522 etiam
1077 465 1288 538 aliqua,
1325 483 1496 536 quae,
1531 468 1686 522 sicut
1713 469 1970 526 minime

354 544 571 619 egentia
602 543 827 607 artium,
886 540 957 596 ad
992 557 1160 596 usum
1201 540 1586 612 quotidianum
1621 541 1968 601 delectatio-

355 633 591 691 nemque
614 617 841 672 i'aciunt.
918 614 1063 682 Quid
1098 623 1280 671 tamen
1318 617 1686 688 praestitisset
1729 636 1826 674 ars
1839 660 1858 683 ‚
1911 623 1962 674 si

354 710 461 751 non
504 693 664 768 prius
710 697 891 746 essent
934 689 1227 746 materiae?
1285 692 1426 746 Nam
1469 692 1962 762 quemadmodum

355 769 639 842 epularum
657 765 825 838 dapes
844 782 1166 838 praeparare
1187 763 1384 820 frustra
1395 774 1539 820 esset
1558 767 1958 824 conditoribus

355 845 602 899 ciborum
616 882 629 905 ,
672 849 794 896 ante
814 857 905 896 eos
922 841 1021 912 qui
1042 839 1323 912 impendia
1353 839 1644 906 fecissent,
1683 844 1957 900 similiter

352 919 599 975 insaniae
618 923 761 972 esset
776 915 1056 972 criminari
1077 922 1217 970 artes
1237 915 1484 988 neglecto
1503 915 1698 972 datore
1719 927 1950 974 naturae

353 995 617 1068 ipsarum.
694 991 837 1048 Haec
854 1006 1009 1046 mens
1028 989 1276 1045 vulneris
1296 1006 1494 1066 expers
1512 995 1856 1062 procreavit.

460 1103 547 1156 98.
578 1101 787 1155 Pauo.
817 1099 1020 1172 Urgent
1040 1098 1176 1153 haec
1193 1098 1544 1169 maximeque
1561 1099 1785 1174 indiga,
1807 1118 1946 1173 quae

356 1175 749 1233 accurationem
779 1173 1047 1229 medicam
1075 1173 1342 1245 recipiant
1378 1189 1664 1246 magnam3
1735 1185 1944 1249 oportet

354 1251 500 1306 enim
522 1248 816 1321 diligenter
834 1249 1040 1304 versari
1072 1249 1130 1302 in
1156 1249 1317 1320 ipsis.
1393 1248 1791 1320 Incipiendum
1816 1268 1940 1307 vero

354 1324 483 1380 inde
499 1364 511 1387 ,
554 1323 700 1377 unde
731 1332 784 1377 et
810 1331 869 1378 tu
898 1323 1170 1395 originem
1200 1321 1409 1378 duxisti
1441 1325 1834 1382 accusationis.

464 1435 547 1486 99.
597 1432 891 1486 Ventorum
900 1430 954 1503 *)
992 1431 1366 1503 imbriumque
1403 1431 1800 1504 productiones
1835 1453 1934 1490 non

350 1509 409 1562 in
428 1507 688 1562 damnum
710 1506 1088 1579 navigantium
1107 1524 1206 1580 per
1223 1524 1372 1562 mare
1385 1547 1400 1572 ,
1422 1516 1483 1562 ut
1502 1515 1564 1564 tu
1582 1511 1796 1581 putasti
1811 1551 1823 1575 ‚
1845 1528 1937 1566 ne-

352 1599 459 1655 que
480 1580 856 1655 agricolarum,
880 1580 977 1636 sed
1001 1582 1059 1637 in
1080 1583 1372 1638 utilitatem
1389 1584 1558 1638 totius
1577 1585 1756 1640 nostri
1775 1603 1936 1659 gene-

353 1660 431 1714 ris
450 1658 585 1714 deus
608 1654 755 1711 fecit.
832 1654 1007 1728 Aquis
1026 1658 1176 1712 enim
1195 1665 1392 1714 terram
1411 1665 1610 1732 purgat
1629 1666 1928 1732 totumque,

354 1733 503 1806 quod
530 1732 635 1789 sub
666 1732 795 1788 luna
814 1739 898 1786 est
912 1734 1182 1805 spatium,
1223 1741 1414 1789 vento:
1456 1741 1694 1806 utroque
1711 1733 1934 1792 istorum

354 1809 649 1866 animantia
669 1824 733 1864 ac
750 1807 965 1879 plantas
988 1804 1062 1882 [⁴⁵]
1086 1808 1185 1864 alit
1203 1847 1216 1872 ,
1241 1817 1404 1881 auget
1422 1817 1477 1862 et
1492 1807 1730 1880 perficit.
1786 1809 1930 1878 Quod

351 1886 402 1941 si
430 1901 531 1958 pro
555 1891 873 1955 tempestate
893 1883 1214 1956 navigantes
1234 1883 1585 1956 colentesque
1608 1891 1814 1940 terram
1837 1885 1929 1940 ali-

351 1959 571 2032 quando
589 1957 814 2015 offendit
827 1998 840 2023 ‚
872 1959 1076 2013 mirum
1095 1957 1264 2026 nihil;
1297 1958 1500 2031 exigua
1525 1958 1678 2012 enim
1697 1976 1828 2030 pars
1845 1959 1928 2015 isti

350 2044 504 2098 sunt,
536 2051 667 2089 cura
695 2049 823 2089 vero
844 2033 1007 2090 totius
1028 2033 1246 2106 generis
1265 2041 1350 2088 est
1374 2033 1662 2088 hominum
1681 2033 1925 2090 deorum·

348 2125 457 2180 que
467 2107 577 2181 Η).
653 2106 1122 2174 Quemadmodum
1140 2108 1310 2180 igitur
1328 2109 1386 2162 in
1406 2107 1636 2162 thermis
1667 2117 1724 2164 et
1750 2111 1811 2165 in
1835 2126 1924 2182 gy-

348 2183 560 2239 mnasio
578 2183 761 2239 oleum
780 2198 879 2254 pro
898 2183 1152 2238 unctione
1161 2182 1382 2253 ponitur
1399 2181 1469 2238 ad
1483 2183 1801 2249 utilitatem,
1817 2200 1925 2239 sae-

349 2276 422 2330 pe
441 2266 623 2313 tamen
633 2256 851 2322 accidit,
866 2265 927 2312 ut
946 2265 1057 2312 tam
1075 2257 1368 2330 gymnasii,
1381 2273 1549 2329 quam
1569 2256 1762 2314 balnei
1780 2275 1921 2334 prae-

348 2334 563 2404 positus
587 2331 658 2386 ob
679 2329 873 2386 civile's
892 2332 1130 2386 rationes
1148 2340 1436 2386 consuetae
1457 2331 1624 2387 horae
1642 2333 1921 2390 mutaverit

349 2405 615 2470 ordinem,
633 2405 977 2477 proindeque
993 2403 1360 2464 destituantur
1379 2405 1652 2474 nonnulli,
1673 2409 1776 2482 qui
1795 2407 1919 2464 sole-

446 2573 491 2618 ὓ)
510 2571 885 2624 Gari-amentum
900 2573 1110 2616 Graecum
1126 2585 1183 2616 ex
1199 2577 1386 2618 Eusebio
1403 2587 1532 2626 snpra
1545 2577 1670 2619 Tem.
1689 2579 1766 2619 vl.
1785 2591 1826 2630 p.
1840 2581 1918 2620 220.

446 2630 514 2676 “)
556 2634 691 2674 Deest
715 2637 761 2675 in
786 2637 859 2678 Gr.
886 2640 1155 2687 deorumque.
1190 2639 1302 2681 stent
1325 2641 1371 2680 ct
1393 2640 1438 2680 tn
1463 2639 1752 2689 sequentibus·
1767 2643 1920 2683 δάκο-

348 2686 443 2723 Μ
466 2680 583 2720 null·
608 2687 781 2726 mentio.
832 2689 993 2729 Anch-
1683 2715 1692 2724 ι
