<?xml version="1.0" encoding="UTF-8"?>
<!DOCTYPE html PUBLIC "-//W3C//DTD XHTML 1.0 Transitional//EN"
    "http://www.w3.org/TR/xhtml1/DTD/xhtml1-transitional.dtd">
<html xmlns="http://www.w3.org/1999/xhtml" xml:lang="en" lang="en">
 <head>
  <title>
</title>
<meta http-equiv="Content-Type" content="text/html;charset=utf-8" />
  <meta name='ocr-system' content='tesseract 3.04.00' />
  <meta name='ocr-capabilities' content='ocr_page ocr_carea ocr_par ocr_line ocrx_word'/>
</head>
<body>
  <div class='ocr_page' id='page_1' title='image "./philonisiudaeio00alejgoog_0430.png"; bbox 0 0 2125 3084; ppageno 0'>
   <div class='ocr_carea' id='block_1_1' title="bbox 194 152 1782 243">
    <p class='ocr_par' dir='ltr' id='par_1_1' title="bbox 194 152 1782 243">
     <span class='ocr_line' id='line_1_1' title="bbox 194 152 1782 243; baseline 0.004 -17"><span class='ocrx_word' id='word_1_1' title='bbox 194 176 274 243; x_wconf 66' lang='grc' dir='ltr'><strong>ω,</strong></span> <span class='ocrx_word' id='word_1_2' title='bbox 294 174 419 241; x_wconf 64' lang='lat' dir='ltr'><strong>tra]</strong></span> <span class='ocrx_word' id='word_1_3' title='bbox 560 170 833 227; x_wconf 75' lang='lat' dir='ltr'><strong>annuo·</strong></span> <span class='ocrx_word' id='word_1_4' title='bbox 853 182 953 227; x_wconf 74' lang='lat' dir='ltr'><strong>nn</strong></span> <span class='ocrx_word' id='word_1_5' title='bbox 1000 182 1413 236; x_wconf 60' lang='lat' dir='ltr'><strong>sampsone.</strong></span> <span class='ocrx_word' id='word_1_6' title='bbox 1683 152 1782 233; x_wconf 67' lang='grc' dir='ltr'><strong>4ἰὸ</strong></span> 
     </span>
    </p>
   </div>
   <div class='ocr_carea' id='block_1_2' title="bbox 190 280 1780 580">
    <p class='ocr_par' dir='ltr' id='par_1_2' title="bbox 190 280 1780 580">
     <span class='ocr_line' id='line_1_2' title="bbox 192 280 1779 356; baseline 0.001 -17"><span class='ocrx_word' id='word_1_7' title='bbox 192 291 291 339; x_wconf 85' lang='lat' dir='ltr'><strong>est.</strong></span> <span class='ocrx_word' id='word_1_8' title='bbox 364 282 445 337; x_wconf 82' lang='lat' dir='ltr'><strong>Ita</strong></span> <span class='ocrx_word' id='word_1_9' title='bbox 484 284 633 337; x_wconf 84' lang='lat' dir='ltr'><strong>enim</strong></span> <span class='ocrx_word' id='word_1_10' title='bbox 671 280 777 339; x_wconf 77' lang='lat' dir='ltr'><strong>fuit</strong></span> <span class='ocrx_word' id='word_1_11' title='bbox 813 281 1120 356; x_wconf 79' lang='lat' dir='ltr'><strong>omnino*).</strong></span> <span class='ocrx_word' id='word_1_12' title='bbox 1199 282 1260 337; x_wconf 90' lang='lat' dir='ltr'><strong>Si</strong></span> <span class='ocrx_word' id='word_1_13' title='bbox 1287 282 1550 339; x_wconf 80' lang='lat' dir='ltr'><strong>videlicet</strong></span> <span class='ocrx_word' id='word_1_14' title='bbox 1575 284 1779 356; x_wconf 85' lang='lat' dir='ltr'><strong>aliquis</strong></span> 
     </span>
     <span class='ocr_line' id='line_1_3' title="bbox 190 356 1778 431; baseline 0.001 -18"><span class='ocrx_word' id='word_1_15' title='bbox 190 357 517 431; x_wconf 72' lang='lat' dir='ltr'><strong>postulasset</strong></span> <span class='ocrx_word' id='word_1_16' title='bbox 553 358 622 412; x_wconf 89' lang='lat' dir='ltr'><strong>ab</strong></span> <span class='ocrx_word' id='word_1_17' title='bbox 660 358 764 413; x_wconf 79' lang='lat' dir='ltr'><strong>illa</strong></span> <span class='ocrx_word' id='word_1_18' title='bbox 794 360 1054 431; x_wconf 76' lang='lat' dir='ltr'><strong>gratiam,</strong></span> <span class='ocrx_word' id='word_1_19' title='bbox 1097 356 1426 429; x_wconf 73' lang='lat' dir='ltr'><strong>praestabat.</strong></span> <span class='ocrx_word' id='word_1_20' title='bbox 1505 360 1778 415; x_wconf 85' lang='lat' dir='ltr'><strong>Postulata</strong></span> 
     </span>
     <span class='ocr_line' id='line_1_4' title="bbox 192 432 1780 507; baseline 0.001 -20"><span class='ocrx_word' id='word_1_21' title='bbox 192 434 374 504; x_wconf 81' lang='lat' dir='ltr'><strong>itaque</strong></span> <span class='ocrx_word' id='word_1_22' title='bbox 394 432 623 487; x_wconf 75' lang='lat' dir='ltr'><strong>adauxit</strong></span> <span class='ocrx_word' id='word_1_23' title='bbox 648 433 1074 507; x_wconf 84' lang='lat' dir='ltr'><strong>malignitatem,</strong></span> <span class='ocrx_word' id='word_1_24' title='bbox 1118 432 1346 502; x_wconf 81' lang='lat' dir='ltr'><strong>exsequi</strong></span> <span class='ocrx_word' id='word_1_25' title='bbox 1377 432 1638 498; x_wconf 73' lang='lat' dir='ltr'><strong>insidiae,</strong></span> <span class='ocrx_word' id='word_1_26' title='bbox 1681 434 1780 489; x_wconf 87' lang='lat' dir='ltr'><strong>de—</strong></span> 
     </span>
     <span class='ocr_line' id='line_1_5' title="bbox 191 507 1608 580; baseline -0.002 -16"><span class='ocrx_word' id='word_1_27' title='bbox 191 507 377 564; x_wconf 83' lang='lat' dir='ltr'><strong>ludere</strong></span> <span class='ocrx_word' id='word_1_28' title='bbox 397 508 755 580; x_wconf 85' lang='lat' dir='ltr'><strong>Sampsonem</strong></span> <span class='ocrx_word' id='word_1_29' title='bbox 770 550 783 572; x_wconf 92' lang='lat'><strong>,</strong></span> <span class='ocrx_word' id='word_1_30' title='bbox 804 516 875 567; x_wconf 66' lang='lat' dir='ltr'><strong>et</strong></span> <span class='ocrx_word' id='word_1_31' title='bbox 892 524 1150 563; x_wconf 84' lang='lat' dir='ltr'><strong>coronare</strong></span> <span class='ocrx_word' id='word_1_32' title='bbox 1173 508 1608 562; x_wconf 82' lang='lat' dir='ltr'><strong>incircumcisos.</strong></span> 
     </span>
    </p>
   </div>
   <div class='ocr_carea' id='block_1_3' title="bbox 170 613 1809 2170">
    <p class='ocr_par' dir='ltr' id='par_1_3' title="bbox 170 613 1809 2170">
     <span class='ocr_line' id='line_1_6' title="bbox 300 613 1780 688; baseline -0.001 -17"><span class='ocrx_word' id='word_1_33' title='bbox 300 618 383 671; x_wconf 82' lang='lat'><strong>39.</strong></span> <span class='ocrx_word' id='word_1_34' title='bbox 442 614 523 672; x_wconf 90' lang='lat' dir='ltr'><strong>Ne</strong></span> <span class='ocrx_word' id='word_1_35' title='bbox 562 616 749 688; x_wconf 91' lang='lat' dir='ltr'><strong>itaque</strong></span> <span class='ocrx_word' id='word_1_36' title='bbox 786 616 908 671; x_wconf 85' lang='lat' dir='ltr'><strong>sine</strong></span> <span class='ocrx_word' id='word_1_37' title='bbox 944 616 1256 671; x_wconf 87' lang='lat' dir='ltr'><strong>testimonio</strong></span> <span class='ocrx_word' id='word_1_38' title='bbox 1283 613 1662 686; x_wconf 81' lang='lat' dir='ltr'><strong>relinquamus</strong></span> <span class='ocrx_word' id='word_1_39' title='bbox 1692 616 1780 670; x_wconf 90' lang='lat' dir='ltr'><strong>di-</strong></span> 
     </span>
     <span class='ocr_line' id='line_1_7' title="bbox 188 688 1780 763; baseline 0 -18"><span class='ocrx_word' id='word_1_40' title='bbox 188 700 335 746; x_wconf 86' lang='lat' dir='ltr'><strong>ctum</strong></span> <span class='ocrx_word' id='word_1_41' title='bbox 350 732 362 755; x_wconf 93' lang='lat'><strong>,</strong></span> <span class='ocrx_word' id='word_1_42' title='bbox 393 690 492 745; x_wconf 85' lang='lat' dir='ltr'><strong>sed</strong></span> <span class='ocrx_word' id='word_1_43' title='bbox 510 690 763 747; x_wconf 83' lang='lat' dir='ltr'><strong>mulieris</strong></span> <span class='ocrx_word' id='word_1_44' title='bbox 783 691 1134 747; x_wconf 78' lang='lat' dir='ltr'><strong>vaferrimam</strong></span> <span class='ocrx_word' id='word_1_45' title='bbox 1158 688 1429 763; x_wconf 80' lang='lat' dir='ltr'><strong>fallaciam</strong></span> <span class='ocrx_word' id='word_1_46' title='bbox 1445 731 1458 753; x_wconf 92' lang='lat'><strong>,</strong></span> <span class='ocrx_word' id='word_1_47' title='bbox 1489 689 1637 761; x_wconf 87' lang='lat' dir='ltr'><strong>quod</strong></span> <span class='ocrx_word' id='word_1_48' title='bbox 1657 692 1780 762; x_wconf 86' lang='lat' dir='ltr'><strong>pol-</strong></span> 
     </span>
     <span class='ocr_line' id='line_1_8' title="bbox 187 762 1779 836; baseline -0.001 -15"><span class='ocrx_word' id='word_1_49' title='bbox 187 764 373 821; x_wconf 86' lang='lat' dir='ltr'><strong>licitus</strong></span> <span class='ocrx_word' id='word_1_50' title='bbox 390 783 542 831; x_wconf 90' lang='lat' dir='ltr'><strong>sum,</strong></span> <span class='ocrx_word' id='word_1_51' title='bbox 587 767 912 821; x_wconf 86' lang='lat' dir='ltr'><strong>convincam</strong></span> <span class='ocrx_word' id='word_1_52' title='bbox 927 807 939 830; x_wconf 93' lang='lat'><strong>‚</strong></span> <span class='ocrx_word' id='word_1_53' title='bbox 985 774 1037 821; x_wconf 89' lang='lat' dir='ltr'><strong>et</strong></span> <span class='ocrx_word' id='word_1_54' title='bbox 1058 767 1235 836; x_wconf 85' lang='lat' dir='ltr'><strong>ipsam</strong></span> <span class='ocrx_word' id='word_1_55' title='bbox 1256 762 1598 836; x_wconf 88' lang='lat' dir='ltr'><strong>Scripturam</strong></span> <span class='ocrx_word' id='word_1_56' title='bbox 1621 765 1779 821; x_wconf 85' lang='lat' dir='ltr'><strong>vobis</strong></span> 
     </span>
     <span class='ocr_line' id='line_1_9' title="bbox 186 839 1780 914; baseline -0.002 -17"><span class='ocrx_word' id='word_1_57' title='bbox 186 846 380 897; x_wconf 83' lang='lat' dir='ltr'><strong>testem</strong></span> <span class='ocrx_word' id='word_1_58' title='bbox 406 840 701 896; x_wconf 87' lang='lat' dir='ltr'><strong>adhibebo.</strong></span> <span class='ocrx_word' id='word_1_59' title='bbox 778 839 1106 914; x_wconf 78' lang='lat' dir='ltr'><strong>Pei-pendite</strong></span> <span class='ocrx_word' id='word_1_60' title='bbox 1135 850 1292 913; x_wconf 82' lang='lat' dir='ltr'><strong>ergO,</strong></span> <span class='ocrx_word' id='word_1_61' title='bbox 1336 839 1472 910; x_wconf 88' lang='lat' dir='ltr'><strong>quid</strong></span> <span class='ocrx_word' id='word_1_62' title='bbox 1495 858 1526 894; x_wconf 89' lang='lat' dir='ltr'><strong>a</strong></span> <span class='ocrx_word' id='word_1_63' title='bbox 1546 840 1780 894; x_wconf 87' lang='lat' dir='ltr'><strong>muliere</strong></span> 
     </span>
     <span class='ocr_line' id='line_1_10' title="bbox 187 914 1773 989; baseline -0.001 -18"><span class='ocrx_word' id='word_1_64' title='bbox 187 916 553 987; x_wconf 84' lang='lat' dir='ltr'><strong>alienigenae,</strong></span> <span class='ocrx_word' id='word_1_65' title='bbox 596 925 649 972; x_wconf 87' lang='lat' dir='ltr'><strong>et</strong></span> <span class='ocrx_word' id='word_1_66' title='bbox 676 914 897 987; x_wconf 89' lang='lat' dir='ltr'><strong>quando</strong></span> <span class='ocrx_word' id='word_1_67' title='bbox 924 923 1142 987; x_wconf 87' lang='lat' dir='ltr'><strong>petunt,</strong></span> <span class='ocrx_word' id='word_1_68' title='bbox 1185 914 1396 989; x_wconf 87' lang='lat' dir='ltr'><strong>etquid</strong></span> <span class='ocrx_word' id='word_1_69' title='bbox 1415 914 1616 969; x_wconf 87' lang='lat' dir='ltr'><strong>mulier</strong></span> <span class='ocrx_word' id='word_1_70' title='bbox 1635 916 1773 979; x_wconf 82' lang='lat' dir='ltr'><strong>vult,</strong></span> 
     </span>
     <span class='ocr_line' id='line_1_11' title="bbox 186 989 1772 1062; baseline -0.001 -16"><span class='ocrx_word' id='word_1_71' title='bbox 186 1000 239 1046; x_wconf 93' lang='lat' dir='ltr'><strong>et</strong></span> <span class='ocrx_word' id='word_1_72' title='bbox 259 990 478 1060; x_wconf 90' lang='lat' dir='ltr'><strong>quando</strong></span> <span class='ocrx_word' id='word_1_73' title='bbox 497 1007 758 1062; x_wconf 86' lang='lat' dir='ltr'><strong>quaerere</strong></span> <span class='ocrx_word' id='word_1_74' title='bbox 778 989 997 1062; x_wconf 69' lang='lat' dir='ltr'><strong>coepit?</strong></span> <span class='ocrx_word' id='word_1_75' title='bbox 1053 989 1212 1056; x_wconf 87' lang='lat' dir='ltr'><strong>Quod</strong></span> <span class='ocrx_word' id='word_1_76' title='bbox 1241 990 1289 1043; x_wconf 88' lang='lat' dir='ltr'><strong>si</strong></span> <span class='ocrx_word' id='word_1_77' title='bbox 1309 990 1386 1043; x_wconf 89' lang='lat' dir='ltr'><strong>ita</strong></span> <span class='ocrx_word' id='word_1_78' title='bbox 1403 1006 1489 1045; x_wconf 89' lang='lat' dir='ltr'><strong>res</strong></span> <span class='ocrx_word' id='word_1_79' title='bbox 1511 989 1772 1054; x_wconf 66' lang='lat' dir='ltr'><strong>sehabet,</strong></span> 
     </span>
     <span class='ocr_line' id='line_1_12' title="bbox 184 1056 1779 1139; baseline 0.001 -19"><span class='ocrx_word' id='word_1_80' title='bbox 184 1066 427 1139; x_wconf 87' lang='lat' dir='ltr'><strong>primum</strong></span> <span class='ocrx_word' id='word_1_81' title='bbox 448 1082 525 1131; x_wconf 87' lang='lat' dir='ltr'><strong>ea,</strong></span> <span class='ocrx_word' id='word_1_82' title='bbox 556 1056 699 1137; x_wconf 73' lang='lat' dir='ltr'><strong>quae</strong></span> <span class='ocrx_word' id='word_1_83' title='bbox 716 1065 789 1121; x_wconf 82' lang='lat' dir='ltr'><strong>ad</strong></span> <span class='ocrx_word' id='word_1_84' title='bbox 810 1066 1150 1138; x_wconf 85' lang='lat' dir='ltr'><strong>alienigenas</strong></span> <span class='ocrx_word' id='word_1_85' title='bbox 1169 1065 1461 1136; x_wconf 83' lang='lat' dir='ltr'><strong>pertinent,</strong></span> <span class='ocrx_word' id='word_1_86' title='bbox 1491 1062 1563 1139; x_wconf 71' lang='lat'><strong><em>[³¹⁶]</em></strong></span> <span class='ocrx_word' id='word_1_87' title='bbox 1585 1064 1779 1121; x_wconf 87' lang='lat' dir='ltr'><strong>videa-</strong></span> 
     </span>
     <span class='ocr_line' id='line_1_13' title="bbox 182 1140 1776 1217; baseline -0.002 -22"><span class='ocrx_word' id='word_1_88' title='bbox 182 1157 331 1195; x_wconf 70' lang='lat' dir='ltr'><strong>mim.</strong></span> <span class='ocrx_word' id='word_1_89' title='bbox 382 1140 489 1195; x_wconf 77' lang='lat' dir='ltr'><strong>Nec</strong></span> <span class='ocrx_word' id='word_1_90' title='bbox 496 1150 780 1217; x_wconf 72' lang='lat' dir='ltr'><strong>potuerunt</strong></span> <span class='ocrx_word' id='word_1_91' title='bbox 792 1159 891 1209; x_wconf 76' lang='lat' dir='ltr'><strong>per</strong></span> <span class='ocrx_word' id='word_1_92' title='bbox 910 1150 1012 1195; x_wconf 80' lang='lat' dir='ltr'><strong>tres</strong></span> <span class='ocrx_word' id='word_1_93' title='bbox 1028 1144 1140 1195; x_wconf 72' lang='lat' dir='ltr'><strong>dies</strong></span> <span class='ocrx_word' id='word_1_94' title='bbox 1153 1145 1552 1215; x_wconf 62' lang='lat' dir='ltr'><strong>propositionem</strong></span> <span class='ocrx_word' id='word_1_95' title='bbox 1569 1142 1776 1195; x_wconf 75' lang='lat' dir='ltr'><strong>solvere.</strong></span> 
     </span>
     <span class='ocr_line' id='line_1_14' title="bbox 182 1214 1773 1284; baseline -0.003 -13"><span class='ocrx_word' id='word_1_96' title='bbox 182 1216 251 1271; x_wconf 82' lang='lat' dir='ltr'><strong>Et</strong></span> <span class='ocrx_word' id='word_1_97' title='bbox 268 1216 517 1269; x_wconf 65' lang='lat' dir='ltr'><strong>dimam</strong></span> <span class='ocrx_word' id='word_1_98' title='bbox 535 1220 605 1270; x_wconf 77' lang='lat' dir='ltr'><strong>ad</strong></span> <span class='ocrx_word' id='word_1_99' title='bbox 620 1234 843 1271; x_wconf 72' lang='lat' dir='ltr'><strong>umorem</strong></span> <span class='ocrx_word' id='word_1_100' title='bbox 859 1215 1162 1284; x_wconf 72' lang='lat' dir='ltr'><strong>sampsonis</strong></span> <span class='ocrx_word' id='word_1_101' title='bbox 1174 1234 1190 1267; x_wconf 92' lang='lat'><strong>.·</strong></span> <span class='ocrx_word' id='word_1_102' title='bbox 1245 1214 1499 1269; x_wconf 79' lang='lat' dir='ltr'><strong>Blandire</strong></span> <span class='ocrx_word' id='word_1_103' title='bbox 1525 1220 1640 1269; x_wconf 82' lang='lat' dir='ltr'><strong>viro</strong></span> <span class='ocrx_word' id='word_1_104' title='bbox 1671 1226 1773 1277; x_wconf 78' lang='grc' dir='ltr'><strong><em>ιαο,</em></strong></span> 
     </span>
     <span class='ocr_line' id='line_1_15' title="bbox 182 1288 1776 1360; baseline -0.002 -14"><span class='ocrx_word' id='word_1_105' title='bbox 182 1300 242 1346; x_wconf 82' lang='lat' dir='ltr'><strong>ut</strong></span> <span class='ocrx_word' id='word_1_106' title='bbox 260 1294 490 1358; x_wconf 72' lang='lat' dir='ltr'><strong>decipias</strong></span> <span class='ocrx_word' id='word_1_107' title='bbox 510 1297 688 1356; x_wconf 73' lang='lat' dir='ltr'><strong>(tudio.</strong></span> <span class='ocrx_word' id='word_1_108' title='bbox 710 1300 794 1357; x_wconf 72' lang='lat'><strong>14,</strong></span> <span class='ocrx_word' id='word_1_109' title='bbox 812 1296 977 1355; x_wconf 58' lang='lat' dir='ltr'><strong>um).</strong></span> <span class='ocrx_word' id='word_1_110' title='bbox 1055 1288 1212 1355; x_wconf 87' lang='lat' dir='ltr'><strong>Quod</strong></span> <span class='ocrx_word' id='word_1_111' title='bbox 1234 1290 1282 1343; x_wconf 90' lang='lat' dir='ltr'><strong>si</strong></span> <span class='ocrx_word' id='word_1_112' title='bbox 1301 1297 1426 1360; x_wconf 90' lang='lat' dir='ltr'><strong>post</strong></span> <span class='ocrx_word' id='word_1_113' title='bbox 1445 1288 1666 1345; x_wconf 86' lang='lat' dir='ltr'><strong>tertium</strong></span> <span class='ocrx_word' id='word_1_114' title='bbox 1682 1332 1694 1352; x_wconf 93' lang='lat'><strong>,</strong></span> <span class='ocrx_word' id='word_1_115' title='bbox 1719 1290 1776 1343; x_wconf 90' lang='lat' dir='ltr'><strong>in</strong></span> 
     </span>
     <span class='ocr_line' id='line_1_16' title="bbox 182 1362 1776 1437; baseline 0 -18"><span class='ocrx_word' id='word_1_116' title='bbox 182 1372 379 1437; x_wconf 74' lang='lat' dir='ltr'><strong>quarto</strong></span> <span class='ocrx_word' id='word_1_117' title='bbox 417 1363 477 1419; x_wconf 84' lang='lat' dir='ltr'><strong>id</strong></span> <span class='ocrx_word' id='word_1_118' title='bbox 514 1362 644 1428; x_wconf 83' lang='lat' dir='ltr'><strong>fuit,</strong></span> <span class='ocrx_word' id='word_1_119' title='bbox 686 1381 863 1437; x_wconf 86' lang='lat' dir='ltr'><strong>quum</strong></span> <span class='ocrx_word' id='word_1_120' title='bbox 896 1365 1174 1436; x_wconf 86' lang='lat' dir='ltr'><strong>petierunt</strong></span> <span class='ocrx_word' id='word_1_121' title='bbox 1212 1364 1281 1418; x_wconf 89' lang='lat' dir='ltr'><strong>ab</strong></span> <span class='ocrx_word' id='word_1_122' title='bbox 1317 1382 1378 1419; x_wconf 89' lang='lat' dir='ltr'><strong>ea</strong></span> <span class='ocrx_word' id='word_1_123' title='bbox 1410 1373 1471 1420; x_wconf 88' lang='lat' dir='ltr'><strong>ut</strong></span> <span class='ocrx_word' id='word_1_124' title='bbox 1499 1364 1776 1437; x_wconf 74' lang='lat' dir='ltr'><strong>deciperet</strong></span> 
     </span>
     <span class='ocr_line' id='line_1_17' title="bbox 184 1438 1777 1512; baseline 0 -16"><span class='ocrx_word' id='word_1_125' title='bbox 184 1441 573 1512; x_wconf 80' lang='lat' dir='ltr'><strong>Sampsonem,</strong></span> <span class='ocrx_word' id='word_1_126' title='bbox 614 1440 898 1511; x_wconf 77' lang='lat' dir='ltr'><strong>oportebat</strong></span> <span class='ocrx_word' id='word_1_127' title='bbox 925 1439 1081 1495; x_wconf 87' lang='lat' dir='ltr'><strong>illam</strong></span> <span class='ocrx_word' id='word_1_128' title='bbox 1109 1438 1428 1512; x_wconf 88' lang='lat' dir='ltr'><strong>decipiendi</strong></span> <span class='ocrx_word' id='word_1_129' title='bbox 1449 1440 1670 1496; x_wconf 91' lang='lat' dir='ltr'><strong>initium</strong></span> <span class='ocrx_word' id='word_1_130' title='bbox 1694 1438 1777 1497; x_wconf 84' lang='lat' dir='ltr'><strong>fa-</strong></span> 
     </span>
     <span class='ocr_line' id='line_1_18' title="bbox 182 1514 1809 1586; baseline -0.001 -14"><span class='ocrx_word' id='word_1_131' title='bbox 182 1533 305 1572; x_wconf 87' lang='lat' dir='ltr'><strong>cere</strong></span> <span class='ocrx_word' id='word_1_132' title='bbox 342 1524 475 1571; x_wconf 88' lang='lat' dir='ltr'><strong>tunc</strong></span> <span class='ocrx_word' id='word_1_133' title='bbox 506 1516 795 1586; x_wconf 82' lang='lat' dir='ltr'><strong>temporis.</strong></span> <span class='ocrx_word' id='word_1_134' title='bbox 892 1515 1142 1570; x_wconf 80' lang='lat' dir='ltr'><strong>Attamen</strong></span> <span class='ocrx_word' id='word_1_135' title='bbox 1181 1514 1318 1586; x_wconf 91' lang='lat' dir='ltr'><strong>quid</strong></span> <span class='ocrx_word' id='word_1_136' title='bbox 1359 1514 1456 1570; x_wconf 88' lang='lat' dir='ltr'><strong>illa</strong></span> <span class='ocrx_word' id='word_1_137' title='bbox 1496 1514 1686 1571; x_wconf 81' lang='lat' dir='ltr'><strong>fecerit</strong></span> <span class='ocrx_word' id='word_1_138' title='bbox 1725 1525 1777 1571; x_wconf 81' lang='lat' dir='ltr'><strong>et</strong></span> <span class='ocrx_word' id='word_1_139' title='bbox 1797 1545 1809 1557; x_wconf 84' lang='lat'>-</span> 
     </span>
     <span class='ocr_line' id='line_1_19' title="bbox 180 1588 1778 1663; baseline 0 -18"><span class='ocrx_word' id='word_1_140' title='bbox 180 1591 402 1663; x_wconf 84' lang='lat' dir='ltr'><strong>quando</strong></span> <span class='ocrx_word' id='word_1_141' title='bbox 418 1591 663 1661; x_wconf 73' lang='lat' dir='ltr'><strong>eoeperit</strong></span> <span class='ocrx_word' id='word_1_142' title='bbox 680 1590 964 1661; x_wconf 78' lang='lat' dir='ltr'><strong>decipere,</strong></span> <span class='ocrx_word' id='word_1_143' title='bbox 1009 1591 1188 1661; x_wconf 81' lang='lat' dir='ltr'><strong>ipsam</strong></span> <span class='ocrx_word' id='word_1_144' title='bbox 1215 1589 1556 1663; x_wconf 87' lang='lat' dir='ltr'><strong>Scripturam</strong></span> <span class='ocrx_word' id='word_1_145' title='bbox 1582 1588 1778 1647; x_wconf 84' lang='lat' dir='ltr'><strong>audia-</strong></span> 
     </span>
     <span class='ocr_line' id='line_1_20' title="bbox 178 1664 1779 1734; baseline -0.001 -13"><span class='ocrx_word' id='word_1_146' title='bbox 178 1684 307 1721; x_wconf 88' lang='lat' dir='ltr'><strong>mus</strong></span> <span class='ocrx_word' id='word_1_147' title='bbox 336 1667 419 1721; x_wconf 84' lang='lat' dir='ltr'><strong>sic</strong></span> <span class='ocrx_word' id='word_1_148' title='bbox 452 1664 741 1720; x_wconf 73' lang='lat' dir='ltr'><strong>fatentem:</strong></span> <span class='ocrx_word' id='word_1_149' title='bbox 802 1666 871 1721; x_wconf 82' lang='lat' dir='ltr'><strong>Et</strong></span> <span class='ocrx_word' id='word_1_150' title='bbox 898 1669 1037 1733; x_wconf 72' lang='lat' dir='ltr'><strong>(levit</strong></span> <span class='ocrx_word' id='word_1_151' title='bbox 1065 1668 1252 1720; x_wconf 73' lang='lat' dir='ltr'><strong>mulier</strong></span> <span class='ocrx_word' id='word_1_152' title='bbox 1277 1684 1433 1734; x_wconf 77' lang='lat' dir='ltr'><strong>super</strong></span> <span class='ocrx_word' id='word_1_153' title='bbox 1460 1684 1574 1719; x_wconf 80' lang='lat' dir='ltr'><strong>eum</strong></span> <span class='ocrx_word' id='word_1_154' title='bbox 1591 1676 1779 1734; x_wconf 77' lang='lat' dir='ltr'><strong>septem</strong></span> 
     </span>
     <span class='ocr_line' id='line_1_21' title="bbox 178 1738 1776 1811; baseline -0.003 -15"><span class='ocrx_word' id='word_1_155' title='bbox 178 1746 361 1796; x_wconf 76' lang='lat' dir='ltr'><strong>diebus</strong></span> <span class='ocrx_word' id='word_1_156' title='bbox 382 1744 603 1794; x_wconf 75' lang='lat' dir='ltr'><strong>convivii</strong></span> <span class='ocrx_word' id='word_1_157' title='bbox 632 1748 721 1807; x_wconf 82' lang='lat' dir='ltr'><strong>(ih.</strong></span> <span class='ocrx_word' id='word_1_158' title='bbox 740 1760 813 1795; x_wconf 76' lang='lat' dir='ltr'><strong>vs.</strong></span> <span class='ocrx_word' id='word_1_159' title='bbox 837 1746 949 1807; x_wconf 80' lang='lat'><strong>17).</strong></span> <span class='ocrx_word' id='word_1_160' title='bbox 1026 1738 1186 1807; x_wconf 87' lang='lat' dir='ltr'><strong>Quod</strong></span> <span class='ocrx_word' id='word_1_161' title='bbox 1205 1741 1254 1795; x_wconf 86' lang='lat' dir='ltr'><strong>si</strong></span> <span class='ocrx_word' id='word_1_162' title='bbox 1276 1740 1350 1794; x_wconf 86' lang='lat' dir='ltr'><strong>ita</strong></span> <span class='ocrx_word' id='word_1_163' title='bbox 1373 1748 1479 1803; x_wconf 78' lang='lat' dir='ltr'><strong>est.</strong></span> <span class='ocrx_word' id='word_1_164' title='bbox 1515 1756 1642 1811; x_wconf 82' lang='lat' dir='ltr'><strong>ergo</strong></span> <span class='ocrx_word' id='word_1_165' title='bbox 1667 1748 1776 1793; x_wconf 84' lang='lat' dir='ltr'><strong>tres</strong></span> 
     </span>
     <span class='ocr_line' id='line_1_22' title="bbox 177 1808 1776 1888; baseline -0.002 -19"><span class='ocrx_word' id='word_1_166' title='bbox 177 1814 352 1888; x_wconf 89' lang='lat' dir='ltr'><strong>primi</strong></span> <span class='ocrx_word' id='word_1_167' title='bbox 373 1813 533 1886; x_wconf 91' lang='lat' dir='ltr'><strong>(dies)</strong></span> <span class='ocrx_word' id='word_1_168' title='bbox 552 1814 793 1869; x_wconf 87' lang='lat' dir='ltr'><strong>malitiae</strong></span> <span class='ocrx_word' id='word_1_169' title='bbox 814 1808 991 1886; x_wconf 80' lang='lat' dir='ltr'><strong>ipsius</strong></span> <span class='ocrx_word' id='word_1_170' title='bbox 1012 1824 1192 1877; x_wconf 88' lang='lat' dir='ltr'><strong>erant,</strong></span> <span class='ocrx_word' id='word_1_171' title='bbox 1235 1823 1289 1869; x_wconf 89' lang='lat' dir='ltr'><strong>et</strong></span> <span class='ocrx_word' id='word_1_172' title='bbox 1319 1813 1519 1883; x_wconf 83' lang='lat' dir='ltr'><strong>reliqui</strong></span> <span class='ocrx_word' id='word_1_173' title='bbox 1545 1820 1776 1883; x_wconf 87' lang='lat' dir='ltr'><strong>quatuor</strong></span> 
     </span>
     <span class='ocr_line' id='line_1_23' title="bbox 178 1886 1776 1961; baseline -0.004 -15"><span class='ocrx_word' id='word_1_174' title='bbox 178 1887 939 1961; x_wconf 77' lang='lat' dir='ltr'><strong>supplicationis-(aliorum).</strong></span> <span class='ocrx_word' id='word_1_175' title='bbox 1035 1891 1224 1959; x_wconf 85' lang='lat' dir='ltr'><strong>Itaque</strong></span> <span class='ocrx_word' id='word_1_176' title='bbox 1259 1886 1586 1950; x_wconf 84' lang='lat' dir='ltr'><strong>dicendum,</strong></span> <span class='ocrx_word' id='word_1_177' title='bbox 1627 1887 1776 1957; x_wconf 88' lang='lat' dir='ltr'><strong>quod</strong></span> 
     </span>
     <span class='ocr_line' id='line_1_24' title="bbox 170 1962 1778 2037; baseline -0.003 -18"><span class='ocrx_word' id='word_1_178' title='bbox 170 1980 327 2037; x_wconf 79' lang='lat' dir='ltr'><strong>quae</strong></span> <span class='ocrx_word' id='word_1_179' title='bbox 347 1962 751 2019; x_wconf 76' lang='lat' dir='ltr'><strong>initiumduxit</strong></span> <span class='ocrx_word' id='word_1_180' title='bbox 776 1964 1110 2033; x_wconf 77' lang='lat' dir='ltr'><strong>insidiandi,</strong></span> <span class='ocrx_word' id='word_1_181' title='bbox 1155 1970 1442 2033; x_wconf 87' lang='lat' dir='ltr'><strong>antequam</strong></span> <span class='ocrx_word' id='word_1_182' title='bbox 1471 1962 1778 2032; x_wconf 82' lang='lat' dir='ltr'><strong>postulare·—</strong></span> 
     </span>
     <span class='ocr_line' id='line_1_25' title="bbox 174 2034 1776 2107; baseline -0.004 -11"><span class='ocrx_word' id='word_1_183' title='bbox 174 2052 299 2103; x_wconf 86' lang='lat' dir='ltr'><strong>tur‚</strong></span> <span class='ocrx_word' id='word_1_184' title='bbox 342 2040 506 2095; x_wconf 81' lang='lat' dir='ltr'><strong>istam</strong></span> <span class='ocrx_word' id='word_1_185' title='bbox 532 2040 655 2094; x_wconf 87' lang='lat' dir='ltr'><strong>sine</strong></span> <span class='ocrx_word' id='word_1_186' title='bbox 681 2040 798 2095; x_wconf 85' lang='lat' dir='ltr'><strong>ulla</strong></span> <span class='ocrx_word' id='word_1_187' title='bbox 826 2041 885 2095; x_wconf 90' lang='lat' dir='ltr'><strong>vi</strong></span> <span class='ocrx_word' id='word_1_188' title='bbox 912 2056 978 2094; x_wconf 78' lang='lat' dir='ltr'><strong>ac</strong></span> <span class='ocrx_word' id='word_1_189' title='bbox 1003 2039 1282 2095; x_wconf 79' lang='lat' dir='ltr'><strong>coactione</strong></span> <span class='ocrx_word' id='word_1_190' title='bbox 1319 2037 1510 2091; x_wconf 83' lang='lat' dir='ltr'><strong>statuit</strong></span> <span class='ocrx_word' id='word_1_191' title='bbox 1547 2034 1776 2107; x_wconf 87' lang='lat' dir='ltr'><strong>prodere</strong></span> 
     </span>
     <span class='ocr_line' id='line_1_26' title="bbox 174 2110 641 2170; baseline -0.004 0"><span class='ocrx_word' id='word_1_192' title='bbox 174 2116 368 2170; x_wconf 80' lang='lat' dir='ltr'><strong>virum</strong></span> <span class='ocrx_word' id='word_1_193' title='bbox 396 2128 578 2169; x_wconf 77' lang='lat' dir='ltr'><strong>suum.</strong></span> <span class='ocrx_word' id='word_1_194' title='bbox 630 2110 641 2121; x_wconf 85' lang='lat'>&#39;</span> 
     </span>
    </p>
   </div>
   <div class='ocr_carea' id='block_1_4' title="bbox 166 2218 1777 2675">
    <p class='ocr_par' dir='ltr' id='par_1_4' title="bbox 166 2218 1777 2675">
     <span class='ocr_line' id='line_1_27' title="bbox 296 2218 1776 2297; baseline -0.005 -18"><span class='ocrx_word' id='word_1_195' title='bbox 296 2225 381 2279; x_wconf 75' lang='lat'><strong>40.</strong></span> <span class='ocrx_word' id='word_1_196' title='bbox 429 2221 577 2291; x_wconf 88' lang='lat' dir='ltr'><strong>Quid</strong></span> <span class='ocrx_word' id='word_1_197' title='bbox 603 2238 731 2297; x_wconf 80' lang='lat' dir='ltr'><strong>ergo</strong></span> <span class='ocrx_word' id='word_1_198' title='bbox 758 2220 977 2279; x_wconf 70' lang='lat' dir='ltr'><strong>dicam?</strong></span> <span class='ocrx_word' id='word_1_199' title='bbox 1023 2221 1070 2278; x_wconf 91' lang='grc' dir='ltr'>Ο</span> <span class='ocrx_word' id='word_1_200' title='bbox 1089 2219 1324 2277; x_wconf 85' lang='lat' dir='ltr'><strong>nefanda</strong></span> <span class='ocrx_word' id='word_1_201' title='bbox 1345 2220 1544 2275; x_wconf 91' lang='lat' dir='ltr'><strong>mulier</strong></span> <span class='ocrx_word' id='word_1_202' title='bbox 1565 2218 1776 2273; x_wconf 88' lang='lat' dir='ltr'><strong>abomi-</strong></span> 
     </span>
     <span class='ocr_line' id='line_1_28' title="bbox 172 2294 1777 2371; baseline -0.005 -16"><span class='ocrx_word' id='word_1_203' title='bbox 172 2294 415 2363; x_wconf 77' lang='lat' dir='ltr'><strong>nabilia,</strong></span> <span class='ocrx_word' id='word_1_204' title='bbox 456 2308 611 2369; x_wconf 84' lang='lat' dir='ltr'><strong>optas</strong></span> <span class='ocrx_word' id='word_1_205' title='bbox 639 2297 831 2354; x_wconf 87' lang='lat' dir='ltr'><strong>audire</strong></span> <span class='ocrx_word' id='word_1_206' title='bbox 859 2296 1172 2371; x_wconf 86' lang='lat' dir='ltr'><strong>problema,</strong></span> <span class='ocrx_word' id='word_1_207' title='bbox 1220 2314 1327 2351; x_wconf 91' lang='lat' dir='ltr'><strong>non</strong></span> <span class='ocrx_word' id='word_1_208' title='bbox 1355 2304 1416 2349; x_wconf 89' lang='lat' dir='ltr'><strong>ut</strong></span> <span class='ocrx_word' id='word_1_209' title='bbox 1443 2294 1777 2365; x_wconf 88' lang='lat' dir='ltr'><strong>complaceat</strong></span> 
     </span>
     <span class='ocr_line' id='line_1_29' title="bbox 170 2370 1775 2445; baseline -0.005 -15"><span class='ocrx_word' id='word_1_210' title='bbox 170 2375 283 2431; x_wconf 88' lang='lat' dir='ltr'><strong>tibi</strong></span> <span class='ocrx_word' id='word_1_211' title='bbox 326 2370 397 2429; x_wconf 88' lang='lat' dir='ltr'><strong>de</strong></span> <span class='ocrx_word' id='word_1_212' title='bbox 434 2374 828 2445; x_wconf 88' lang='lat' dir='ltr'><strong>compositione</strong></span> <span class='ocrx_word' id='word_1_213' title='bbox 867 2387 1047 2445; x_wconf 87' lang='lat' dir='ltr'><strong>neque</strong></span> <span class='ocrx_word' id='word_1_214' title='bbox 1086 2383 1148 2428; x_wconf 87' lang='lat' dir='ltr'><strong>ut</strong></span> <span class='ocrx_word' id='word_1_215' title='bbox 1177 2371 1504 2443; x_wconf 87' lang='lat' dir='ltr'><strong>sapientiam</strong></span> <span class='ocrx_word' id='word_1_216' title='bbox 1536 2370 1716 2424; x_wconf 89' lang='lat' dir='ltr'><strong>discas</strong></span> <span class='ocrx_word' id='word_1_217' title='bbox 1747 2388 1775 2422; x_wconf 88' lang='lat' dir='ltr'><strong>a</strong></span> 
     </span>
     <span class='ocr_line' id='line_1_30' title="bbox 170 2444 1776 2513; baseline -0.005 -8"><span class='ocrx_word' id='word_1_218' title='bbox 170 2450 377 2505; x_wconf 87' lang='lat' dir='ltr'><strong>marito</strong></span> <span class='ocrx_word' id='word_1_219' title='bbox 392 2490 404 2513; x_wconf 90' lang='lat'><strong>,</strong></span> <span class='ocrx_word' id='word_1_220' title='bbox 428 2446 528 2503; x_wconf 86' lang='lat' dir='ltr'><strong>sed</strong></span> <span class='ocrx_word' id='word_1_221' title='bbox 548 2458 609 2503; x_wconf 88' lang='lat' dir='ltr'><strong>ut</strong></span> <span class='ocrx_word' id='word_1_222' title='bbox 626 2448 809 2503; x_wconf 84' lang='lat' dir='ltr'><strong>tradas</strong></span> <span class='ocrx_word' id='word_1_223' title='bbox 827 2444 1106 2503; x_wconf 88' lang='lat' dir='ltr'><strong>dicentem</strong></span> <span class='ocrx_word' id='word_1_224' title='bbox 1121 2488 1134 2512; x_wconf 89' lang='lat'>‚</span> <span class='ocrx_word' id='word_1_225' title='bbox 1158 2455 1220 2503; x_wconf 88' lang='lat' dir='ltr'><strong>ut</strong></span> <span class='ocrx_word' id='word_1_226' title='bbox 1241 2464 1410 2501; x_wconf 86' lang='lat' dir='ltr'><strong>exuas</strong></span> <span class='ocrx_word' id='word_1_227' title='bbox 1433 2461 1684 2500; x_wconf 87' lang='lat' dir='ltr'><strong>coronam</strong></span> <span class='ocrx_word' id='word_1_228' title='bbox 1708 2445 1776 2498; x_wconf 88' lang='lat' dir='ltr'><strong>ab</strong></span> 
     </span>
     <span class='ocr_line' id='line_1_31' title="bbox 170 2520 1776 2595; baseline -0.004 -14"><span class='ocrx_word' id='word_1_229' title='bbox 170 2543 241 2581; x_wconf 90' lang='lat' dir='ltr'><strong>eo</strong></span> <span class='ocrx_word' id='word_1_230' title='bbox 255 2567 269 2590; x_wconf 89' lang='lat'><strong>,</strong></span> <span class='ocrx_word' id='word_1_231' title='bbox 305 2524 407 2595; x_wconf 91' lang='lat' dir='ltr'><strong>qui</strong></span> <span class='ocrx_word' id='word_1_232' title='bbox 427 2524 704 2594; x_wconf 88' lang='lat' dir='ltr'><strong>sapienter</strong></span> <span class='ocrx_word' id='word_1_233' title='bbox 724 2524 1035 2595; x_wconf 73' lang='lat' dir='ltr'><strong>paraverat!</strong></span> <span class='ocrx_word' id='word_1_234' title='bbox 1099 2524 1218 2578; x_wconf 91' lang='lat' dir='ltr'><strong>Non</strong></span> <span class='ocrx_word' id='word_1_235' title='bbox 1234 2520 1410 2595; x_wconf 89' lang='lat' dir='ltr'><strong>pudet</strong></span> <span class='ocrx_word' id='word_1_236' title='bbox 1429 2529 1480 2575; x_wconf 86' lang='lat' dir='ltr'><strong>te</strong></span> <span class='ocrx_word' id='word_1_237' title='bbox 1501 2520 1776 2594; x_wconf 86' lang='lat' dir='ltr'><strong>nuptiales</strong></span> 
     </span>
     <span class='ocr_line' id='line_1_32' title="bbox 166 2596 1777 2675; baseline -0.006 -17"><span class='ocrx_word' id='word_1_238' title='bbox 166 2600 358 2665; x_wconf 74' lang='lat' dir='ltr'><strong>facee,</strong></span> <span class='ocrx_word' id='word_1_239' title='bbox 400 2614 583 2669; x_wconf 87' lang='lat' dir='ltr'><strong>neque</strong></span> <span class='ocrx_word' id='word_1_240' title='bbox 609 2596 668 2652; x_wconf 87' lang='lat' dir='ltr'><strong>in</strong></span> <span class='ocrx_word' id='word_1_241' title='bbox 696 2598 1000 2671; x_wconf 87' lang='lat' dir='ltr'><strong>nuptialem</strong></span> <span class='ocrx_word' id='word_1_242' title='bbox 1027 2614 1283 2675; x_wconf 73' lang='lat' dir='ltr'><strong>vcoronam</strong></span> <span class='ocrx_word' id='word_1_243' title='bbox 1314 2597 1518 2667; x_wconf 83' lang='lat' dir='ltr'><strong>aspicis</strong></span> <span class='ocrx_word' id='word_1_244' title='bbox 1553 2596 1777 2671; x_wconf 88' lang='lat' dir='ltr'><strong>symbo-</strong></span> 
     </span>
    </p>
   </div>
   <div class='ocr_carea' id='block_1_5' title="bbox 277 2734 1416 2789">
    <p class='ocr_par' dir='ltr' id='par_1_5' title="bbox 277 2734 1416 2789">
     <span class='ocr_line' id='line_1_33' title="bbox 277 2734 1416 2789; baseline -0.003 -10"><span class='ocrx_word' id='word_1_245' title='bbox 277 2741 323 2789; x_wconf 72' lang='lat'><strong>*)</strong></span> <span class='ocrx_word' id='word_1_246' title='bbox 352 2734 668 2779; x_wconf 73' lang='lat' dir='ltr'><strong>hicertus&#39;erat</strong></span> <span class='ocrx_word' id='word_1_247' title='bbox 692 2748 843 2779; x_wconf 73' lang='lat' dir='ltr'><strong>sensus</strong></span> <span class='ocrx_word' id='word_1_248' title='bbox 868 2739 913 2779; x_wconf 79' lang='lat' dir='ltr'><strong>in</strong></span> <span class='ocrx_word' id='word_1_249' title='bbox 934 2742 1057 2781; x_wconf 67' lang='lat' dir='ltr'><strong>textu</strong></span> <span class='ocrx_word' id='word_1_250' title='bbox 1085 2739 1206 2781; x_wconf 75' lang='lat' dir='ltr'><strong>Arm.</strong></span> <span class='ocrx_word' id='word_1_251' title='bbox 1257 2738 1416 2779; x_wconf 72' lang='lat' dir='ltr'><strong>Auch-</strong></span> 
     </span>
    </p>
   </div>
  </div>
 </body>
</html>
