2125 3084
395 188 491 240 ⁴72
628 190 826 237 prun.
868 190 1019 235 ΠΗ).
1062 189 1392 248 QUAEST.
1433 190 1532 235 ET
1571 190 1740 237 son.
1771 187 2008 255 [masa]
2066 174 2090 268 l

389 293 625 349 verbum
657 290 998 347 dominicum
1027 290 1266 363 probum
1293 289 1540 363 (filium),
1583 290 1894 363 perfectum
1913 298 2006 349 vi·-

389 369 579 439 tioque
600 375 654 422 et
670 366 955 421 ulceribus
976 374 1251 421 carentem
1272 374 1540 437 perpetuo
1561 382 1801 422 servare.
1871 367 2004 424 Ser-

389 451 551 498 vatur
571 449 755 498 autem
772 484 785 506 ‚
818 443 868 495 si
888 442 1146 495 contrarii
1167 449 1221 495 et
1241 448 1489 496 terrenae
1511 442 1862 513 cogitationis
1881 454 2004 499 stu—

390 518 535 573 diosi
552 518 993 573 transmittantur
1012 517 1072 570 in
1093 514 1394 570 coloniam:
1437 532 1567 570 nam
1591 518 1753 587 quasi
1775 516 1949 574 alieni
1974 538 2002 575 a

388 595 594 649 virtute
622 601 814 664 partus
842 598 998 656 sunt,
1050 598 1105 645 et
1141 599 1408 646 temerare
1433 607 1658 662 quoque
1679 592 1874 647 volunt
1900 610 2004 666 ge·

389 669 647 723 nuinum.
727 668 933 724 Verum
952 665 1074 721 fieri
1093 666 1290 737 nequit
1305 666 1434 721 talis
1464 666 1875 739 transmigratio
1891 710 1904 731 ‚
1949 671 2002 724 si

390 761 498 800 non
528 744 603 797 sit
630 742 824 815 (pater)
852 744 1011 797 visus
1040 750 1095 796 et
1123 758 1292 795 sanus
1321 741 1382 795 in
1401 742 1517 796 vita
1537 758 1668 796 vera
1689 750 1744 797 et
1765 744 2002 798 oonsilio

390 836 551 873 sano:
597 835 705 873 non
734 818 885 873 enim
914 818 1152 872 inaniter
1179 816 1392 870 dictum
1421 812 1541 880 est,‘
1573 816 1725 887 quod
1753 821 1876 871 dum
1895 823 2002 872 ad-

389 898 487 947 huc
523 899 631 961 ipse
666 898 883 957 viver-ets
934 892 1127 964 procul
1165 892 1321 946 misit
1356 890 1622 945 damnum
1659 892 1994 963 vitiumque

388 970 541 1025 Misit
572 976 755 1022 autem
782 984 890 1022 non
926 969 987 1022 in
1023 975 1239 1039 partem
1275 966 1626 1030 orientalem,
1678 966 1779 1021 sed
1815 969 1996 1039 magis

387 1043 711 1098 naturaliter
728 1048 787 1097 in
807 1052 1003 1098 terram
1020 1047 1263 1108 orientis5
1301 1058 1412 1097 non
1438 1041 1704 1097 videlicet
1727 1043 1788 1097 in
1813 1043 1998 1098 caele-

388 1120 493 1173 stia
514 1117 883 1189 divinumque
903 1118 1090 1173 lumen
1106 1158 1119 1181 ,
1163 1116 1262 1171 sed
1288 1117 1347 1171 in
1373 1125 1587 1172 terrena
1615 1118 1778 1188 atque
1805 1134 1998 1172 corru-

387 1194 611 1265 ptibilia
640 1193 935 1265 superbiae
962 1208 1248 1263 vanaeque
1274 1192 1483 1264 gloriae
1510 1191 1722 1247 lumina
1741 1201 1796 1247 et
1815 1192 1997 1264 phan-

387 1276 644 1331 tasmata,
687 1284 923 1339 quorum
944 1267 1306 1322 aemulatores
1327 1267 1456 1322 facti
1477 1275 1626 1322 sunt.
1705 1266 1848 1333 Quia
1873 1269 1997 1322 ina-

388 1360 487 1397 nes
516 1350 647 1397 sunt
675 1343 1051 1397 contentiones
1081 1343 1254 1396 animi
1289 1343 1346 1397 in
1375 1340 1633 1405 divitias,
1676 1341 1914 1414 gloriam
1941 1354 1998 1398 et

387 1418 478 1470 his
499 1416 735 1480 similia,
778 1432 921 1487 quae
949 1416 1140 1487 plures
1174 1417 1234 1471 in
1262 1418 1492 1473 meliore
1518 1424 1674 1490 parte
1703 1418 1993 1474 collocant.

427 1623 522 1674 Gur
556 1622 615 1673 de
649 1623 753 1673 vita
785 1622 1017 1673 Abrahae
1052 1625 1290 1689 referens,
1347 1625 1486 1689 dicit,
1530 1628 1662 1691 quod
1692 1626 1819 1691 „Hi
1851 1640 1959 1679 sunt

642 1692 761 1742 anni
792 1690 970 1741 dierum
1003 1692 1132 1743 vitae
1167 1692 1484 1743 Abrahae“?
1527 1696 1637 1761 (25,
1664 1698 1736 1757 7.)

507 1815 621 1868 ⁴50.
663 1810 883 1886 Optime
908 1814 1017 1867 dies
1042 1811 1214 1867 dixit:
1259 1828 1367 1866 non
1395 1814 1545 1868 enim
1573 1814 1697 1869 vult
1725 1831 2000 1871 annorum

390 1890 604 1961 copiam
627 1905 901 1961 exponere
916 1929 928 1951 ‚
960 1888 1107 1942 sicut
1132 1886 1592 1961 historiographi,
1623 1888 1723 1943 sed
1743 1890 1998 1946 indicare

388 1964 639 2037 singulas
670 1963 949 2036 Sapientis
980 1970 1182 2018 aetates
1213 1962 1502 2019 distinctas
1529 1972 1642 2019 tam
1680 1963 1997 2021 laudabiles

386 2038 562 2092 fuisse
576 2078 589 2102 ,
616 2054 784 2107 quam
805 2038 1120 2109 perenniter
1139 2036 1388 2093 durasse.
1457 2038 1752 2110 Siquidem
1773 2040 1997 2096 dierum

387 2120 743 2183 augmentum
790 2120 872 2166 est
917 2130 1122 2177 annuS,
1200 2129 1307 2169 non
1353 2130 1484 2169 vero
1530 2132 1800 2170 annorum
1849 2115 1992 2171 dies.

384 2185 655 2251 Quoniam
677 2185 906 2241 decebat
925 2203 1017 2241 eos
1032 2228 1045 2251 ,
1084 2188 1184 2258 qui
1205 2187 1515 2243 secundum
1535 2190 1798 2245 virtutem
1821 2192 1996 2247 vitam

387 2268 583 2333 agunt,
625 2268 688 2315 ut
713 2277 813 2331 pro
840 2262 1104 2331 temporis
1139 2261 1489 2335 longitudine
1515 2274 1878 2337 augmentum
1917 2264 1992 2341 [³¹⁵]

384 2354 516 2408 prae
534 2353 596 2391 se
617 2334 821 2390 ferrent
838 2350 948 2389 non
970 2336 1107 2391 adeo
1125 2343 1346 2408 tempus
1365 2340 1668 2395 senectutis
1683 2381 1695 2405 ,
1720 2349 1998 2412 quantum

384 2412 604 2467 radium
630 2409 989 2466 dominicum.
1016 2448 1021 2453 .

390 2609 485 2657 Cur
522 2620 675 2659 autem
712 2610 831 2661 anni
862 2608 989 2658 vitae
1023 2617 1204 2657 centum
1235 2614 1544 2677 septuayinta
1579 2616 1820 2680 quinque?
1875 2620 2001 2683 (ib.)

505 2725 617 2776 ⁴5⁴.
660 2723 929 2789 Quoniam
959 2724 1166 2796 septies
1198 2725 1256 2778 in
1289 2742 1352 2779 eo
1381 2744 1610 2784 numero
1639 2733 2004 2789 continentur
2101 2736 2103 2787 ἰ

2101 2792 2104 2930 Ι

2093 2948 2102 3023 l
