2125 3084
323 194 388 245 86
778 197 1148 244 rumonus
1185 196 1458 243 mnam
1739 192 1802 258 [1‚
1827 194 1928 259 aa]

324 305 405 353 est
432 296 629 353 factus.
707 299 873 353 Inane
902 298 1096 369 utique
1116 298 1219 353 erit
1235 297 1548 367 quaestioni
1569 296 1638 352 de
1657 300 1816 371 gravi
1837 298 1928 354 le-

319 374 492 444 vique
520 372 733 445 aliquid
762 371 961 427 addere
988 374 1047 427 in
1075 374 1348 446 praesenti
1385 373 1776 443 inquisitione,
1817 374 1924 428 sed

321 448 561 503 sufficiet
580 456 790 502 tantum
817 448 1001 503 dicere
1016 489 1029 513 ‚
1071 447 1221 526 quod
1241 449 1330 503 aer
1351 454 1404 502 et
1424 449 1574 521 ignis
1595 449 1924 504 naturaliter

320 523 585 578 habentes
622 530 829 579 motum
864 523 924 578 in
962 540 1184 577 sursum
1209 522 1420 593 absque
1456 525 1726 598 gravitate
1755 540 1857 579 nec
1885 542 1921 578 a

323 608 464 654 terra
484 614 663 669 neque
683 598 753 653 ab
773 614 912 669 aqua
932 615 1156 653 sursum
1173 605 1519 669 premuntur.
1587 600 1715 654 Fuit
1733 607 1920 653 autem

322 674 715 730 elementorum
734 673 981 727 extensio
1000 690 1100 745 per
1117 672 1527 744 providentiam
1545 690 1682 745 opus
1702 682 1919 728 creato-

322 750 399 805 ris
420 749 721 821 patrisque.
796 748 865 803 Et
884 755 1025 803 terra
1043 748 1335 821 occupavit
1352 747 1624 803 medium:
1661 749 1913 819 primum

322 825 565 896 quidem,
596 842 665 877 ne
683 823 905 894 abrepta
924 822 1270 895 aliquatenus
1289 840 1319 877 a
1340 831 1527 879 centro
1548 823 1906 887 dimoveatur,

322 916 449 954 nam
476 900 595 954 eius
621 900 777 953 nisus
804 915 867 953 ac
894 899 1054 953 statio
1085 900 1142 953 in
1171 905 1419 953 centrum
1447 898 1647 966 tendit3
1708 898 1912 953 iterum

322 984 505 1031 autem
518 1016 530 1039 ‚
580 980 642 1028 ut
680 974 755 1027 ita
792 973 1147 1029 circumcirca
1185 972 1461 1028 habitetur
1475 1014 1489 1038 ,
1549 974 1608 1028 in
1645 981 1914 1045 quantum

322 1050 472 1105 enim
496 1046 568 1123 [*]
592 1055 824 1119 perstat,
848 1044 991 1103 recte'
1010 1049 1194 1103 omnia
1216 1067 1280 1102 su
1323 1066 1382 1103 er
1401 1064 1522 1103 eam
1541 1056 1715 1113 stant,
1737 1066 1913 1120 quum

322 1134 376 1180 et
402 1126 526 1196 ipsa
554 1124 614 1178 in
642 1131 889 1178 centrum
918 1122 1182 1179 ferantur.
1259 1066 1377 1189 guo
1406 1123 1668 1196 probatur
1695 1132 1751 1179 et
1773 1124 1914 1197 figu-

321 1216 437 1255 ram
466 1200 586 1253 eius
612 1214 712 1269 per
739 1196 1142 1270 providentiam
1169 1196 1367 1253 factam
1396 1198 1568 1255 fuisse
1604 1198 1908 1271 globosam,

320 1274 451 1345 quia
471 1273 583 1327 iam
602 1271 806 1327 dictam
824 1273 1427 1328 circumhabitationem
1447 1290 1556 1328 non
1575 1274 1787 1344 patitur
1807 1274 1913 1341 alia

320 1348 495 1420 figura
510 1388 522 1411 ‚
564 1347 713 1417 quod
742 1356 890 1420 patet
914 1366 985 1403 ex
1002 1350 1074 1403 iis
1095 1366 1236 1421 quae
1254 1347 1639 1421 philosophice
1658 1349 1914 1405 conside-

320 1432 509 1478 rantur
528 1422 597 1477 de
618 1421 810 1495 figuris
831 1422 1400 1496 habitationibusque3
1455 1423 1597 1479 nihil
1619 1426 1773 1479 enim
1793 1426 1914 1479 sine

318 1499 526 1553 ratione
546 1514 666 1551 esse
686 1497 1003 1554 conceditur
1024 1516 1053 1553 a
1075 1499 1256 1554 nobis.
1304 1497 1373 1553 At
1394 1516 1500 1553 non
1521 1498 1758 1569 proinde
1780 1500 1913 1556 lice-

318 1572 402 1628 bit
421 1589 682 1643 quaerere
700 1573 991 1638 rationem,
1016 1591 1158 1646 quae
1176 1590 1282 1629 non
1303 1574 1593 1629 concordet
1614 1591 1743 1629 cum
1764 1576 1915 1630 veri-
2080 1576 2081 1637 l

319 1656 429 1703 tate
443 1690 455 1711 ,
478 1646 577 1727 sed
598 1664 689 1703 eas
710 1664 853 1719 quae
872 1657 1234 1723 congruentes
1255 1649 1679 1721 comperiantur.
2080 1650 2081 1653 ’

430 1757 518 1809 63.
566 1752 629 1809 Id
656 1770 787 1809 vero
816 1754 965 1809 idem
994 1764 1104 1819 est,
1149 1770 1211 1809 ac
1227 1754 1278 1807 si
1297 1754 1426 1824 quis
1445 1754 1800 1827 gymnasium
1826 1755 1914 1809 in-

318 1828 577 1903 grediens
597 1827 784 1885 videat
800 1830 992 1902 globos
1010 1838 1066 1884 et
1083 1846 1284 1885 vacuos
1305 1828 1487 1883 discos
1501 1868 1514 1891 ,
1556 1845 1699 1899 quae
1727 1831 1910 1883 omnia

320 1904 388 1959 ad
408 1921 572 1962 usum
592 1905 995 1959 exercitationis
1016 1920 1312 1976 puerorum
1328 1904 1594 1977 ’magister
1617 1920 1910 1976 praepara-

318 1980 487 2043 verit,
531 1996 673 2051 quae
702 1988 844 2034 certe
872 1980 1113 2051 speciem
1141 1979 1385 2050 aliquam
1421 1978 1688 2033 exhibent
1719 1980 1909 2050 provi-

319 2054 536 2109 dentiae
566 2056 697 2109 artis
726 2054 917 2125 periti:
946 2115 953 2123 ‚
978 2054 1187 2109 diceret
1214 2054 1406 2127 globos
1433 2053 1505 2108 ob
1536 2052 1816 2109 levitatem
1844 2054 1906 2107 fi-

318 2146 489 2201 gurae
503 2171 516 2193 ,
540 2130 749 2201 quippe
770 2130 868 2199 qui
890 2129 1053 2185 facile
1073 2128 1306 2184 mobiles
1326 2136 1472 2192 sunt,
1495 2130 1806 2183 necessario
1826 2128 1906 2183 fa·
1975 2158 1979 2160 ·

318 2212 432 2259 ctos
454 2204 627 2259 fuisse
647 2212 707 2258 ut
728 2205 905 2276 magis
932 2212 1085 2275 aptos
1107 2203 1176 2259 ad
1195 2204 1638 2258 exercitationem
1667 2204 1905 2275 corporis

315 2278 647 2342 inventum,
690 2296 891 2334 vacuos
922 2296 1051 2335 vero
1078 2279 1259 2334 discos
1276 2278 1347 2333 ob
1368 2278 1806 2342 circulationem,
1847 2285 1907 2333 ut

317 2352 470 2407 nullo
489 2353 705 2424 negotio
723 2354 1010 2409 iaciantur.
1092 2354 1289 2409 Statim
1315 2354 1463 2409 enim
1483 2352 1688 2424 aliquis
1713 2352 1772 2407 in
1793 2370 1908 2406 me-

316 2424 473 2479 dium
494 2425 759 2483 accedens
781 2427 1023 2492 doceret,
1069 2445 1175 2483 non
1197 2436 1390 2499 suapte
1419 2435 1637 2492 natura,
1683 2427 1782 2482 sed
1809 2444 1908 2497 per

316 2505 486 2551 artem
506 2500 864 2573 studiumque
884 2504 1224 2574 experientia
1243 2502 1516 2557 firmatum
1537 2520 1636 2574 pro
1655 2503 1783 2557 utili
1799 2500 1908 2557 fine

316 2568 451 2651 haec
470 2570 609 2627 facta
630 2573 824 2630 fuisse.
900 2576 1265 2643 Quamobrem
1285 2595 1444 2633 nemo
1457 2620 1470 2643 ‚
1495 2578 1595 2648 qui
1613 2577 1759 2637 bene
1779 2594 1910 2631 sen-

317 2647 399 2701 t1t,
432 2647 805 2716 contemplans
826 2651 1019 2705 mundi
1038 2660 1220 2721 partes
1239 2648 1684 2722 differentiasque
1704 2652 1764 2705 in
1784 2652 1912 2707 istis

315 2725 676 2781 occurrenteS,
696 2726 997 2779 naturalem
1009 2728 1390 2781 necessitatem
1399 2727 1746 2799 singularum
1757 2744 1914 2781 com-
