2125 3084
212 215 279 280 [1,
296 211 465 277 61.62.]
507 218 607 270 DE
644 217 1197 266 P'RovaNTIA
1233 221 1487 268 SERMO
1524 221 1586 267 11.
1747 217 1814 269 65

202 317 585 387 *vibi-ationem
627 326 889 374 attentare
916 328 972 374 et
1000 319 1276 392 linguam,
1319 337 1389 374 an
1409 321 1483 376 sit
1501 323 1744 393 asperior
1759 332 1815 379 et

212 393 519 465 maliloqua
533 435 546 458 ,
578 394 669 448 vel
693 393 901 448 detorta
920 395 978 448 in
1000 411 1169 449 unam
1186 403 1397 466 partem
1417 413 1481 450 ao
1506 411 1696 451 carens
1717 413 1817 453 ou-

207 469 395 538 ‘stode;
456 478 718 524 attentare
746 479 800 524 et
825 479 1100 534 ventrem,
1161 487 1232 525 an
1258 469 1564 525 insatiabili
1592 470 1816 528 laxitate

208 545 567 612 intumuerit3
605 561 803 599 >omnes,
832 543 1076 615 denique
1096 546 1320 600 omnino
1336 543 1557 600 morbos
1575 547 1818 618 aegritu-

208 619 514 690 diuesque,
557 619 607 672 si
639 617 937 674 mixturam
963 617 1037 694 [Ἴ
1060 619 1306 691 aliquam
1335 619 1630 675 admisisse
1657 621 1818 676 vide-

194 701 377 749 -antur
396 693 681 768 (animae),
720 695 981 759 scrutari,
1024 711 1094 748 ne
1121 697 1410 766 priventur
1425 696 1657 751 sanitate
1675 697 1817 767 ipsis

210 770 597 824 conveniente.
676 770 837 824 Nunc
862 777 1043 824 autem
1079 769 1413 824 exteriorum
1441 771 1718 825 radiorum
1747 772 1819 826 il-

214 840 473 899 luminati
508 844 783 909 claritate,
850 843 1210 916 intelligibile
1247 845 1434 900 lumen
1477 844 1670 901 videre
1708 863 1818 902 non

210 927 474 992 possunt,
505 928 669 991 atque
688 920 765 974 ita
783 919 1100 976 oberrantes
1119 919 1320 974 frustra
1339 921 1628 975 insumunt
1645 921 1818 976 vitam

208 1009 375 1049 suam
390 1034 402 1056 ,
433 995 648 1066 regium
668 995 929 1050 conclave
952 995 1218 1066 attingere
1237 995 1387 1049 haud
1406 995 1680 1061 valentes,
1715 996 1818 1051 sed
1909 1057 1914 1064 ¹

208 1083 396 1139 usque
417 1067 489 1123 ad
502 1069 845 1124 vestibulum
863 1077 1053 1140 portae
1073 1085 1234 1141 aegre
1254 1071 1660 1140 pervenientes,
1673 1087 1817 1144 quae

210 1159 317 1216 pro
332 1143 555 1198 virtutis
574 1143 786 1198 foribus
806 1145 917 1199 sint
936 1159 1070 1214 opes
1085 1185 1098 1208 ,
1129 1145 1360 1216 gloriam
1375 1186 1388 1209 ,
1427 1147 1714 1218 sanitatem
1736 1147 1820 1201 af-

204 1219 459 1290 finiaque
478 1218 601 1273 istis
620 1220 807 1274 mirati
824 1219 1072 1274 adorant.
1131 1219 1520 1276 Verumtamen
1533 1222 1682 1276 sicu't
1699 1237 1818 1277 ma-

208 1295 299 1348 ior
316 1309 579 1348 excessus
598 1303 681 1348 est
706 1294 1015 1349 dementiae
1030 1331 1043 1358 ,
1089 1293 1158 1349 ad
1179 1295 1504 1350 electionem
1522 1312 1708 1350 rerum
1727 1299 1818 1352 vi-

209 1367 535 1442 sibiliuffl)
550 1385 737 1424 caecos
759 1369 975 1438 iudices
992 1368 1266 1424 adhihere
1277 1379 1380 1425 aut
1398 1371 1596 1426 surdos
1609 1389 1714 1443 'pro
1731 1379 1819 1428 to·-

207 1443 303 1498 nis
324 1443 631 1506 secundum
651 1447 902 1500 musicen
912 1465 934 1500 ·:
962 1445 1045 1499 sic
1065 1445 1231 1500 etiam
1250 1445 1532 1518 improbos
1543 1446 1812 1512 homines,

178 1541 185 1546 ·
210 1519 313 1574 uhi
334 1520 519 1593 agiqu-
536 1519 606 1575 de
624 1521 857 1575 veritate
872 1520 1172 1588 bonorum.;
1197 1521 1460 1592 quoniam
1481 1524 1575 1577 isti
1592 1524 1815 1595 proprie

210 1594 577 1651 dominatrice
597 1596 657 1649 in
680 1611 773 1650 eos
796 1605 978 1666 mente
995 1595 1278 1650 obcaecati
1299 1605 1446 1660 sunt,
1471 1613 1814 1670 superquam

208 1669 475 1726 tenebras·
486 1669 789 1742 profundas
810 1671 1132 1742 insipientia
1152 1670 1364 1726 offudit.

328 1777 417 1831 24.
468 1773 616 1840 Quid
646 1775 833 1844 itaque
862 1775 1128 1830 miramur
1158 1776 1366 1840 adhuc,
1406 1777 1455 1829 si
1473 1775 1734 1830 Socrates
1764 1785 1817 1830 et

211 1850 311 1905 alii
334 1848 657 1904 huiusmodi
680 1849 811 1903 iusti
832 1849 1084 1905 homines
1109 1847 1182 1924 [*]
1207 1852 1265 1904 in
1286 1857 1604 1921 paupertate
1624 1849 1817 1904 deces-

208 1922 440 1980 serunt?
493 1923 785 1989 fluminea,
824 1926 922 1996 qui
950 1925 1094 1993 nihil
1125 1941 1388 1996 umquam
1405 1922 1662 1978 utilitatis
1683 1941 1816 1979 suae

209 2005 382 2055 causa'
407 1998 584 2053 moliti
605 2006 753 2064 sunt,
778 1989 973 2056 v'erum
995 2003 1161 2056 etiam
1183 2001 1231 2054 si
1252 1997 1654 2071 quid-oblatum
1675 1997 1816 2055 fuis*-

210 2083 295 2130 set
326 2073 397 2128 ab
428 2075 621 2129 amicis
650 2074 929 2146 opulentis
960 2076 1202 2148 plurima
1225 2072 1641 2146 possidentibus
1663 2075 1816 2146 ipsa-

208 2167 323 2222 que
342 2166 536 2222 regum
556 2151 698 2206 dona
719 2167 916 2223 magna
933 2193 945 2214 ,
970 2151 1029 2205 id
1050 2167 1272 2222 quoque
1293 2165 1554 2220 respuere
1575 2165 1814 2219 aequum

210 2227 517 2286 duxerunt:
579 2228 841 2299 quoniam
864 2227 1037 2281 solam
1061 2225 1282 2280 virtutis
1301 2223 1706 2295 possessionem
1725 2241 1814 2278 ar-

209 2301 401 2356 bitrati
421 2309 549 2356 sunt
568 2301 773 2360 bonum
798 2317 920 2357 esse
944 2310 997 2356 et
1016 2301 1305 2355 honestum
1321 2341 1333 2364 ‚
1359 2299 1450 2353 cui
1465 2299 1713 2366 studium
1731 2299 1813 2354 la·-

209 2377 363 2432 boris
410 2375 793 2448 impendentes
840 2385 1037 2431 cuncta
1084 2375 1226 2429 bona
1265 2373 1664 2445 despiciebant.
1742 2375 1810 2431 Et

206 2469 343 2507 sane
380 2453 509 2523 quis
546 2469 655 2506 non
697 2452 999 2526 contemnit
1034 2450 1185 2522 quod
1221 2448 1596 2504 adulterinum
1633 2457 1718 2504 est
1747 2467 1810 2504 ao

206 2527 480 2593 alienum,
525 2535 579 2582 et
607 2526 758 2598 quod
786 2544 981 2582 verum
1008 2535 1092 2582 est
1119 2534 1171 2580 et
1209 2525 1543 2598 genuinum,
1588 2527 1809 2600 assequi

310 2667 358 2717 1ὓ)
396 2667 517 2708 Arm.
544 2669 601 2706 ad
626 2668 834 2717 syllabas:
871 2669 1200 2715 possessionums
1245 2666 1358 2705 unde
1392 2670 1510 2714 patet
1533 2677 1588 2706 eu
1655 2667 1810 2718 legisse

204 2717 429 2784 inmodice
456 2729 534 2758 suo
562 2718 725 2758 Graeco
752 2715 991 2808 χίημάτων.
1042 2717 1128 2758 Sed
1161 2717 1314 2756 mellus
1340 2717 1567 2766 legendum
1657 2721 1674 2758 t
1695 2731 1814 2770 χρω-

206 2781 380 2822 aarum,
422 2772 620 2810 odorum.
670 2769 781 2809 Auo
820 2795 833 2808 .
1305 2799 1312 2808 .

277 2821 507 2873 Pium)
545 2821 689 2872 Vm.
1353 2821 1398 2870 E
