2125 3084
199 224 408 295 [ustum]
535 230 616 277 IN
655 228 1005 275 GENESIN.
1047 230 1299 291 senno
1336 232 1419 279 Ν.
1686 226 1790 281 243

199 332 362 389 multa
379 331 609 386 iniusta.
671 330 843 385 Habet
863 331 1026 385 etiam
1045 348 1213 385 unam
1234 340 1416 403 togam
1434 332 1639 404 oppido
1658 335 1787 405 pul—

199 409 406 464 chram:
459 405 727 461 sensibile
756 405 1018 461 videlicet
1046 404 1100 460 et
1126 406 1474 477 superficiale
1499 424 1789 464 ornamen-

197 494 333 547 tum,
357 500 420 538 ac
439 482 594 535 illam
611 523 623 545 ‚
654 498 796 553 quae
816 482 1073 553 usquein
1095 480 1263 535 verba
1282 481 1581 553 disciplina
1599 493 1681 538 est
1700 484 1791 539 in-

197 557 528 631 telligentiae
543 598 555 621 ,
599 571 878 627 quamque
907 572 978 611 ex
997 556 1295 630 encyclicis
1316 556 1517 611 studiis
1536 559 1793 613 nonnulli

195 633 494 706 possident.
559 634 731 687 Nemo
750 632 898 685 enim
919 630 1025 686 fuit
1044 649 1309 703 umquam
1326 630 1567 703 perfecte
1588 633 1785 696 malm,

196 708 292 763 sed
309 725 378 763 ex
398 708 688 766 contrariis
708 708 917 762 mixtus
935 716 1020 763 est
1033 748 1046 771 ,
1072 708 1218 763 iusto
1236 716 1290 763 et
1309 708 1517 764 iniusto
1530 750 1543 773 ,
1567 710 1715 781 turpi
1738 718 1791 763 et

193 782 448 855 pulchro,
493 792 657 853 atque
684 782 992 839 universim
1019 799 1095 837 ex
1120 783 1264 839 bono
1292 792 1346 837 et
1385 783 1549 838 malo.
1628 784 1789 839 Porro

193 859 396 929 optime
419 856 564 912 dixit
581 856 947 928 Epicharmus
969 856 1058 930 (al.
1077 857 1491 931 Epimarchus):
1524 858 1790 925 Quicum-

192 950 330 1005 que,
362 933 464 996 ait,
495 932 683 989 minus·
701 932 1007 1003 delinquit,
1039 934 1283 1004 optimus
1307 931 1380 1007 [*]
1406 941 1489 989 est
1514 934 1631 1003 vir;
1678 952 1789 989 ne-

193 1024 284 1063 mo
313 1016 396 1063 est
424 1008 570 1063 enim
599 1009 890 1072 immoene,
941 1023 1103 1063 nemo
1130 1009 1396 1079 vituperii
1427 1026 1645 1081 expers.
1721 1010 1790 1065 Et

191 1080 516 1153 Euripides:
557 1080 671 1149 Qui
689 1082 1093 1139 incontinentes
1115 1093 1244 1139 sunt
1262 1092 1316 1139 et
1334 1084 1607 1140 redundat
1626 1086 1685 1139 in
1706 1087 1789 1139 eis

190 1326 328 1383 dum
359 1326 543 1382 nullus
569 1327 690 1381 sine
714 1334 939 1399 peccato
964 1325 1239 1398 Erupides
1266 1326 1447 1399 (mar-9.
1469 1324 1791 1402 Euripides)

187 1419 412 1475 quoque
460 1404 737 1458 neminem
781 1401 1325 1473 irreprehensibilem
1372 1401 1540 1465 dixit,
1604 1414 1785 1461 tamen

185 1476 523 1550 quibusdam
544 1476 894 1532 abundantur
911 1476 1101 1549 (mary.
1126 1478 1423 1553 abundant)
1448 1479 1784 1537 malitiarum

186 1552 434 1609 fomenta.
465 1553 676 1626 turpia,
734 1553 956 1623 iniqua,
1019 1552 1156 1609 adeo
1233 1555 1383 1609 ravis
1426 1554 1787 1613 adversantur

183 1631 397 1685 strenui
412 1670 426 1694 ,
468 1626 804 1701 quibusdam
823 1636 1004 1683 tamen
1025 1629 1101 1684 ita
1126 1629 1201 1685 alt
1230 1630 1451 1685 insecus
1475 1632 1619 1687 inest
1644 1639 1787 1687 tem-

181 1705 462 1776 perantia,
503 1712 566 1759 ut
595 1702 860 1759 nonnulli·
873 1704 1060 1759 omnia
1088 1705 1327 1777 pessima
1354 1704 1635 1761 obtineant
1655 1708 1785 1761 abs-

179 1796 294 1850 que
313 1793 427 1832 uno
449 1778 610 1842 bon0,
649 1778 702 1851 ³¹⁵)
722 1778 974 1835 nonnulli
991 1781 1177 1835 omnia
1198 1780 1506 1833 necessaria
1528 1780 1649 1834 sine
1668 1781 1785 1835 ullo

179 1853 356 1908 malo.
393 1850 558 1918 ‘Quos
575 1853 712 1908 solet
729 1854 1083 1927 philosophia
1102 1870 1347 1908 summos
1369 1870 1565 1908 vocare
1584 1871 1785 1909 secun-

179 1928 326 1983 dum
356 1928 623 1983 malitiam
653 1936 706 1983 et
732 1932 1011 1985 virtutem.
1090 1928 1321 1983 Videtur
1359 1944 1488 2000 ergo
1518 1926 1587 1983 de
1616 1928 1785 1983 indu-

179 2005 324 2059 stria
347 2002 586 2069 dixisse,
625 2012 677 2059 et
699 2021 766 2059 ex
785 2014 997 2079 aperto:
1041 2003 1214 2059 rurali
1234 2019 1363 2059 vero
1384 2002 1579 2057 stolam
1600 2010 1785 2075 aptam

177 2096 293 2133 non
317 2093 469 2143 esse,
513 2077 638 2135 ideo
668 2080 815 2153 apud
843 2089 1079 2135 matrem
1104 2076 1237 2143 fuit,
1278 2094 1380 2133 nec
1407 2076 1540 2132 dum
1570 2078 1657 2133 illi
1683 2080 1783 2135 do-

172 2163 334 2219 nata,
379 2153 476 2209 sed
505 2155 649 2210 iusto
678 2163 973 2211 reservata.
1053 2154 1136 2209 Tu
1165 2154 1215 2208 si
1245 2170 1407 2209 unam
1435 2152 1636 2209 habere
1655 2172 1783 2227 spe—

171 2230 324 2283 ciem
362 2229 698 2285 laudabilem
732 2232 895 2303 quasi
929 2229 1288 2301 spectabilem
1327 2238 1419 2284 aut
1453 2238 1777 2301 pretextam,

172 2304 266 2358 vel
291 2304 562 2359 urbanam
583 2322 872 2360 censuram
893 2306 1122 2360 caeteris
1148 2304 1408 2359 omnibus
1436 2305 1782 2377 vituperabi-

171 2379 247 2433 lis
280 2380 632 2453 constitutus.
712 2380 941 2435 Fautrix
975 2397 1106 2434 vero
1144 2389 1314 2435 mater
1346 2381 1559 2435 animae
1592 2376 1781 2454 perse-

168 2456 454 2520 verantia,
496 2454 798 2510 decernens
826 2454 1117 2525 nequando
1145 2456 1350 2510 imbrui
1373 2454 1657 2537 depereat,
1701 2457 1781 2511 si-

169 2530 294 2584 mul
321 2536 375 2584 et
395 2528 636 2585 unifaria
657 2530 936 2601 contingat
954 2530 1114 2583 ruina
1129 2571 1141 2593 ‚
1186 2529 1333 2601 apud
1360 2548 1419 2585 se
1448 2530 1779 2587 reservando

166 2612 222 2658 et
245 2603 615 2659 custodiendo
636 2604 833 2683 stolam
855 2613 1262 2667 asseverantur,
1306 2620 1412 2674 qua
1444 2614 1662 2677 accepta
1688 2624 1779 2662 or-

276 2780 323 2826 *)
353 2779 474 2829 Quae
495 2777 647 2817 dehinc
668 2781 921 2824 sequuntur,
949 2776 1105 2815 desunt
1122 2778 1164 2815 in
1182 2778 1301 2816 Arm.

1270 2830 1368 2887 ιιι).
