2125 3084
346 217 445 268 306
594 221 796 266 PHIL.
836 220 985 266 IUD.
1026 219 1354 279 QUAEsT.
1391 219 1490 266 ET
1537 221 1695 267 SOL.
1735 215 1973 283 [11,454.]

346 321 666 394 cogitationi
703 319 1049 376 familiarior.
1130 321 1335 376 Verum
1373 337 1482 376 non
1519 319 1723 376 frustra
1753 321 1972 376 adiecit

346 405 399 451 et
442 399 775 452 anniculum.-
850 413 1023 450 annus
1060 397 1214 450 enim
1251 395 1497 469 (Graecis
1537 394 1800 461 ἐνιαυτός,
1853 396 1970 450 Ar-

344 472 525 526 menis
551 469 694 543 dari)
722 470 1073 542 perfectus
1099 487 1172 525 ex
1208 487 1274 526 eo
1311 478 1397 526 est
1435 471 1777 533 nominatus,
1819 472 1966 542 quia

343 548 529 602 omnia
557 546 617 600 in
646 563 707 600 se
732 544 1130 616 comprehensa
1157 552 1356 616 portat.
1433 543 1707 611 Quoniam
1736 562 1874 599 vero
1901 546 1965 599 in

342 620 566 677 duobus
596 628 833 691 quatuor
860 627 1172 691 temporum
1202 619 1494 675 frondibus
1525 627 1711 674 carent
1738 628 1793 673 et
1833 637 1964 674 are-

276 747 283 754 .
344 703 505 751 scunt
523 696 743 767 plantae
757 734 771 757 ‚
811 694 873 749 in
892 703 1158 750 autumno
1177 702 1232 751 et
1253 694 1436 749 hieme
1451 735 1463 758 ‚
1501 695 1562 750 in
1581 693 1800 749 duobus
1821 711 1962 748 vero

344 789 374 826 e
394 778 581 826 contra
601 767 896 824 florescunt
914 776 969 824 et
995 767 1208 824 fructus
1238 767 1447 832 ferunt,
1488 769 1548 824 in
1577 785 1750 823 verno
1777 776 1832 823 et
1863 786 1962 824 ae·—

342 847 487 901 stivo
514 843 779 900 videlicet
804 850 950 899 statu
964 883 977 908 ‚
1022 843 1221 900 horum
1241 843 1448 898 similia
1471 851 1525 898 et
1543 843 1957 916 proficientium

344 922 559 975 animae
578 920 873 974 sustinent.
914 919 1054 972 Nam
1073 919 1294 974 reiectis
1315 919 1462 974 vitae
1479 917 1789 973 rationibus
1799 917 1957 990 (cau-

342 995 440 1068 sis)
460 994 575 1049 fere
594 995 777 1049 omnia
802 993 955 1049 arida
976 994 1393 1066 comperiuntur
1406 1033 1419 1058 ‚
1454 993 1732 1049 demutata
1751 1009 1952 1064 nempe

342 1069 745 1142 cupiditatibus
785 1069 1023 1139 aliisque
1052 1069 1268 1124 cunctis
1297 1066 1613 1136 affectibus3
1677 1075 1802 1139 post
1831 1085 1952 1122 eam

342 1161 472 1201 vero
494 1145 853 1200 mutationem
873 1160 1081 1199 novum
1099 1159 1326 1216 germen
1354 1142 1594 1214 pullulat
1623 1142 1952 1214 prudentiae

340 1227 395 1274 et
422 1236 589 1274 sanae
620 1220 849 1287 mentis;
912 1217 1213 1290 aliquando
1247 1226 1430 1273 autem
1459 1218 1642 1292 gignit
1663 1216 1950 1289 producit-
1985 1242 2007 1256 2

340 1311 449 1365 que
475 1291 749 1364 perfectos
770 1293 1076 1364 sapientiae
1105 1291 1336 1348 fructus.
1413 1292 1572 1359 Quod
1603 1300 1788 1356 autem
1816 1309 1950 1348 oves

340 1376 507 1438 atque
544 1366 749 1420 haedos
788 1367 946 1420 iubet
972 1369 1316 1438 praeparari,
1358 1367 1485 1422 ideo
1514 1367 1772 1430 fortasse,
1815 1369 1949 1438 quia

340 1441 477 1494 haec
504 1440 766 1494 animalia
792 1441 970 1511 magis
998 1439 1286 1514 Aegyptus
1313 1443 1372 1496 i‘n
1408 1443 1757 1504 divinitatem
1797 1451 1948 1496 retu-

341 1515 502 1568 lerat:
540 1520 625 1568 ‚ut
656 1513 993 1568 demonstret
1028 1524 1304 1586 protector
1343 1518 1560 1571 ruinam
1601 1516 1948 1572 adversario-

338 1604 490 1652 rum,
534 1603 775 1658 quanam
806 1585 879 1663 [*]
914 1590 1119 1645 virtute
1147 1590 1414 1647 destructi
1443 1593 1581 1656 sint,
1625 1592 1724 1664 qui
1767 1609 1946 1662 neque

338 1663 533 1736 patffiis
552 1663 665 1718 diis
685 1663 895 1719 auxilio
916 1681 1038 1720 esse
1060 1665 1374 1721 valuerunt.
1439 1666 1796 1722 Postmodum
1817 1683 1945 1721 vero

338 1738 572 1794 masculi
594 1739 653 1793 in
673 1738 1025 1812 quotidianas
1055 1740 1264 1796 hostias
1291 1749 1679 1806 secernuntur,
1719 1749 1776 1795 et
1804 1741 1943 1796 hirci

339 1817 397 1870 in
418 1815 799 1870 remissionem
821 1824 1191 1886 peccatorum.
1269 1817 1414 1870 Haec
1433 1825 1614 1871 autem
1635 1816 1796 1888 signa
1817 1825 1944 1870 sunt

338 1891 554 1946 animae
592 1889 769 1945 bonae
808 1889 1201 1961 perfectionem
1229 1889 1297 1963 (s.
1330 1889 1515 1964 finem)
1545 1891 1937 1946 desiderantis:

338 1981 563 2020 necesse
586 1965 736 2020 enim
756 1973 871 2020 erat
888 1967 1047 2036 prius
1067 1966 1306 2020 evellere
1323 1974 1566 2036 peccata,
1589 1965 1795 2020 deinde
1817 1982 1940 2020 vero

339 2040 544 2096 ablutis
582 2039 664 2094 eis
704 2039 941 2095 candido
980 2057 1131 2096 more
1166 2039 1430 2112 perficere
1477 2047 1640 2112 atque
1687 2056 1940 2096 exercere

338 2114 690 2186 quotidianas
720 2116 953 2170 virtutes
965 2113 1039 2187 ⁴¹⁵).

343 2289 439 2340 Gur
465 2289 707 2355 praecipit
738 2305 886 2352 usque
921 2290 991 2339 ad
1023 2299 1244 2354 quartam
1281 2290 1507 2341 decimam
1553 2291 1754 2354 (mensis
1788 2291 1933 2350 diem)

691 2372 971 2406 conservare
1003 2359 1322 2420 sacrificium?
1366 2361 1471 2423 (12,
1505 2359 1580 2422 6.)

449 2474 501 2524 9.
563 2468 883 2524 Secundum
913 2468 1218 2526 Sabbatum
1256 2471 1324 2543 (s.
1366 2471 1578 2543 duplex
1615 2471 1930 2535 hebdomas.

336 2560 445 2612 quo
467 2543 589 2598 dies
612 2545 736 2600 XIV.
756 2543 1140 2615 conficiuntur)
1160 2545 1326 2601 habet
1347 2548 1406 2601 in
1425 2564 1524 2601 sua
1546 2555 1740 2600 natura
1770 2547 1937 2602 hono-

335 2633 479 2680 rem,
531 2618 663 2686 quia
702 2619 825 2688 ipso
862 2617 993 2672 luna
1033 2628 1347 2675 exornatur.
1435 2619 1704 2688 Quoniam
1746 2632 1935 2692 quarta

436 2753 477 2798 “)
502 2761 540 2791 ⁸·
561 2756 764 2802 tumea-e
790 2758 1035 2806 quotidiana
1062 2758 1204 2806 officia
1227 2761 1378 2801 virtute
1403 2764 1621 2810 usurpata.
1674 2759 1837 2802 Auoh.
