2125 3084
330 193 423 248 4³4
770 197 1144 244 rmnoms
1190 196 1459 243 mnam
1711 190 1780 256 [1‚
1808 194 1938 260 145]

325 297 578 354 nonnulli
593 338 605 361 ‚
636 298 737 368 qui
758 296 899 352 nihil
918 296 1142 352 credere
1159 303 1562 352 consueverunt
1587 296 1940 370 nisiexplo-

324 379 523 437 ratum,
544 371 766 428 voluere
786 372 988 427 certius
1010 379 1394 444 argumentum
1405 370 1684 432 dictor-uun
1703 389 1932 444 capere.

324 447 587 504 videntes
615 447 803 518 itaque
828 445 1160 502 testudinem
1181 446 1458 516 expletam
1476 447 1698 516 vipera,
1741 449 1938 522 origa—

326 540 460 580 num
486 538 657 594 prope
682 539 803 576 eam
832 530 1018 576 natum
1044 520 1310 576 radicitus
1340 520 1669 584 evellentes,
1719 539 1934 594 exspe-

326 597 545 654 ctabant
582 598 792 651 exitum
830 613 1041 662 rerum;
1103 595 1202 650 illa
1237 613 1370 651 vero
1404 604 1672 667 appetens
1715 606 1779 652 et
1817 616 1932 653 non

326 673 605 744 reperiens
628 679 687 726 ut
704 669 917 734 ederet,
950 678 1163 726 mortua
1181 679 1282 725 est.

439 783 523 836 40.
563 781 675 834 Nec
705 779 885 834 solum
914 795 1104 834 curare
1134 778 1351 834 morbos
1380 779 1439 834 in
1466 778 1654 849 aliquo
1675 789 1930 850 repertos

322 863 417 911 aut
436 862 744 926 suspectos,
775 855 873 909 sed
894 853 1107 910 dolores
1129 854 1294 908 etiam
1311 854 1372 907 in
1393 869 1452 908 se
1473 853 1682 926 fingere
1703 852 1928 908 fallaci-

323 939 405 986 ter
435 929 502 986 ad
534 928 851 986 evitandum
882 928 1152 993 laborem,
1195 929 1544 983 observatum
1575 937 1661 983 est
1695 927 1782 1000 (in
1805 931 1923 983 ani-

324 1004 604 1078 malibus).
650 1005 849 1060 Dicunt
868 1005 1015 1058 enim
1031 1046 1043 1068 ‚
1068 1003 1215 1076 quod
1235 1003 1618 1076 Aristogitoni,
1645 1003 1751 1057 uni
1779 1004 1923 1059 inter

325 1098 443 1144 eos,
483 1081 582 1152 qui
612 1080 812 1134 virtute
834 1080 1146 1135 claruerunt
1171 1080 1229 1132 in
1249 1077 1532 1150 republica
1552 1077 1914 1143 Athenarum,

324 1172 353 1211 e
396 1173 499 1209 uus
528 1163 642 1209 erat
669 1155 854 1228 piger,
896 1155 995 1226 qui
1024 1155 1082 1208 in
1113 1151 1471 1225 hippodromo
1498 1153 1643 1208 ultro
1673 1153 1919 1226 fingebat

326 1173 398 1304 [Ξ]
419 1227 727 1284 claudicare
743 1271 755 1292 ‚
800 1229 971 1284 donec
1000 1227 1338 1301 deprehensa
1359 1227 1464 1282 fuit
1488 1227 1558 1282 ab
1579 1229 1916 1300 agasonibus

319 1319 581 1376 processu
612 1306 871 1375 temporis
900 1304 1048 1359 fraus
1069 1312 1121 1358 et
1139 1303 1433 1375 castigatus
1463 1301 1596 1366 ruit,
1635 1320 1751 1374 quo
1783 1321 1917 1374 sup-

319 1377 489 1449 plicio
516 1377 717 1432 deinde
744 1379 1025 1449 superavit
1046 1379 1349 1451 ignaviam:
1394 1379 1556 1448 atque
1583 1378 1660 1432 ita
1691 1379 1918 1449 experi-

320 1459 501 1508 mento
530 1451 817 1522 probatum
856 1453 988 1516 fuit,
1031 1452 1180 1524 quod
1214 1452 1496 1507 evidenter
1525 1452 1916 1508 fraudulentus

320 1525 445 1582 dolo
464 1543 599 1580 usus
621 1524 797 1580 fuerat
810 1567 823 1590 ,
848 1543 955 1582 non
976 1527 1200 1584 aliunde
1213 1569 1226 1592 ‚
1267 1544 1436 1599 quam
1463 1528 1740 1599 sapientia
1757 1545 1917 1584 men-

320 1603 413 1657 tis.

434 1713 517 1765 Η.
559 1709 722 1764 Haud·
744 1710 979 1764 inaniter
1008 1718 1061 1766 et
1089 1709 1232 1766 illud
1262 1710 1489 1776 dicitur,
1529 1711 1684 1782 quod
1705 1711 1918 1766 bubul-

320 1801 509 1844 corum
528 1792 763 1841 mentem
784 1793 836 1839 et
862 1785 1147 1858 ingenium
1181 1786 1382 1841 habent
1410 1787 1617 1841 bovum
1643 1795 1910 1848 armenta,

318 1863 464 1917 sicut
474 1869 527 1916 et
538 1877 731 1933 caprae
742 1863 1126 1932 capi-ariorum,
1151 1871 1203 1916 et
1217 1879 1353 1934 grex
1362 1869 1662 1932 pastorum,
1689 1870 1743 1916 et
1752 1877 1915 1934 agre-

319 1937 513 1992 stiores
561 1937 780 1992 belluae
824 1943 1130 1991 curatorum
1181 1953 1424 1991 suorum.
1521 1937 1912 1991 Verumtamen

319 2011 567 2066 ciborum
587 2011 813 2084 quidem
835 2020 887 2066 et
904 2018 1132 2082 potuum
1147 2053 1159 2074 ‚
1189 2012 1648 2082 praesepiumque
1667 2019 1726 2066 et
1743 2027 1915 2084 gene·

318 2087 481 2143 ratim
502 2103 690 2142 eorum
710 2087 957 2141 omnium
970 2126 983 2149 ,
1024 2101 1166 2156 quae
1186 2087 1326 2156 ipsis
1347 2087 1574 2140 utilitati
1595 2094 1692 2142 aut
1712 2085 1913 2142 damno

317 2168 473 2225 sunt,
507 2177 614 2216 non
637 2161 815 2215 minor
834 2171 915 2216 est
934 2162 1130 2232 peritia
1159 2161 1488 2232 cognitionis
1503 2201 1516 2225 ,
1555 2161 1635 2216 ita
1662 2170 1729 2217 ut
1746 2163 1913 2217 etiam

316 2237 532 2308 copiam
550 2234 828 2306 quandam
846 2242 1063 2292 teneant
1085 2236 1378 2290 multarum
1399 2236 1792 2309 variarumque
1813 2253 1912 2292 no-

314 2313 555 2375 tionum,
598 2319 707 2365 tam
736 2310 1083 2365 artificiosam
1112 2327 1278 2382 quam
1308 2311 1661 2366 rationalem:
1697 2321 1765 2368 ’ut
1780 2328 1910 2383 pro-

314 2385 447 2440 inde
468 2385 767 2440 absurdum
788 2386 859 2440 sit
879 2386 1135 2451 maxime,
1160 2387 1303 2442 inter
1319 2403 1380 2442 se
1398 2385 1647 2442 conferre
1667 2396 1910 2442 nostram

315 2467 368 2510 et
388 2459 611 2513 illorum
635 2460 1053 2530 providentiam.
1321 2487 1328 2492 ·

424 2565 507 2618 42.
551 2567 853 2622 Formicam
872 2585 979 2622 non
998 2569 1184 2631 vides,
1215 2569 1407 2640 exigui
1427 2568 1672 2640 corporis
1703 2567 1910 2622 animal

314 2639 367 2682 et
398 2647 719 2703 magnorum
746 2655 973 2711 operum
1001 2643 1296 2712 providum
1333 2661 1432 2713 per
1467 2643 1804 2697 industriam
1847 2660 1916 2698 ac

314 2709 585 2757 mentem?
649 2713 789 2766 Haec
820 2717 1027 2770 aestiva
1056 2725 1376 2788 tempestate
1405 2726 1682 2790 comparat
1713 2734 1918 2774 neces-

2087 993 2090 1066 t
