2125 3084
354 169 449 223 414
798 155 1172 221 ΡΗῐιὸΝῐε
1209 172 1482 220 mmm
1665 167 1672 171 ·
1727 166 1822 232 ,[Ῑ,
1853 168 1994 233 ηε]

454 279 506 330 2.
574 276 987 330 Lrsnucntm.
1053 271 1356 344 Equidem,
1399 289 1432 326 o
1465 279 1731 326 venerate
1768 273 1981 336 Philo.

348 367 519 404 unum
541 358 622 404 est
642 349 792 404 istud
819 351 987 403 trium
1014 349 1262 408 iliorum,
1307 363 1539 417 quorum
1571 347 1980 418 inspectiones

349 426 738 480 convincentes
764 423 1036 486 efficiunt,
1088 430 1149 477 ut
1187 421 1404 476 auditor
1430 423 1630 476 iterum
1663 425 1874 478 veniat
1903 424 1976 477 ad

349 518 503 563 eum,
544 501 642 571 qui
664 499 945 553 locuturus
966 506 1068 551 est.
1151 493 1222 570 [Ἴ
1258 495 1582 551 Avunculus
1613 498 1773 551 enim
1793 507 1892 553 est
1912 517 1976 553 ac

349 575 514 630 simul
537 592 716 630 socer:
751 577 1011 645 quoniam
1033 589 1139 626 non
1163 589 1220 624 es
1242 571 1461 625 nescius
1476 613 1488 635 ‚
1516 571 1669 642 quod
1693 572 1818 626 filia
1843 575 1973 627 eius

350 651 487 704 mihi
539 651 693 704 iuxta
730 665 886 703 suam
934 649 1098 702 etiam
1145 646 1564 716 promissionem
1618 646 1972 720 desponsata

347 743 486 780 uxor
515 733 615 778 est.
693 725 971 777 Dictorum
1000 738 1130 776 vero
1157 718 1457 775 recordatio
1485 721 1725 776 moiesta
1765 740 1834 777 ac
1878 725 1969 778 in-

332 809 491 867 xcerta
512 800 615 854 erit
632 801 710 862 ei,
743 798 966 870 quinon
988 805 1071 851 est
1087 797 1309 850 omnino
1329 804 1626 851 consuetus
1647 796 1742 852 his
1765 799 1962 861 rebu8‚

349 876 587 930 maxime
608 876 752 929 circa
780 872 1007 930 arduam
1026 871 1432 942 quaestionem,
1473 870 1638 926 cuius
1667 873 1960 928 evidentia

350 949 696 1005 certitudinis
720 949 904 1003 iumen
922 948 1054 1000 oriri
1077 945 1298 999 fecisset
1311 987 1324 1010 ‚
1349 946 1399 999 si
1419 947 1622 1018 agitata
1645 946 1886 1012 fuisset,
1907 957 1958 1002 et

348 1026 507 1096 quasi
530 1027 951 1078 circumversata
972 1030 1033 1077 ut
1050 1020 1460 1093 imprimeretur
1474 1061 1486 1085 ‚
1520 1037 1632 1076 non
1653 1023 1954 1094 superficie

348 1109 506 1154 tenus
530 1099 716 1154 audita
728 1098 800 1171 *).

458 1211 509 1261 3.
544 1207 753 1262 Pauo.
796 1209 991 1279 Magna
1013 1223 1100 1260 res
1122 1213 1265 1259 certe
1287 1211 1368 1258 est
1389 1204 1724 1276 magistrum
1747 1223 1943 1269 amare,

348 1283 417 1337 iis
438 1282 536 1352 qui
558 1281 749 1337 audire
780 1283 1029 1352 cupiunt.
1111 1280 1361 1334 Attamen
1383 1279 1450 1333 ad
1469 1280 1742 1350 optimam
1764 1280 1948 1337 erudi-

344 1359 549 1412 tionem
582 1356 721 1411 nihil
754 1356 904 1410 aliud
945 1357 1018 1410 ita
1058 1355 1267 1410 auxilio
1305 1372 1424 1409 esse
1463 1354 1688 1409 videtur
1703 1397 1718 1417 ,
1784 1373 1946 1428 quam

345 1439 653 1486 constanter
673 1432 813 1484 scire
834 1448 923 1493 ea,
948 1447 1092 1500 quae
1113 1431 1372 1504 magister
1391 1431 1643 1502 suggerit
1653 1430 1768 1504 ΗΕ).
1843 1431 1944 1498 Qui

344 1508 389 1561 si
415 1507 681 1560 veraciter
702 1504 929 1560 edocere
950 1506 1165 1576 cupiat,
1211 1505 1356 1559 haud
1379 1505 1448 1559 ab
1469 1506 1670 1560 alienis
1693 1508 1849 1562 curis
1871 1516 1946 1561 at-

345 1581 487 1638 trahi
508 1598 565 1635 se
586 1581 864 1652 permittet
886 1581 945 1634 in
966 1582 1401 1652 occupationem.
1460 1581 1559 1634 Dic
1579 1581 1726 1636 mihi
1744 1623 1757 1646 ‚
1782 1599 1945 1655 quae-

345 1675 433 1721 s0,
468 1675 536 1711 an
558 1658 616 1710 in
634 1656 839 1710 alienas
864 1655 991 1728 quis
1012 1654 1337 1710 distrahitur
1354 1673 1442 1710 res
1457 1697 1470 1719 ,
1504 1654 1734 1711 fratrem
1755 1675 1942 1729 quem-

346 1734 471 1788 dam
522 1731 813 1787 laetificare
863 1730 1082 1795 volenS,
1147 1748 1208 1785 ac
1248 1731 1366 1784 sine
1413 1731 1702 1802 impendio
1751 1750 1939 1805 parans

346 1809 639 1864 verborum
660 1808 981 1863 convivium
1002 1805 1383 1861 auditoribus?
1401 1805 1472 1860 At
1490 1815 1552 1860 tu
1573 1806 1808 1863 fortasse
1829 1825 1938 1863 eam

342 1885 415 1940 ob
436 1901 687 1949 causam,
730 1901 798 1938 ne
828 1882 1050 1938 videare
1081 1881 1241 1936 facile
1267 1899 1406 1953 opus
1425 1897 1695 1954 peragere
1715 1884 1938 1937 similis-

344 1976 453 2030 que
476 1976 595 2014 esse
616 1961 689 2013 iis
704 2000 717 2022 ,
759 1959 858 2030 qui
885 1967 1135 2029 prompte
1162 1958 1394 2030 gratiam
1413 1957 1720 2027 proiiciunt
1740 1959 1800 2013 in
1821 1975 1935 2012 con-

344 2043 621 2106 spectum:
654 2034 779 2089 ideo
799 2051 994 2106 gressu
1016 2042 1218 2088 remoto
1240 2031 1454 2086 recedis
1469 2074 1482 2095 ‚
1507 2033 1934 2102 supplicationes

344 2111 587 2182 rogantis
610 2109 841 2163 maiores
868 2115 1190 2180 exspectans
1205 2148 1218 2170 ‚
1251 2108 1413 2178 quasi
1433 2107 1702 2178 precibus
1725 2110 1932 2165 demum

344 2185 566 2238 nonnisi
587 2201 747 2256 aegre
770 2200 998 2239 annuas,

456 2313 508 2364 4.
550 2311 958 2364 Lrsmacnos.
1000 2308 1425 2379 OccupationeS‚
1465 2325 1500 2363 o
1519 2308 1711 2374 Philo,
1763 2329 1828 2364 an
1852 2326 1932 2362 ra·-

345 2386 521 2438 tiones
542 2402 648 2438 non
668 2383 815 2439 sint?
852 2387 971 2439 Non
992 2401 1050 2438 es
1071 2385 1218 2438 enim
1241 2384 1462 2438 nescius
1477 2425 1490 2447 ‚
1532 2393 1669 2456 quot
1691 2391 1932 2458 cognato-

446 2521 487 2565 n)
526 2523 661 2560 Totus
687 2524 887 2562 introitus
914 2524 1043 2562 huius
1071 2524 1228 2571 dialogi
1255 2523 1562 2563 obscuritatem
1589 2525 1770 2564 nimiam
1795 2526 1929 2564 lubet:

342 2569 717 2658 gni-pgitiAlgztgres
756 2574 929 2612 aliunde
964 2577 1145 2622 possunt
1184 2575 1512 2613 declarationem
1547 2575 1739 2623 aliquam
1773 2577 1935 2614 adinve-

443 2664 510 2708 “”“)
550 2677 585 2704 s.
613 2670 697 2707 levi
724 2675 959 2711 mutatione
985 2673 1112 2712 unius
1139 2674 1325 2714 litterae:
1365 2675 1577 2714 attendere
1602 2677 1848 2724 mamm-um
1873 2686 1932 2720 ea,

340 2721 446 2756 quae
482 2715 565 2750 vult
598 2726 833 2764 coqueret-e,
894 2724 1054 2762 Auen.

2052 2367 2053 2412 ι

2051 2449 2053 2504 A

2051 2543 2053 2610 ἦ

2052 2615 2053 2690 l
