2125 3084
368 171 436 221 92
621 170 814 215 mun.
853 170 1000 214 IUD.
1043 170 1371 226 QUAEST.
1411 170 1509 213 ET
1550 170 1712 215 son.
1753 164 1987 233 [11‚2⁷2.]

369 273 720 334 divitiarum,
772 270 1095 341 cupiditatis
1126 278 1178 324 et
1206 267 1525 323 ambitionis
1564 269 1978 341 similiumque,

369 364 515 421 quae
545 346 646 402 vix
671 346 995 418 permittunt
1033 346 1249 399 animae
1284 345 1345 398 in
1380 342 1631 398 absoluto
1672 353 1816 400 statu
1853 362 1987 401 am-

368 422 584 477 bulare.
663 420 881 493 Optime
901 420 1088 492 itaque
1110 419 1201 473 lex
1226 417 1294 491 (s.
1319 418 1521 491 legem)
1543 421 1797 491 exponit,
1821 423 1983 491 quod

369 497 606 568 sapienti
624 513 786 551 omne
808 495 1048 567 spatium
1076 494 1325 566 amplum
1353 502 1463 557 est,
1506 494 1581 548 ita
1611 503 1673 548 ut
1699 496 1983 566 quicquid

369 575 429 627 in
461 570 668 627 mundo
695 578 804 634 est,
849 568 1115 624 referatur
1136 570 1194 624 in
1213 567 1611 623 habitationem
1632 570 1901 641 sapientis
1923 582 1985 629 et

370 666 428 703 m
467 646 984 717 contemplationem
1023 644 1375 716 singillatim.
1454 642 1561 709 Qui
1591 662 1722 701 vero
1752 663 1859 700 non
1890 655 1982 703 est

368 722 497 779 talis
512 763 524 786 ‚
567 738 670 777 nec
699 720 894 775 domus
924 736 1105 791 neque
1136 718 1449 774 intellectus
1470 719 1592 773 eius
1613 728 1695 775 est
1713 719 1824 775 sihi
1842 737 1979 795 pro-

371 798 556 870 priuS,
599 795 698 851 sed
727 795 1020 867 despectus
1051 794 1387 866 comperitur
1416 810 1604 849 eorum
1635 795 1835 859 instar,
1874 800 1978 867 qui

371 874 432 927 in
461 888 768 943 cauponam
797 870 1124 926 intraverint
1142 868 1324 927 solum
1345 867 1412 923 ad
1435 886 1495 923 se
1516 868 1865 941 implendum
1884 870 1977 927 in-

371 945 876 1021 gurgitandumque
896 944 1071 1000 vitiis.

413 1102 542 1161 Quid
557 1111 627 1152 est
644 1138 678 1166 ,‚
698 1100 865 1169 Coeqt’t
880 1101 986 1153 illos
1003 1111 1049 1153 et
1067 1100 1419 1154 declinaverunt
1439 1100 1509 1151 ad
1527 1117 1625 1149 eum
1642 1103 1709 1151 “P
1734 1102 1839 1166 (19,
1863 1105 1939 1162 3.)

486 1224 570 1276 34.
625 1220 930 1293 Diligenter
967 1219 1181 1275 dictum
1220 1228 1329 1284 est,
1378 1219 1527 1290 quod
1556 1236 1664 1274 non
1693 1218 1972 1284 intrarint,

373 1296 472 1351 sed
502 1301 829 1357 diverterint,
872 1296 1134 1365 quoniam
1160 1294 1411 1366 pauciter
1438 1302 1651 1350 tantum
1678 1294 1977 1351 declinatio

375 1370 614 1425 efficitur
633 1385 914 1423 sacrorum
943 1364 1241 1424 verboru'm
1269 1368 1419 1441 apud
1445 1368 1822 1441 proficientes,
1863 1388 1977 1425 non

373 1461 505 1499 vero
524 1442 926 1515 perfectissima
946 1447 1268 1516 acceptatio.
1310 1444 1487 1500 Causa
1505 1461 1635 1499 vero
1654 1444 1979 1499 declinandi

377 1522 656 1587 compulsio
681 1527 790 1587 est3
844 1522 1133 1591 proprium
1158 1528 1243 1577 est
1264 1522 1414 1575 enim
1433 1518 1741 1591 proficienti
1762 1536 1871 1577 non
1892 1519 1980 1575 fa-

375 1594 482 1649 cile
509 1600 816 1667 sponteque
843 1596 1067 1667 assequi
1095 1594 1426 1667 probitatem
1455 1593 1524 1666 (s.
1548 1595 1719 1651 bonas
1738 1594 1979 1669 indoles)

376 1670 552 1726 libero
579 1670 794 1742 impetu
808 1712 820 1735 ‚
853 1671 953 1726 sed
981 1670 1155 1733 multo
1173 1687 1300 1727 cum
1322 1670 1510 1725 labore
1528 1668 1851 1739 compulsus
1870 1679 1977 1725 est.

374 1747 486 1801 Hoc
505 1746 654 1803 enim
675 1754 868 1818 sponte
893 1744 968 1822 [³¹⁶]
991 1746 1319 1817 sapientiam
1340 1753 1529 1817 optare
1548 1744 1786 1815 sapienti
1812 1744 1981 1801 fami-

377 1822 512 1878 liare
541 1830 624 1879 est
633 1820 686 1896 *)
702 1864 715 1888 ,
757 1823 893 1879 alter
921 1838 1052 1879 vero
1078 1838 1151 1879 ex
1169 1820 1497 1877 necessitate
1518 1820 1719 1877 ductus
1739 1836 1839 1891 per
1859 1821 1979 1875 vim

373 1899 686 1953 instruitur.
1539 1919 1542 1923 ⁷

381 2053 478 2103 Cur
513 2068 632 2099 unus
664 2052 752 2101 iste
771 2052 898 2115 fecit
933 2053 1000 2101 eis
1027 2061 1193 2115 potum
1229 2060 1275 2101 et
1307 2066 1519 2116 azymum
1548 2052 1657 2115 (19,
1696 2052 1787 2116 3)?
1818 2051 1979 2101 Abra-

531 2116 637 2168 ham
667 2133 776 2165 vero
813 2119 1147 2181 subcinericia,
1193 2136 1287 2169 non
1319 2128 1487 2183 potum
1524 2119 1633 2182 (18,
1674 2125 1701 2169 5
1723 2120 1825 2184 s.)5’

489 2220 576 2273 35.
615 2217 826 2273 Dicitur
852 2218 999 2289 apud
1021 2236 1221 2290 pueros
1242 2220 1586 2277 medicorum
1600 2261 1615 2285 ,
1644 2220 1794 2293 quod
1814 2229 1978 2292 potus

376 2310 486 2349 non
512 2291 674 2347 cibus
703 2300 814 2359 est,
853 2292 952 2349 sed
983 2306 1177 2351 currus
1208 2295 1341 2351 cibi.
1368 2354 1371 2357 ,
1421 2297 1686 2351 Monstrat
1724 2307 1779 2351 et
1824 2296 1979 2352 locus

374 2371 496 2441 ipse
516 2385 738 2440 quoque
757 2366 1099 2440 superfluum
1126 2386 1250 2425 esse
1277 2370 1655 2435 commodum,
1700 2387 1807 2426 non
1836 2388 1979 2443 opus

376 2446 770 2500 necessarium.
850 2444 1085 2501 Decebat
1112 2445 1285 2517 igitur
1310 2445 1627 2517 Sapientem
1669 2447 1976 2501 necessaria

375 2537 718 2591 praeparare,
743 2520 951 2593 quibus
971 2528 1197 2575 naturae
1220 2520 1451 2577 latitudo
1468 2519 1729 2575 conclusa
1751 2530 1860 2577 est:
1909 2521 1981 2575 il-

379 2712 394 2747 ι
478 2660 603 2746 *)As.
639 2660 896 2747 goluntan’ae
927 2663 1157 2713 sapientiae
1190 2666 1248 2700 eet
1283 2665 1426 2708 optare
1460 2662 1657 2707 sapientis
1692 2660 1971 2705 familiarita-

396 2718 472 2747 em.
572 2719 630 2747 uc
679 2737 690 2747 .
