2125 3084
139 241 232 306 [11,
257 235 381 302 438]
502 242 583 286 ΙΝ
624 240 979 286 GENESIN.
1027 241 1279 287 ammo
1315 245 1401 290 Ν.
1649 239 1748 292 289

134 345 406 404 termissa
432 341 765 414 cogitatione
789 340 1015 397 caelesti
1041 357 1371 413 semperque
1395 337 1641 416 virgine,
1680 346 1750 401 ad

138 419 288 492 quid
309 418 415 472 erit
435 413 576 471 mihi
598 417 790 472 vivere
811 415 1133 472 huiusmodi
1154 416 1398 472 videndo
1423 417 1754 475 demutatio-

138 511 277 550 nem
297 501 353 548 et
379 492 759 564 captivitatem
787 493 847 546 in
878 491 1306 547 similitudinem
1335 492 1606 558 civitatis,
1644 504 1752 552 tota

144 572 335 625 anima
371 565 688 624 destructa?
747 564 1019 631 Quoniam
1054 583 1181 622 ecce
1221 576 1275 622 et
1303 567 1440 623 alter
1468 585 1539 621 ex
1564 577 1758 624 natura

142 645 316 701 frater
335 644 457 698 eius
472 683 485 706 ,
510 641 759 716 moribus
776 649 961 704 tamen
978 642 1244 697 inimicus
1258 682 1271 705 ‚
1296 661 1328 697 a
1343 643 1622 715 principio
1643 645 1760 698 vir-

142 729 324 776 tutem
343 718 470 773 odio
492 716 703 772 habens
717 758 731 782 ‚
771 733 870 788 per
889 717 1164 789 impervia
1182 719 1455 788 perrexit,
1495 717 1760 776 derelicta

144 797 244 850 via
258 836 271 859 ‚
302 811 445 866 quae
465 809 566 867 per
584 800 796 848 rectum
816 792 1235 864 condecensque
1255 791 1624 862 conducebat3
1677 805 1761 851 at—

146 887 263 942 que
284 887 316 925 a
335 868 710 924 familiaritate
740 867 891 932 eius,
932 869 1033 939 qui
1065 868 1372 924 secundum
1402 868 1759 940 disciplinam

148 944 394 1008 incedit,
435 943 807 1008 abalienatus,
848 941 1190 999 ferocitatem
1223 943 1570 1001 insolentiae·
1591 945 1761 1001 laeta-

149 1018 349 1075 bunde
370 1015 479 1074 sibi
500 1018 740 1074 adscivit
753 1059 765 1082 ‚
798 1019 873 1073 ita
892 1027 955 1073 ut
973 1020 1198 1075 omnino
1216 1027 1489 1093 agrestem
1506 1018 1762 1078 redderet

150 1096 409 1152 animum
425 1109 523 1164 per
542 1095 684 1149 iram
698 1135 713 1158 ‚
738 1092 1102 1166 cupiditatem
1117 1135 1130 1160 ,
1155 1095 1487 1152 iniustitiam
1500 1137 1514 1161 ‚
1549 1095 1763 1152 fraudi-

149 1172 379 1240 busque
396 1170 577 1224 omnia
596 1177 773 1225 astute
791 1169 1154 1226 tentantibus.

159 1278 330 1336 Quare
365 1276 481 1327 dicit
513 1277 561 1326 ei
581 1287 727 1343 pater·
758 1295 893 1328 auus.-
958 1315 994 1342 ‚‚
1010 1275 1194 1344 δαν-98,
1245 1280 1455 1345 transfer
1488 1291 1533 1330 te
1567 1282 1617 1330 in
1650 1279 1761 1332 Me·

296 1345 605 1410 sopotamiam
647 1347 695 1395 in
720 1345 920 1404 ,domum
962 1345 1182 1396 Bathuel
1201 1348 1373 1411 ‚patrna
1414 1349 1580 1400 matris
1631 1359 1756 1412 tuae,

294 1423 517 1547 ggaunlaes
534 1413 624 1544 gibi
652 1431 843 1464 uxorem
871 1414 931 1463 de
946 1414 1154 1478 filiabus
1177 1413 1355 1465 Laban
1371 1417 1554 1481 fratria
1579 1421 1761 1467 tuaffl?

388 1519 402 1544 ,
524 1517 535 1531 .

271 1570 394 1624 243.
445 1568 649 1622 Littera
678 1564 860 1623 facilis
880 1568 1166 1624 intellectu
1185 1578 1294 1634 est,
1323 1571 1383 1624 in
1403 1578 1604 1626 terram
1625 1572 1762 1627 alie-

156 1781 353 1834 vivere
390 1777 640 1836 cernenti
674 1785 783 1832 tam
824 1779 1184 1849 pernitiosam
1226 1779 1765 1849 transmigrationem

158 1852 255 1908 vel
277 1851 564 1908 excidium
578 1859 765 1922 utpote
784 1854 1027 1909 civitatis
1042 1893 1055 1915 ‚
1069 1887 1082 1902 .
1099 1852 1204 1907 hoc
1222 1861 1331 1915 est,
1375 1852 1589 1906 animae
1610 1852 1765 1907 obsi-

158 1929 343 1990 dium.
426 1926 700 1982 Naturalis
724 1945 961 2002 namque
988 1928 1154 1983 frater
1173 1927 1458 1982 ultroneus
1477 1925 1760 1990 inimicus,

160 2023 192 2060 a
212 2001 494 2076 principio
514 2001 765 2059 detentus
784 2003 913 2060 odio
932 2003 1257 2059 clementiae
1270 2042 1284 2066 ‚
1315 2017 1604 2072 perversas
1627 2002 1766 2057 arri—

160 2079 286 2151 puit
324 2078 474 2143 vias,
536 2077 744 2136 directo
781 2080 980 2135 itinere
1018 2079 1191 2134 vitato
1227 2085 1282 2134 et
1319 2074 1765 2133 mansuetudinis

124 2181 131 2188 ·
163 2155 435 2210 alienatus
450 2196 466 2219 ,
513 2153 811 2213 ferocitatis
848 2154 1034 2211 extitit
1068 2153 1537 2210 familiarissimus
1551 2193 1564 2217 ‚
1615 2153 1767 2206 iner-

162 2230 297 2285 tiam
317 2230 643 2303 vegetando,
669 2239 723 2285 et
732 2238 901 2286 totam
920 2237 1162 2286 mentem
1181 2228 1344 2285 furiis
1364 2228 1768 2285 desideriorum

165 2304 375 2376 iniquis
397 2314 629 2362 venatus
650 2303 839 2377 (marq-
864 2304 1216 2378 venenatus),
1257 2322 1318 2360 se
1337 2305 1595 2378 religavit
1617 2311 1768 2358 astu-

164 2381 280 2436 tiis.

172 2486 330 2546 Quare
363 2489 515 2552 inquit
543 2499 689 2553 pater
728 2487 882 2538 illius:
934 2525 968 2551 „
983 2487 1200 2553 Sur-qens
1229 2489 1357 2553 ficye
1400 2489 1448 2538 in
1488 2485 1767 2552 Mesopota-

295 2557 436 2606 miam
468 2557 521 2606 in
556 2556 741 2606 domum
773 2555 991 2606 Bathuel
1013 2557 1176 2620 patris
1207 2557 1373 2606 matria
1407 2572 1561 2618 meae,
1607 2565 1653 2605 et
1690 2571 1770 2604 ac-

296 2624 402 2688 cipe
427 2625 542 2739 “tgbi
558 2685 566 2690 .
593 2641 785 2674 uxorem
838 2639 871 2673 a
907 2624 1112 2686 filiabus
1163 2623 1342 2673 Laban
1382 2624 1564 2687 fratris
1605 2623 1770 2674 maa-is

298 2701 410 2740 tuae
678 2717 685 2724 ·

239 2779 397 2901 p243,
434 2777 860 2902 Pazslfrationis
887 2777 944 2830 in
972 2782 1206 2849 utroque
1224 2779 1538 2902 perinittere
1560 2787 1769 2856 patrem

296 2864 337 2900 ιι
350 2865 370 2900 1
384 2865 417 2900 ι,
434 2866 468 2900 o
615 2886 627 2899 .
1311 2855 1324 2871 '
1349 2855 1359 2872 ⁸

2047 29 2067 294 i
