2125 3084
78 196 161 271 [11‚
186 192 323 269 soa]
456 202 539 246 m
580 201 932 247 GENEsm.
972 202 1228 249 sERMo
1265 206 1351 253 Π.
1615 204 1710 255 ⁴25

79 303 396 359 minabile:
448 300 673 373 quando
690 315 823 357 vero·
844 302 1077 357 interius
1097 302 1326 368 habitet,
1357 307 1595 361 animam
1617 307 1712 363 dei

82 377 543 435 amantissimam
563 376 621 430 in
642 392 703 431 se
723 377 917 442 vertit,
948 377 1171 433 obtenta
1199 381 1482 436 sanctitate
1497 422 1510 445 ,
1552 384 1710 453 puri-

82 464 189 510 tate
218 462 278 509 et
306 451 571 507 illibatae
607 451 757 505 vitae
792 452 1162 522 possessione.
1240 452 1605 525 Quapropter,
1647 466 1710 512 ut

85 547 203 585 reor
216 572 231 594 ,
278 536 341 583 et
370 534 627 581 sanctum
655 524 798 580 illud
833 525 1252 583 tabernaculum
1291 528 1462 585 factor
1500 530 1620 584 eius
1655 540 1712 586 et

88 604 349 661 conditor
372 600 723 673 duplicatum
742 599 874 657 fecit
887 643 900 667 ,
930 602 1055 657 velo
1077 602 1432 676 distinguens
1452 604 1712 660 interiora

88 680 486 748 exterioraque
499 717 515 741 ‚
581 677 795 731 interna
833 676 1084 733 vocando
1124 676 1324 733 Sancta
1361 678 1710 743 Sanctorum,

88 764 321 811 externa
365 768 500 807 vere
539 758 753 805 tantum
781 750 1003 807 Sancta.
1081 753 1226 807 Haec
1257 761 1443 809 tamen
1473 753 1710 809 totaliter

86 827 423 903 spirituales
454 834 506 881 et
532 825 921 897 intelligibiles
958 828 1202 897 species3
1275 828 1488 900 duplex
1527 836 1710 883 autem

82 906 369 978 spelunca
386 900 867 973 participationem
894 901 1061 956 habet
1091 903 1362 974 corporis,
1405 904 1510 959 etsi
1537 903 1708 959 nimis

80 980 323 1052 propria
344 976 627 1048 possessio
645 976 721 1031 sit
741 976 963 1032 consilii
982 976 1152 1031 deum
1173 977 1478 1051 diligentis.

161 1136 268 1187 Gur
300 1133 583 1185 Abrahamo
618 1106 768 1183 solari
800 1132 1073 1197 speluncam
1100 1134 1286 1199 petenti
1315 1132 1519 1199 Ephron
1555 1134 1640 1185 dat

250 1206 253 1209 ’
462 1218 615 1266 supra
648 1218 816 1265 aqrum
851 1206 1068 1265 quoque?
1103 1203 1208 1267 (23,
1245 1202 1352 1267 11.)

210 1308 301 1359 8⁴.
344 1302 429 1359 Ad
449 1304 690 1360 litteram
710 1304 919 1359 dixerit
942 1305 1222 1376 quispiam
1237 1345 1252 1367 ‚
1294 1302 1446 1375 quod
1473 1304 1704 1359 miratus

92 1382 383 1437 hominem
400 1380 846 1451 sapientiamque
866 1380 987 1435 eius
1001 1420 1015 1443 ‚
1039 1395 1150 1450 qua
1171 1378 1430 1434 cernebat
1449 1395 1578 1433 eum
1597 1379 1698 1443 uti,

93 1458 335 1530 gratiam
376 1453 673 1509 arbitratus
710 1462 795 1509 est
828 1462 1078 1525 oportere
1117 1456 1367 1525 impense
1397 1453 1698 1509 abundare.

92 1532 181 1587 Ad
200 1538 449 1586 mentem
468 1544 601 1585 vero
620 1537 779 1601 putat
796 1528 897 1585 ille
908 1570 939 1593 ‚.
966 1528 1115 1599 quod
1133 1537 1344 1601 oportet
1362 1546 1555 1602 agrum
1573 1546 1702 1585 cum

92 1609 305 1661 virtute
340 1604 595 1677 praedito
632 1606 971 1677 coniungere
1006 1604 1310 1677 symbolice
1325 1644 1338 1667 ‚
1400 1612 1462 1659 ut
1503 1603 1704 1659 habeat

95 1698 301 1753 corpus
337 1680 651 1734 necessaria
687 1679 959 1751 voluptati
988 1680 1286 1735 servientia
1316 1677 1502 1734 debito
1531 1695 1703 1749 appa-

95 1766 240 1811 ratu.
338 1756 448 1810 Iste
485 1770 617 1809 vero
654 1770 763 1810 non
810 1762 975 1826 negat
1020 1754 1092 1808 ob
1138 1753 1427 1808 liberalem
1473 1768 1700 1813 morem,

96 1831 313 1903 quippe
348 1830 450 1901 qui
490 1829 692 1899 plenus
732 1829 831 1893 sit,
882 1828 983 1883 sed
1020 1826 1312 1881 manifeste
1352 1825 1515 1887 dicit,
1555 1824 1706 1893 quod

100 1947 137 1968 ‚‚
152 1904 360 1959 Omnes
397 1904 688 1959 thesauros
721 1903 1139 1974 possessionum
1173 1914 1424 1954 mearum
1463 1896 1607 1951 dabo
1655 1906 1708 1951 et

95 1996 319 2034 omnem
346 1974 419 2053 [³¹²]
446 1977 594 2049 apud
616 1977 869 2033 homines
889 1978 1172 2049 vigentem
1193 1974 1456 2029 honorem
1481 1980 1535 2027 et
1553 1980 1708 2044 pote-

96 2062 299 2109 statem
313 2094 326 2117 ,
366 2069 550 2123 neque
580 2052 653 2107 ab
670 2052 789 2107 ullo
808 2051 937 2107 falsi
957 2051 1198 2107 nominis
1219 2049 1486 2105 bonorum
1509 2047 1707 2119 depre-

96 2128 339 2192 hendar,
380 2126 483 2183 sed
508 2126 583 2181 ad
610 2126 751 2197 quid
780 2142 1018 2197 aequum
1046 2128 1122 2181 sit
1149 2140 1424 2196 usurpans
1461 2124 1701 2196 singula,

101 2204 317 2258 cunctis
345 2200 664 2257 monstrabo
692 2218 813 2257 eam
828 2241 843 2265 ,
882 2218 1025 2272 quae
1050 2201 1166 2257 illis
1185 2199 1445 2257 omnibus
1465 2199 1598 2254 insit
1616 2200 1705 2253 vis

99 2278 434 2333 necessaria.
450 2284 487 2308 ‘⁴

110 2416 271 2475 Quare
306 2428 565 2483 antequam
606 2417 928 2481 acquireretur
972 2416 1253 2481 sepulcrum,
1315 2412 1542 2477 spelunca
1586 2408 1709 2457 dice-

238 2488 379 2535 batur
418 2486 556 2549 „sub
595 2486 763 2549 a9r0“
802 2500 923 2546 esse,
980 2493 1026 2534 et
1053 2492 1167 2547 post
1206 2478 1561 2543 acquisitionem
1601 2475 1714 2537 ayri
1777 2487 1784 2497 ¹

232 2554 360 2602 intus
394 2553 496 2616 „in
528 2552 636 2616 ipso
672 2554 875 2617 a9ro“?
909 2554 1016 2613 (23,
1057 2556 1104 2599 9.
1151 2552 1230 2597 17.
1275 2544 1380 2607 19.)

214 2656 305 2711 82.
346 2654 533 2707 Nimis
552 2653 874 2707 naturaliter
894 2652 1090 2705 asserit
1103 2690 1116 2713 ‚
1147 2645 1300 2717 quod
1317 2659 1518 2713 corpus
1531 2682 1546 2705 ,
1574 2658 1714 2696 nen·

107 2726 239 2781 dum
270 2728 642 2799 subiugatum
670 2728 869 2790 menti,
912 2724 1228 2778 subiectum
1257 2727 1340 2772 est
1365 2717 1576 2771 alienae
1613 2731 1716 2785 po-
