2125 3084
161 170 340 238 [1,3o.]
385 225 390 230 ,
432 175 533 221 DE
572 173 1123 222 PROVIDENTIA.
1160 177 1415 222 SERMO
1452 178 1490 222 1.
1695 173 1761 224 39

161 287 244 332 tra
266 276 607 331 voluntatem
638 274 921 338 accidunt,
962 291 1055 329 eas
1079 275 1308 346 quidem
1327 251 1457 331 licet
1475 281 1760 347 passiones

160 352 375 418 dicere;
408 351 466 404 in
488 351 559 404 iis
579 365 709 404 vero
724 391 736 414 ,
762 349 831 403 de
851 349 1059 420 quibus
1077 349 1282 421 gaudet
1295 352 1428 420 quis
1447 362 1639 422 suapte
1661 372 1760 408 vo-

157 427 400 489 luntate,
432 426 536 479 etsi
567 441 693 478 cum
721 424 883 479 malis
912 426 1142 479 caeteris
1171 427 1379 496 passim
1400 442 1762 482 connumere-

156 511 251 556 tur
265 542 279 564 ‚
306 499 461 585 nnjlo
482 500 643 554 modo
664 498 750 562 id,
771 499 921 570 quod
940 501 1166 571 patitur,
1187 501 1499 570 passionem
1519 501 1754 573 putabit,

154 591 496 648 quamquam
514 575 683 629 nimis
704 573 1017 642 dolorosum
1036 575 1129 629 sit.
1191 610 1198 618 -

269 687 356 738 63.
407 682 698 754 Siquidem
738 690 791 738 et
828 682 965 737 haec
998 699 1220 754 quoque
1248 699 1446 756 magna
1475 690 1557 737 est
1584 685 1758 756 gratia

154 761 332 824 iusto,
373 758 525 813 nullo
551 757 712 813 modo
732 766 960 813 mortem
980 760 1199 812 timere:
1242 756 1478 829 ideoque
1505 768 1758 813 constan-

154 833 271 889 tem‘
301 833 451 887 hunc
480 833 745 898 dixerim,
790 831 861 907 [³¹⁵]
897 849 961 887 eo
979 832 1130 904 quod
1151 833 1420 888 iustitiam
1441 833 1636 906 (suam)
1659 851 1758 888 ne-

151 927 269 982 que
308 925 452 962 mors
490 907 779 962 deturbare
818 915 1025 980 potest,
1094 909 1227 979 quia
1263 907 1608 980 providentia
1648 926 1755 962 non

152 987 350 1056 ipsum
392 975 743 1054 derelinquit.
840 983 1005 1054 Impii
1060 983 1225 1037 etiam
1278 991 1430 1037 extra
1481 983 1755 1054 proelium

152 1075 309 1113 mors
328 1057 753 1129 improvidentia
774 1057 1010 1113 dicenda
1031 1066 1139 1112 est:
1180 1060 1279 1129 qui
1299 1075 1429 1113 vero
1449 1057 1754 1113 secundum

150 1133 431 1188 iustitiam
460 1133 715 1188 virtutem
745 1133 876 1188 colit
897 1141 951 1188 et
979 1131 1230 1197 eiusdem
1249 1134 1496 1188 veritatis
1518 1133 1754 1187 colorem

152 1208 270 1264 sibi
294 1207 551 1271 assumit,
594 1225 701 1263 non
732 1209 907 1280 exigit
940 1225 970 1261 a
990 1207 1366 1279 providentia,
1409 1226 1478 1262 ne
1499 1225 1625 1262 cum
1646 1209 1754 1261 im-

149 1284 270 1356 piis
292 1283 553 1337 moriatur
567 1323 580 1347 ,
607 1299 707 1354 pro
724 1283 903 1337 nihilo
922 1282 984 1336 id
1004 1289 1292 1354 reputans3
1328 1279 1428 1338 sed
1448 1284 1632 1354 potius
1655 1282 1754 1336 de-

150 1359 484 1413 liberatione
496 1357 649 1412 vitiis
670 1366 886 1412 carente
903 1358 991 1412 illi
1009 1375 1228 1429 semper
1247 1366 1330 1413 est
1345 1367 1590 1431 paratus,
1602 1366 1754 1412 tran-

151 1433 489 1505 quillitatem
526 1449 742 1505 semper
780 1449 880 1486 suo
911 1434 1094 1487 animo
1131 1433 1514 1506 comparando.
1602 1435 1752 1504 Hanc

150 1517 349 1580 optans
381 1509 629 1579 accipere
655 1525 913 1580 magnam
950 1509 1212 1580 gratiam,
1264 1511 1418 1564 novit
1445 1510 1751 1564 immortale

151 1584 479 1648 consilium,
533 1582 938 1653 providentiam
971 1599 1070 1654 per
1098 1584 1467 1657 integritatem
1506 1586 1746 1656 assequi.

266 1693 352 1745 64.
391 1691 634 1745 Patiatur
658 1691 911 1746 morbum
930 1699 983 1747 et
1001 1694 1264 1748 moriatur
1277 1734 1290 1757 ‚
1334 1695 1433 1764 qui
1451 1693 1751 1763 providen-

151 1766 295 1822 tiam
316 1781 423 1820 non
444 1765 625 1820 novit:
657 1765 842 1820 dolore
864 1765 1150 1832 afficietur,
1175 1768 1313 1822 etita
1325 1769 1604 1829 morietur,
1629 1769 1750 1820 sine

152 1837 529 1895 consolatione
548 1839 644 1894 illa
660 1881 672 1904 ‚
703 1857 868 1911 quam
887 1850 1125 1913 praestat
1142 1839 1509 1913 providentia.
1568 1841 1750 1894 Iustus

149 1922 342 1970 autem
379 1912 612 1978 fortiter,
654 1915 765 1969 imo
803 1915 1049 1971 hilariter
1087 1924 1256 1970 morte
1295 1924 1576 1987 suscepta,
1622 1931 1752 1986 pro-

145 1988 436 2046 videntiae
472 1989 645 2044 fidens
682 1991 1050 2064 integritatem
1083 1991 1295 2044 animae
1329 2006 1460 2062 prae
1495 2006 1554 2043 se
1593 1989 1748 2043 feret.

143 2067 276 2120 Non
308 2064 456 2117 enim
486 2063 613 2120 licet
640 2066 958 2122 felicitatem
998 2065 1329 2120 constituere
1357 2066 1417 2119 in
1447 2065 1604 2136 copia
1633 2064 1751 2118 fru-

145 2147 345 2196 ctuum
383 2139 739 2213 omniumque
774 2141 1113 2212 reliquarum
1149 2156 1362 2205 rerum,
1420 2147 1473 2194 et
1508 2139 1750 2210 corporis

144 2213 413 2279 sanitate,
456 2215 784 2288 visibilique
813 2216 1015 2288 gloria,
1065 2232 1238 2289 quum
1267 2231 1377 2270 non
1405 2214 1574 2269 simul
1607 2213 1754 2292 adsit

144 2290 352 2346 virtuS.

267 2399 353 2451 65.
394 2397 655 2454 Croesum
688 2399 941 2454 Pactolus
970 2415 1160 2454 aureas
1177 2399 1366 2454 -undas
1395 2398 1576 2454 ferens
1607 2396 1746 2451 nihil

147 2472 317 2528 iuvit.
413 2473 617 2528 Xerxis
662 2474 825 2529 turba
869 2474 965 2528 illa
1010 2475 1208 2547 ingens
1245 2475 1355 2529 iam
1395 2473 1600 2528 nullibi
1645 2481 1746 2527 est.

146 2547 462 2612 Alexander
482 2549 707 2604 Macedo
727 2566 906 2603 nonne
926 2557 1174 2604 mortuus
1195 2549 1311 2604 est?
1346 2551 1538 2605 Nonne
1564 2567 1596 2602 a
1625 2565 1750 2602 mu-

150 2623 291 2676 liere
320 2623 553 2694 turpiter
577 2624 840 2678 bellicosa
873 2623 1000 2696 Cyri
1022 2623 1252 2684 consilia
1272 2623 1539 2696 impedita
1561 2621 1750 2678 fuere?

146 2695 389 2752 Ubinam
416 2705 545 2772 sunt
574 2706 651 2754 tot
680 2707 733 2754 et
752 2705 899 2754 tanta
918 2699 1206 2770 epularum
1225 2707 1279 2754 et
1299 2699 1508 2756 diversi
1527 2699 1750 2774 generis
