2125 3084
187 208 249 275 [1,
276 207 363 273 41.]
457 214 557 258 DE
593 211 1137 262 PROVIDENTIA
1182 216 1432 261 SERHO
1467 216 1504 260 1.
1708 209 1772 263 49

186 320 431 386 grassata
462 321 570 376 est,
618 330 719 367 neo
747 314 855 368 iam
884 330 1055 367 unum
1084 322 1176 367 aut
1195 314 1382 384 plures
1399 322 1607 368 tautum
1627 316 1773 369 occi·

190 388 301 451 dit,
352 404 451 443 cur
480 388 830 453 ‚innumeram
868 388 1280 442 multitudinem
1317 388 1509 442 eodem
1547 391 1774 461 contigit

186 472 433 533 tempore
461 461 775 536 corrumpi?
828 461 933 516 Ubi
960 469 1043 515 est
1061 462 1432 518 natalitiorum
1452 478 1648 519 nomen
1668 464 1774 517 im-

188 535 493 592 mutabile?
546 537 615 591 Et
651 537 779 607 quis
822 537 1072 591 invenire
1107 544 1284 608 potest
1322 546 1526 591 certum
1557 546 1774 607 tempus

186 611 557 684 generationis
586 611 898 674 hominum,
940 616 1112 681 quum
1145 612 1414 665 incertum
1451 612 1524 665 sit
1560 620 1774 683 tempus

186 686 445 740 seminati
476 684 741 739 seminis?
790 686 994 755 Nequit
1020 686 1168 739 enim
1197 685 1308 740 dici
1337 686 1642 740 stabilitum
1671 686 1775 741 ali—

184 760 336 832 quod
364 775 485 814 esse
514 768 731 830 tempus
748 800 760 823 ,
804 758 951 813 unde
972 758 1325 833 dignoscatur
1344 760 1620 833 generatio
1637 776 1776 831 pue-

183 850 419 899 rorum‚·
440 841 627 905 utpote
654 835 727 898 ii,
765 834 865 904 qui
897 834 1154 906 astrologi
1193 844 1602 907 nuncupantur,
1645 834 1772 890 inde

184 909 380 964 horam
408 907 784 979 desumpsisse
813 910 1236 979 comperiantur.
1315 908 1426 964 Sed
1455 910 1552 981 qui
1581 909 1653 964 ob
1673 910 1774 965 boc

182 982 469 1037 constituti
498 992 625 1037 sunt
652 983 938 1055 astrologi,
980 991 1361 1055 argumentum
1387 985 1658 1039 sustinere
1678 1002 1775 1057 ag-

182 1056 551 1131 grediuntur:⁸
627 1058 823 1112 volunt
869 1058 1037 1112 enim·
1062 1059 1376 1129 promittere
1421 1060 1672 1114 invenire
1715 1077 1774 1113 se

182 1146 350 1205 posse
378 1147 448 1185 ex
474 1132 715 1187 secundo
742 1131 909 1187 natali
940 1134 1175 1203 primam
1205 1134 1432 1188 seminis
1459 1134 1774 1189 seminatio-
1847 1184 1858 1199 ,

184 1223 335 1261 nem.
414 1196 662 1279 Attamen
692 1206 810 1261 fieri
840 1224 946 1261 non
974 1216 1177 1278 potest,
1220 1216 1280 1262 ut
1307 1225 1404 1283 per
1429 1205 1772 1264 manifestam

182 1280 529 1335 nativitatem
548 1282 859 1337 inveniatur
879 1283 1084 1337 incerta
1105 1282 1270 1337 altera
1285 1302 1323 1338 ε.
1337 1284 1464 1353 quis
1485 1284 1632 1337 enim
1651 1291 1773 1355 pot-

186 1364 272 1411 est
298 1355 545 1427 ingerere
572 1372 634 1410 se
658 1357 739 1410 rei
767 1356 1070 1421 invisibili,
1110 1359 1429 1429 praesertim
1470 1376 1642 1429 quum
1675 1375 1774 1413 ne-

184 1439 353 1503 queat
372 1430 642 1496 inveniri,
682 1430 909 1485 ubinam
931 1434 1369 1504 uniuscuiusque
1389 1434 1602 1489 stellam
1624 1435 1774 1489 exsi-

184 1514 329 1561 stere
350 1505 587 1569 accidat,
612 1507 821 1560 semine
842 1506 1145 1562 seminato?
1183 1506 1470 1579 Siquidem
1492 1509 1766 1573 dixerunt,

182 1582 281 1652 qui
323 1582 456 1637 satis
484 1581 649 1667 periti
676 1581 905 1635 istarum
934 1598 1118 1637 rerum
1148 1592 1326 1647 erant,
1369 1583 1770 1638 velocissimam

180 1673 306 1710 esse
343 1672 407 1710 ac
444 1656 612 1725 nimis
653 1654 997 1710 festinantem
1036 1658 1300 1712 natalium
1335 1659 1766 1722 circulationem,

180 1734 261 1784 ita
283 1741 343 1784 ut
362 1729 539 1802 fugiat
558 1729 959 1785 eruditissimos
982 1748 1201 1803 quoque
1220 1740 1399 1786 certus
1420 1744 1632 1786 cursus.

298 1836 385 1888 88.
451 1834 533 1888 Ne
582 1832 710 1905 ergo
757 1835 1025 1907 cuiusque
1063 1835 1303 1890 liberum
1341 1835 1628 1889 arbitrium
1663 1835 1769 1889 sub

182 1909 453 1977 servitute
474 1908 740 1963 natalium
769 1909 952 1975 cadat,
991 1908 1063 1984 [*]
1096 1908 1640 1964 animadvertendum
1667 1918 1764 1974 est,

162 1982 433 2053 ,oportere
454 1984 713 2037 virtuosis
735 1982 920 2039 verbis
942 2001 1218 2055 quemque
1237 1984 1490 2039 excitari:
1534 1982 1593 2037 id
1611 2000 1770 2037 exer-

179 2057 461 2112 citationis
481 2060 748 2129 optimum
769 2075 944 2132 genus
966 2058 1240 2113 censendo
1254 2099 1266 2121 ,
1306 2066 1366 2112 ut
1385 2058 1766 2129 unusquisque

176 2150 286 2205 per
323 2131 563 2187 laborem
600 2134 769 2188 animi
812 2135 1047 2206 accipiat
1090 2133 1462 2189 inventionem
1508 2132 1762 2203 quaesiti,

176 2206 469 2265 stellarum
497 2216 677 2263 autem
705 2216 910 2263 motum
944 2225 1103 2262 nemo
1131 2208 1400 2262 dominari
1430 2208 1486 2261 in
1518 2206 1765 2261 homines

174 2289 359 2355 putet.
444 2280 617 2349 Quem
648 2300 777 2356 ergo
805 2281 1075 2337 circulum
1105 2282 1315 2337 zodiaci
1344 2289 1562 2345 vocant,
1607 2280 1765 2335 illum

176 2357 252 2411 ab
300 2356 319 2409 i
362 2374 421 2411 sa
465 2358 811 2429 providentia
860 2357 1141 2412 conditum
1189 2356 1442 2429 superius
1499 2355 1761 2410 diximus.

174 2372 359 2497 Quodp
379 2432 428 2486 si
466 2433 626 2486 astris
662 2432 919 2487 terrificat
944 2428 1250 2505 (homines)
1286 2430 1654 2503 providentia,
1703 2430 1764 2485 id

176 2514 353 2578 agunt
372 2514 511 2560 astra
530 2515 751 2577 propter
770 2507 917 2577 quod
940 2505 1082 2560 facta
1101 2516 1252 2575 sunt;
1287 2523 1427 2577 quae
1443 2522 1572 2560 vero
1590 2522 1764 2579 agun-

175 2589 271 2635 tur
284 2620 297 2643 ‚
322 2580 390 2633 ab
412 2580 519 2636 alio
540 2583 844 2653 accipiunt,
869 2590 931 2635 ut
951 2583 1062 2635 sint
1083 2598 1246 2635 causa
1263 2582 1648 2654 generationis.
1696 2582 1764 2637 Et

176 2653 527 2733 providentia
554 2656 889 2711 universalis
917 2665 1001 2710 est
1026 2658 1274 2711 omnium
1303 2673 1494 2721 causa,
1537 2673 1766 2729 genera-

176 2728 259 2784 tio
287 2746 419 2784 vero
449 2730 518 2784 ab
546 2732 667 2803 ipsa
696 2732 897 2804 accipit
938 2732 1231 2787 essentiam
1271 2736 1334 2787 ‘ac
1367 2733 1760 2789 exsistentiam.

248 2802 471 2855 Pruno
510 2806 655 2856 Vlll.
720 2852 749 2866 ,,
1302 2806 1354 2859 D
1803 2806 1810 2813 '
