2125 3084
314 170 411 223 146
761 175 1130 222 rumonus
1165 172 1440 221 nmAR!
1695 168 1772 236 [1,
1797 173 1919 240 im]

310 283 366 330 et
390 274 721 345 cuicumque
740 293 927 330 curam
948 275 1278 330 adhibemus
1295 273 1592 345 diligenter
1607 315 1622 337 ,
1643 274 1752 330 hic
1771 285 1921 350 optat

310 367 500 422 parem
516 350 743 405 utilitati
762 359 1015 422 acceptae
1032 348 1238 404 referre
1254 348 1718 420 recognitionem.

422 478 507 530 64.
549 474 911 546 Aequalitatis
930 491 1061 547 ergo
1079 483 1133 529 et
1151 474 1397 529 iustitiae
1423 484 1765 544 argumenta
1796 487 1922 532 sunt

310 567 509 623 magna
524 591 538 614 ,
576 551 727 621 quod
746 548 936 604 eadem
955 558 1009 603 et
1028 551 1149 620 ipsa
1169 549 1428 604 animalia
1443 557 1740 619 praestant
1755 593 1769 614 ‚
1814 553 1922 606 imo

310 627 515 682 maiora
552 641 719 695 quam
755 624 1026 678 homines.
1111 623 1332 678 Etenim
1367 623 1658 694 principes
1710 629 1922 682 eonsti-

310 709 477 755 tuunt
501 707 555 752 et
580 699 801 754 ordines
816 741 829 764 ‚
872 698 1080 769 quihus
1099 699 1318 753 statutis
1337 699 1490 753 nulla
1509 707 1594 752 est
1615 701 1926 773 negligen-

310 776 415 842 tia;
477 782 532 828 et
559 773 751 830 electis
780 791 811 828 a
838 790 901 826 se
928 773 1278 844 principibus
1298 773 1448 827 omni
1467 771 1805 829 obedientia
1825 777 1928 830 ob-

310 856 635 921 sequuntur.
714 848 909 904 Fidem
934 847 1168 918 probant
1201 847 1474 902 dictorum
1513 855 1732 902 certam
1772 851 1922 904 oculi

310 926 441 996 ipsi.
520 925 731 978 Taurus
756 924 905 978 enim
926 923 1184 986 armenti,
1217 931 1272 976 et
1289 923 1478 976 hircus
1498 939 1808 992 caprarum
1825 967 1838 989 ,
1869 932 1921 978 et

312 1001 453 1054 aries
482 1000 669 1072 gregis
698 998 817 1053 dux
840 1006 949 1061 est,
992 1005 1155 1068 atque
1179 997 1240 1051 in
1261 997 1560 1070 agrestium
1578 1006 1753 1052 coetu
1773 1016 1918 1054 unus

310 1091 382 1129 ex
400 1073 552 1146 regia
571 1073 683 1128 fere
704 1072 913 1127 familia
932 1071 1276 1142 praepositus
1302 1071 1546 1134 exsistit,
1588 1088 1770 1142 quem
1803 1091 1919 1127 ma-

310 1165 419 1220 gna
458 1147 739 1219 multaque
778 1146 1035 1201 animalia
1065 1154 1398 1217 sequuntur,
1445 1143 1600 1216 quod
1631 1145 1915 1204 divinitus

308 1223 643 1292 impressum
675 1239 796 1276 esse
822 1221 1098 1276 convenit.

422 1347 508 1400 65.
556 1347 619 1400 Iu
649 1347 901 1402 examine
932 1363 1099 1417 apum
1128 1354 1278 1400 extra
1300 1343 1536 1398 dubium
1551 1347 1914 1402 constituitur

311 1436 435 1482 rex,
496 1436 661 1490 quem
708 1421 1118 1492 dispensatione
1151 1417 1552 1492 praesidentiae
1588 1421 1914 1490 praeditum

308 1501 565 1548 verentur
603 1512 791 1549 omnes
829 1504 882 1548 et
918 1497 1338 1567 pertimescunt,
1386 1501 1440 1547 et
1466 1493 1785 1565 puniuntur
1813 1496 1912 1566 qui

308 1567 414 1625 sub
436 1584 499 1622 eo
519 1579 648 1624 sunt
668 1571 907 1624 ministri
925 1587 1137 1624 omnes.
1204 1567 1360 1636 Quod
1379 1569 1429 1622 si
1451 1568 1721 1622 adauctus
1743 1569 1912 1624 fuerit

308 1660 569 1698 numerus
590 1645 861 1700 examinis
882 1645 1194 1708 excessive‚
1223 1643 1688 1714 populosissimae
1707 1646 1911 1698 civita-

308 1721 381 1775 tis
402 1720 574 1774 instar
593 1722 652 1775 in
672 1720 938 1775 coloniam
962 1719 1099 1774 alias
1117 1717 1488 1774 tranferuntur
1507 1718 1664 1772 velut
1694 1717 1910 1773 familia

308 1796 551 1867 propria.
630 1795 729 1850 Sin
757 1804 939 1850 autem
967 1795 1080 1857 illi,
1123 1794 1220 1865 qui
1249 1793 1622 1864 principatum
1643 1810 1908 1864 suscepe-

308 1879 462 1936 runt,
486 1880 759 1942 nequeant
778 1889 936 1944 agere
956 1869 1200 1924 officium
1221 1866 1586 1940 praesidentis
1601 1909 1615 1932 ,
1654 1883 1722 1920 ex
1747 1885 1910 1922 anar-

310 1945 432 1999 chia
464 1948 552 2001 vel
583 1965 655 2002 ex
679 1946 995 2020 polyarchia
1024 1960 1318 1998 concussae
1346 1943 1768 2012 destructaeque
1791 1943 1908 1996 dis·

308 2029 632 2093 perguntur.
688 2019 761 2095 [³¹⁵]
802 2023 942 2075 Ecce
980 2019 1126 2074 enim
1169 2026 1221 2072 et
1259 2016 1676 2072 multitudinem
1713 2018 1907 2071 avium

308 2093 429 2149 vidi
478 2098 747 2168 gregatim
785 2096 1086 2157 volantem,
1152 2091 1502 2164 quibusdam.
1523 2091 1910 2162 praecedenti-—

307 2169 442 2234 hm,
476 2170 602 2225 aliis
622 2178 743 2240 post
761 2170 1148 2241 sequentibus3
1212 2185 1313 2222 nec
1331 2185 1439 2222 non
1462 2167 1520 2220 in
1539 2164 1728 2220 fluviis
1743 2207 1760 2230 ,
1795 2175 1906 2220 sta-

308 2246 433 2316 gnis
446 2253 506 2298 et
524 2245 769 2299 maribus
790 2253 974 2300 coetus
992 2244 1230 2315 piscium
1251 2251 1529 2313 tamquam
1549 2242 1704 2296 rivus
1720 2251 1906 2296 rectus

306 2321 366 2372 in
396 2336 505 2373 una
538 2321 681 2374 linea
708 2319 1070 2391 protrahitur,
1114 2319 1388 2372 exercitus
1409 2317 1581 2370 instar
1599 2333 1700 2386 per
1719 2315 1908 2388 longi—

306 2392 557 2447 tudinem
589 2395 801 2448 extensi
832 2412 863 2448 a
890 2392 1182 2464 praefectis
1210 2392 1490 2464 legionum
1509 2392 1908 2462 magistrisque

304 2465 557 2521 militiae.
636 2470 746 2521 Hoc
778 2467 941 2522 modo
977 2468 1236 2538 politicae
1275 2467 1496 2520 virtutis
1537 2467 1910 2520 animantium

304 2550 505 2602 genera
544 2541 747 2596 habent
781 2542 1285 2614 participationem3
1359 2543 1582 2610 iamque
1617 2550 1914 2596 ostensum

306 2613 413 2666 est,
456 2613 606 2678 quod
635 2615 1043 2684 dispensatione
1069 2615 1332 2686 gaudent.
1409 2615 1560 2680 Quae
1585 2625 1716 2670 sunt
1735 2633 1919 2688 argu-—

303 2686 485 2732 mento
502 2687 725 2740 moralis
746 2691 1074 2762 disciplinae
1085 2699 1150 2745 ‘et
1167 2691 1564 2762 providentiae.
