2125 3084
364 185 459 236 ⁴20
812 188 1181 234 munoms
1229 188 1504 234 unum
1751 182 1826 248 [1‚
1855 184 2001 249 εει]

356 287 693 362 possidet-re
712 289 847 342 artie
863 287 1168 343 secundum
1188 285 1406 342 locum?
1451 286 1744 358 Siquidem
1765 307 1992 346 omnes

356 367 677 436 quicunque
706 362 857 418 haud
884 363 1158 418 incuriose
1187 379 1370 432 neque
1389 362 1508 416 sine
1528 362 1840 435 diligentia
1859 367 1986 422 iam

358 457 387 494 a
414 440 704 494 iuventute
730 455 959 509 operam
984 437 1118 492 huic
1147 437 1250 492 arti
1277 436 1552 492 dederunt
1583 446 1752 510 atque
1797 458 1986 496 accu-

356 523 471 570 rate
491 513 552 568 id
570 515 769 568 imitati
788 521 945 577 sunt,
986 513 1234 584 superati
1259 511 1464 566 abiere.
1543 511 1792 570 Sumens
1815 518 1980 570 enim

357 587 591 662 (aranea)
612 587 765 643 velut
786 589 967 642 lanam
986 589 1271 663 materiam
1292 604 1400 641 non
1421 587 1724 642 laboratam
1739 631 1750 653 ‚
1805 592 1980 662 inge-

358 666 513 719 niosa
559 664 828 734 sapientia
866 661 1320 716 artificiosissime
1353 670 1638 733 operatur:
1711 665 1974 735 primum

356 738 537 794 nendo
556 737 935 792 instrumentis
954 737 1195 808 propriis
1209 779 1222 800 ,
1256 737 1418 807 quasi
1437 737 1700 792 manibus
1720 740 1978 810 quihus—

358 815 502 878 dam,
528 813 918 879 subtilissime3
964 811 1166 866 deinde
1185 811 1278 865 fila
1299 811 1571 882 quaedam
1591 812 1832 878 directe,
1863 816 1972 870 alia

360 905 487 944 vero
510 888 736 959 oblique
766 886 1045 941 deducens
1060 929 1072 950 ‚
1119 888 1324 958 optime
1343 886 1577 941 stamina
1597 889 1772 944 nectit
1795 893 1971 945 texit·-

356 980 465 1035 que
479 1006 491 1028 ,
518 964 655 1018 miro
675 961 837 1017 modo
856 961 1100 1016 confecta
1126 970 1290 1033 atque
1309 968 1425 1015 arte
1439 961 1830 1032 pulcherrima
1845 1007 1860 1030 ‚
1893 966 1963 1019 ita

354 1049 415 1094 ut
444 1040 583 1094 aeris
612 1045 857 1092 texturae
884 1037 1146 1091 subtilem
1167 1037 1406 1091 laborem
1429 1037 1744 1093 assimilare
1763 1041 1961 1095 videa-

354 1125 469 1181 tur-3
532 1121 694 1184 atque
722 1112 1034 1166 firmitatem
1060 1111 1448 1183 perdurantem
1477 1111 1786 1182 dupliciter
1807 1117 1956 1186 operi

354 1188 499 1242 indit
516 1188 681 1242 talem
697 1229 709 1250 ‚
733 1189 955 1258 qualem
976 1189 1254 1241 cernimus
1273 1187 1332 1240 in
1353 1186 1472 1258 lyra
1485 1227 1497 1250 ‚
1519 1201 1668 1257 quae
1689 1189 1955 1244 duritiam

356 1261 683 1316 chordarum
722 1271 775 1316 et
803 1263 1009 1334 figurae
1040 1261 1428 1316 rotunditatem
1456 1277 1682 1332 prae‘se
1713 1263 1856 1328 fert,
1897 1281 1954 1319 eo

355 1335 504 1408 quod
541 1353 759 1407 semper
801 1336 951 1409 (tam)
990 1336 1166 1408 figura
1204 1337 1434 1392 rotunda
1466 1351 1642 1407 quam
1674 1348 1866 1394 rectae
1891 1340 1954 1394 li-

354 1427 487 1466 neae
522 1411 815 1465 diuturnae
852 1414 1284 1482 comperiuntur.
1363 1413 1626 1484 Magnum
1641 1423 1846 1468 autem
1873 1433 1954 1470 ar·-

353 1494 675 1558 gumentum
696 1488 825 1548 erit,
844 1487 1008 1557 'quod
1030 1487 1100 1540 ab
1119 1487 1378 1542 omnib-us
1400 1488 1578 1541 ventis
1606 1487 1798 1560 iisque
1815 1491 1952 1544 assi-

353 1561 461 1614 due
490 1560 729 1631 impulsa
760 1559 850 1614 fila
876 1561 1114 1615 vixdum
1145 1571 1238 1617 aut
1265 1577 1567 1633 numquam
1600 1579 1836 1634 prorsus
1878 1565 1950 1618 la-

353 1645 622 1692 cerantur.
978 1679 1001 1692 .
1197 1668 1202 1676 -
1635 1659 1644 1682 ,·

468 1728 549 1778 48.
599 1723 883 1780 Caeterum
913 1733 966 1778 et
995 1724 1150 1779 aliud
1176 1726 1235 1778 in
1265 1741 1460 1779 aranea
1489 1727 1739 1781 cernitur
1757 1727 1948 1782 mirifi-

352 1818 504 1856 cum:
568 1799 827 1872 quoniam
845 1799 1096 1858 homines
1115 1800 1442 1857 vestimenta
1463 1800 1812 1863 elaborantes
1828 1845 1840 1867 ‚
1867 1803 1947 1858 di-

351 1878 491 1934 visis
513 1878 653 1932 inter
674 1893 732 1930 se
753 1874 1060 1940 industriiS,
1086 1892 1192 1929 non
1215 1875 1364 1930 idem
1383 1877 1595 1947 operari
1610 1878 1945 1949 aggrediun-

351 1962 440 2008 tur
454 1994 471 2017 ‚
500 1952 599 2008 sed
618 1951 824 2024 quibus
846 1968 974 2008 cura
994 1950 1162 2006 nendi
1185 1960 1294 2015 est,
1323 1968 1431 2006 non
1451 1961 1673 2016 texunt,
1699 1955 1802 2024 qui
1824 1971 1942 2008 vero

351 2035 571 2093 texunt,
614 2045 720 2082 non
750 2035 900 2082 nent.
977 2026 1078 2082 Illa
1105 2043 1235 2086 vero
1263 2042 1647 2098 quaecumque
1677 2030 1836 2099 operi
1865 2047 1943 2083 re-

351 2104 665 2176 quiruntur,
688 2103 873 2158 omnia
892 2102 1059 2156 simul
1087 2097 1159 2176 [³¹⁶]
1185 2101 1241 2156 in
1265 2119 1324 2156 se
1344 2101 1562 2159 inclusa
1582 2101 1773 2168 habet,
1801 2104 1940 2158 nullo

352 2179 518 2233 altero
539 2187 859 2247 cooperante
880 2177 1138 2250 indigens
1154 2217 1166 2240 ‚
1209 2174 1308 2230 sed
1327 2175 1482 2232 velut
1509 2176 1810 2247 perfectior
1831 2179 1940 2250 (ho-

351 2253 517 2324 mine)
538 2252 758 2324 singula
778 2253 883 2308 ista
916 2270 1015 2324 per
1032 2269 1092 2306 se
1121 2259 1377 2321 praestat.
1455 2251 1524 2306 Et
1551 2253 1694 2322 quid
1721 2255 1934 2314 mirum,

349 2329 398 2381 si
419 2327 488 2381 ad
506 2327 642 2381 haec
663 2325 945 2382 sufficiens
966 2327 1297 2398 comperitur
1311 2369 1323 2391 ,
1360 2343 1534 2398 quum
1556 2335 1609 2381 et
1625 2331 1870 2399 potentia
1891 2340 1938 2382 et

351 2401 609 2458 facultate
633 2419 732 2472 par
759 2403 859 2466 sit,
902 2410 955 2456 et
982 2419 1092 2456 non
1122 2410 1333 2457 tantum
1363 2401 1616 2467 artificis,
1659 2403 1763 2458 sed
1785 2405 1935 2458 etiam

348 2477 696 2530 instrumenti
719 2477 775 2530 vi
796 2477 1025 2548 polleat,
1060 2477 1268 2548 quippe
1288 2493 1429 2549 quae
1451 2477 1572 2548 ipsa
1595 2486 1678 2531 est
1698 2486 1814 2533 tam
1839 2495 1930 2540 ατε,

347 2563 513 2615 quam
525 2551 967 2615 instrumentum,
990 2568 1101 2621 quo
1121 2552 1402 2623 peragitur
1421 2568 1561 2622 opus
1583 2552 1938 2617 universum?

462 2638 540 2687 ⁴9.
583 2639 790 2694 Nautae
810 2641 951 2696 nihil
975 2649 1145 2714 agunt
1165 2643 1284 2696 sine
1305 2642 1682 2714 gubernaculo
1711 2655 1808 2700 aut
1825 2645 1938 2698 velo

346 2714 437 2756 aut
476 2707 600 2762 aliis
641 2713 973 2770 adiumentis
1015 2715 1084 2770 ad
1121 2715 1478 2772 directionem
1517 2727 1720 2774 certam
1763 2724 1938 2775 navis,
