2125 3084
289 180 382 231 480
535 182 730 227 PHIL.
770 181 917 226 IUD.
957 180 1281 237 QUAEST.
1318 180 1417 225 ΕΤ
1464 181 1619 225 SOL.
1659 175 1889 244 [11,365.]

281 302 400 339 ram
419 300 540 337 esse
555 324 567 345 ‚
602 282 702 337 sed
721 280 1136 337 distinctionem
1158 296 1221 335 ao
1240 281 1643 351 separationem
1662 282 1891 339 hahitu-

281 377 406 413 rum
435 366 732 428 utrumque
761 356 831 411 ab
861 357 934 409 iis
959 354 1259 409 oriundum
1286 355 1559 426 populum
1578 358 1892 413 secundum

281 434 454 496 illud,
497 432 646 503 quod
676 450 749 487 ex:
773 430 944 487 verbo
973 429 1193 485 desumi
1222 438 1429 501 potest,
1471 448 1530 485 re
1560 440 1745 487 tamen
1766 434 1891 504 ipsa

283 508 634 563 sobrietatem
660 516 714 563 et
733 506 1135 577 insipientiam.
1214 504 1391 570 Quam
1411 505 1485 559 ob
1504 524 1729 561 causam
1750 524 1889 580 gen—

282 594 364 639 tes
391 584 549 655 prius
580 599 915 644 memorans,
953 584 1175 649 populos
1207 577 1281 653 [³¹⁶]
1315 579 1518 635 deinde
1557 580 1707 636 dixit
1731 583 1890 638 iuxta

281 660 547 713 rationem
566 656 1029 729 prudentiamque
1051 656 1377 709 nominatos
1428 656 1497 709 Et
1516 658 1710 727 utique
1732 660 1889 730 cogi-

280 736 550 789 tationum
571 732 948 805 oppositarum
974 730 1247 800 separatio
1273 729 1531 800 perutilis
1557 739 1667 795 est,
1710 748 1889 803 quum

286 827 392 863 una
425 826 494 863 ex
527 809 600 861 iis
629 806 867 869 malum,
911 805 1081 861 altera
1109 805 1369 859 virtutem
1390 812 1559 875 optat.
1640 808 1887 861 Tertium

281 884 652 938 iustissimum
665 919 678 943 ,
719 898 789 935 ne
809 896 970 952 pares
991 896 1119 933 cum
1140 878 1448 951 imparibus
1468 882 1689 935 mixtim
1714 882 1885 937 eollo-

281 967 500 1025 centum
563 956 713 1012 unde
740 956 948 1027 optime
977 954 1190 1009 dietum
1218 962 1327 1009 est:
1382 958 1609 1024 populus
1634 960 1886 1025 populum

279 1038 546 1102 superabit
570 1034 904 1097 excellenti&
960 1030 1224 1101 quoniam
1250 1046 1476 1085 neeesse
1504 1038 1589 1085 est
1614 1048 1795 1087 unum
1814 1050 1887 1087 ex

283 1108 556 1163 ambobus
573 1123 832 1179 superare
853 1113 908 1160 et
925 1122 1170 1160 erescere
1184 1145 1201 1169 ‚
1242 1104 1473 1159 alterum
1499 1122 1631 1161 vero
1651 1106 1887 1162 deficere

283 1193 336 1239 et
357 1184 555 1238 minui.
613 1183 884 1253 Superare
907 1189 1090 1235 autem
1112 1179 1299 1251 aliqua
1318 1180 1727 1251 praecellentis,
1751 1184 1887 1237 item

282 1260 366 1313 sic
397 1256 810 1328 accipiendum,
851 1255 1002 1326 quod
1030 1255 1263 1327 pulcher
1290 1263 1517 1326 superat
1540 1263 1787 1327 turpem,
1834 1266 1889 1313 et

281 1335 462 1387 iustus
493 1333 792 1393 iniustum,
835 1338 889 1385 et
917 1330 1182 1385 honestus
1210 1330 1333 1385 sani
1360 1329 1581 1384 consilii
1620 1332 1887 1403 impotem

287 1406 676 1461 libidinosum:
729 1421 905 1459 unum
931 1405 1081 1458 enim
1110 1405 1343 1459 istorum
1367 1405 1603 1460 caeleste
1621 1414 1705 1460 est
1724 1414 1781 1461 et
1796 1407 1887 1461 di-

287 1482 414 1535 vina
437 1480 560 1535 luce
580 1479 816 1551 dignum
828 1520 842 1543 ,
885 1478 1118 1535 alterum
1136 1497 1267 1535 vero
1286 1488 1543 1537 terrestre
1556 1521 1570 1545 ‚
1612 1483 1888 1556 corrupti-

285 1804 419 1859 dum
440 1822 572 1859 vero
590 1804 977 1876 propheticum
997 1812 1052 1859 et
1072 1803 1462 1867 utilissimum,
1507 1820 1577 1858 ne
1610 1804 1685 1857 sit
1709 1804 1887 1859 inter-

283 1876 508 1945 mixti0,
573 1880 674 1935 sed
711 1881 959 1936 alterutri
999 1879 1275 1935 districtio
1312 1877 1512 1949 (mary.
1552 1878 1885 1950 distinctio).

282 1956 400 2009 Non
433 1956 875 2027 uniuscuiusque
903 1956 1111 2027 gentis,
1155 1952 1255 2008 sed
1275 1970 1467 2009 revera
1484 1954 1815 2025 sapientiam
1836 1962 1890 2008 et

282 2029 612 2083 modestiam
625 2070 638 2091 ,
707 2031 870 2085 cuius
917 2030 1103 2101 gratia
1128 2030 1285 2100 psius
1324 2038 1520 2100 gentes
1554 2045 1891 2084 commemo-

283 2102 484 2166 rando,
526 2103 877 2172 postmodum
908 2109 1133 2172 populos
1167 2104 1499 2171 nomi-navim
1569 2104 1710 2175 quia.
1742 2104 1891 2158 mul-

283 2189 404 2233 tum
441 2177 672 2231 interest
709 2178 880 2231 verbo
908 2186 964 2231 et
990 2178 1433 2235 rationabilitati:
1499 2178 1701 2233 hovum
1738 2180 1893 2233 enim

285 2252 614 2323 disceptatio
635 2252 936 2306 utilissima
955 2262 1038 2307 est
1051 2292 1065 2316 ,
1089 2270 1201 2307 uno
1221 2254 1478 2309 inertiam
1491 2294 1504 2317 ‚
1532 2253 1703 2308 altero
1724 2254 1893 2308 iusti-

284 2330 420 2383 tiam
459 2335 768 2399 appetente.
848 2326 1029 2381 Tert-ia
1068 2327 1437 2383 consideratio
1474 2336 1583 2393 est,
1632 2346 1704 2382 ne
1743 2330 1891 2383 iusta

283 2403 492 2457 iniusto
531 2410 810 2473 aptentur,
851 2400 978 2455 ideo
1015 2401 1233 2456 dietum·
1266 2412 1387 2458 est:·
1434 2406 1689 2471 populum
1710 2407 1893 2471 populi

283 2480 568 2541 meliorem,
611 2476 748 2531 dum
775 2492 1000 2530 necesse
1029 2484 1117 2529 est
1142 2493 1315 2531 unum
1343 2495 1606 2549 superare·
1633 2478 1889 2543 alterum,

285 2551 712 2618 praecellentem
741 2550 1010 2613 bonitate,
1055 2550 1193 2604 dum
1221 2551 1401 2605 iustus
1430 2553 1690 2623 iniquum
1720 2570 1897 2624 supe-

285 2630 394 2683 rat,
437 2632 490 2676 et
532 2625 812 2680 modestus
853 2625 1221 2680 luxuriosum.
1302 2625 1443 2679 Sunt
1479 2628 1629 2681 enim
1666 2628 1895 2682 celestia

285 2694 556 2759 salubria,
602 2707 814 2754 terrena
842 2715 971 2753 vero
1001 2700 1333 2769 ineptiarum
1364 2709 1418 2755 et
1439 2702 1790 2757 tenebrarum
1812 2704 1885 2757 si·
