2125 3084
358 183 459 238 ⁴22
809 187 1176 233 annoms
1213 186 1484 233 mlum
1751 181 1831 248 [1‚
1859 185 2004 250 133]

354 305 497 362 quae
514 287 847 343 onomastice
866 287 1110 342 melilota
1135 288 1504 343 nominantur.
1581 287 1842 343 Mirifica
1877 291 2000 344 ita-

354 381 465 436 que
495 363 887 434 compositione
918 362 1028 416 sibi
1046 362 1267 434 propria
1289 363 1410 432 apis
1425 370 1768 418 transmutat
1790 381 1990 420 rorem

354 440 414 493 in
444 447 693 494 naturam
724 437 933 501 mellis,
974 444 1029 492 et
1051 438 1128 491 ita
1146 444 1426 508 operatur:
1489 453 1676 490 rorem
1694 437 1872 494 velut
1891 457 1990 494 se-

354 513 559 568 minale
583 511 859 584 quoddam
890 513 951 567 in
978 529 1038 566 se
1069 528 1354 566 assumens
1379 510 1612 584 gravida
1643 513 1884 578 evadit,
1929 523 1984 568 et

354 597 609 662 properat
648 586 717 642 ad
750 595 969 658 partum
1008 603 1074 641 eo
1109 587 1169 640 in
1209 587 1348 650 situ,
1391 585 1492 640 ubi
1529 603 1642 640 non
1685 585 1975 650 laedatur,

354 680 520 736 quem
548 661 944 734 procreandum
970 661 1096 716 scit.
1175 661 1336 716 Facta
1357 668 1486 714 sunt
1505 669 1696 715 autem
1717 662 1976 716 alvearia

356 738 425 793 ad
446 738 801 794 habitationis
820 735 1106 791 hominum
1122 735 1550 791 similitudinem
1571 752 1676 807 pro
1703 735 1977 791 diverso—

354 815 437 869 rio
456 829 643 868 earum
658 853 671 876 ,
701 811 907 882 quibus
928 810 1066 866 deus
1087 810 1404 866 hereditatis
1425 809 1588 864 modo
1607 809 1972 866 distribuens

356 887 511 944 dedit
529 888 739 942 fructus
759 887 818 940 in
837 894 977 940 terra
996 895 1238 957 repertos
1253 926 1266 950 ‚
1300 901 1407 939 non
1427 884 1610 939 solum
1629 902 1706 940 ex
1726 886 1962 956 plantiS,

354 961 454 1018 sed
473 965 637 1018 etiam
658 979 729 1017 ex
746 960 1099 1015 animalibus.
1175 959 1402 1026 Quando
1420 959 1609 1030 itaque
1631 961 1758 1031 apis
1791 962 1954 1033 parit,

355 1037 571 1110 effingit
609 1037 840 1109 figuram
878 1034 1139 1099 solidam,
1181 1033 1560 1107 magnitudine
1597 1035 1716 1088 sibi
1751 1052 1958 1090 conve-

354 1113 565 1177 niente,
609 1120 793 1182 utpote
823 1111 963 1165 bene
990 1118 1143 1173 nota,
1185 1118 1238 1165 et
1263 1125 1404 1180 quae
1431 1110 1612 1181 magis
1641 1119 1772 1180 apta
1795 1111 1872 1164 sit
1889 1109 1954 1163 ad

354 1187 817 1241 continuationem
853 1185 1196 1258 propaginis.
1289 1184 1564 1254 Duplicati
1603 1194 1796 1239 autem
1839 1187 1952 1239 ani-

354 1261 555 1316 mantis
577 1259 787 1331 duplex
812 1269 895 1315 est
922 1259 1120 1315 modus
1147 1258 1598 1314 constructionis:
1663 1259 1809 1315 alter
1839 1277 1950 1314 ma-

354 1335 504 1389 xime
532 1335 805 1390 materiali
833 1336 1045 1406 corpori
1073 1334 1304 1398 similis,
1348 1351 1472 1388 cera
1501 1333 1750 1402 scilicet3
1821 1336 1950 1390 alter

356 1417 535 1464 autem
554 1417 835 1481 tamquam
856 1411 1038 1464 anima
1054 1451 1068 1474 ‚
1093 1411 1236 1465 circa
1255 1426 1422 1482 quam
1443 1417 1700 1464 versatur
1713 1450 1727 1475 ,
1751 1426 1947 1482 nempe

352 1483 482 1538 mel.
560 1482 789 1549 Quando
818 1501 947 1538 vero
976 1501 1100 1539 cera
1129 1501 1304 1540 rorem
1339 1485 1640 1555 acceperit,
1683 1501 1757 1539 ne
1799 1485 1948 1540 labor

352 1556 706 1629 imperfectus
736 1558 1077 1624 devastetur,
1120 1557 1396 1614 clauditur
1413 1559 1840 1631 obstruiturque
1861 1559 1947 1614 fir-

352 1635 514 1690 miter
552 1633 785 1688 naturali
828 1634 1095 1690 instinctu
1133 1644 1318 1690 contra
1355 1634 1580 1689 fraudes
1621 1635 1944 1690 animalium

352 1708 760 1774 invadentium,
800 1710 877 1764 ita
906 1719 995 1776 ut,
1036 1719 1316 1783 tamquam
1343 1711 1400 1765 in
1431 1709 1658 1764 civitate
1675 1711 1943 1781 palatium

352 1786 507 1840 iuxta
534 1784 799 1857 palatium
828 1784 963 1842 nudi
1004 1803 1076 1842 ue
1103 1795 1318 1858 septum
1349 1802 1411 1840 ac
1436 1783 1673 1840 densum
1696 1795 1944 1862 cernatur

353 1860 582 1916 vallum.
658 1861 945 1922 Interior-,es
966 1803 1051 1936 ᾖ]
1083 1869 1264 1916 autem
1291 1869 1474 1931 partes
1503 1869 1744 1933 angusto
1769 1861 1943 1915 subti-

353 1935 504 2007 lique
542 1934 695 1990 aditu
735 1944 1031 1990 coarctatae
1067 1944 1220 1994 sunt,
1261 1953 1332 1990 ne
1369 1935 1551 1990 facilis
1590 1937 1665 1990 sit
1691 1936 1934 2002 invasio;

353 2010 567 2083 largum
596 2011 743 2065 enim
774 2011 1013 2082 spatium
1042 2011 1335 2082 irruptioni
1365 2018 1532 2082 patet.

460 2119 547 2172 2⁴.
615 2116 729 2170 Nec
773 2116 1114 2171 solummodo
1157 2115 1530 2171 circumdatur
1569 2115 1727 2170 locus
1772 2115 1936 2171 solida

350 2191 680 2254 munitione,
725 2191 823 2245 sed
854 2193 1017 2245 etiam
1044 2199 1168 2262 post
1197 2191 1411 2246 moenia
1440 2189 1605 2245 ducta
1636 2189 1831 2247 fortior
1858 2207 1936 2244 ro—

349 2263 669 2335 bustiorque
691 2269 809 2335 apis
832 2266 1112 2321 custodiae
1133 2282 1352 2336 praeses
1375 2273 1428 2320 et
1448 2272 1634 2320 custos
1654 2268 1803 2320 muri
1816 2283 1934 2320 con—

348 2339 613 2393 stituitur.
692 2341 832 2394 Tum
868 2340 963 2394 illa
1002 2340 1229 2395 collatae
1257 2340 1396 2404 sibi,
1438 2349 1501 2395 ut
1526 2339 1674 2402 mihi
1699 2340 1928 2401 videtur,

348 2411 622 2467 facultatis
639 2431 927 2485 personam
950 2416 1230 2470 sustinens
1249 2415 1460 2486 prodit,
1503 2432 1566 2470 ac
1584 2414 1774 2485 palam
1795 2415 1933 2469 venit

347 2483 609 2555 sedetque
626 2504 796 2559 prope
818 2489 885 2542 ad
906 2490 1190 2544 introitum
1205 2531 1218 2554 ,
1259 2490 1404 2544 sicut
1429 2505 1501 2543 ex
1517 2490 1750 2561 specula
1771 2499 1932 2544 atten-

346 2555 508 2618 dens,
534 2569 587 2612 et
606 2577 1020 2631 quaquaversus
1041 2565 1525 2634 circumspectam.
1587 2563 1652 2618 Si
1671 2581 1805 2638 ergo
1822 2581 1933 2618 ces—

345 2634 468 2705 sant
486 2628 815 2699 adversarii,
850 2639 1152 2707 acquiescit
1172 2647 1225 2692 et
1243 2640 1390 2707 ipsa3
1453 2639 1535 2700 eis
1557 2647 1742 2693 autem
1768 2641 1935 2712 agita-

344 2703 415 2746 tis
454 2702 739 2759 confestim
774 2709 843 2763 ad
879 2710 1254 2768 defensionem
1284 2721 1542 2768 armatur.
1621 2712 1724 2766 Sin
1758 2723 1937 2768 autem
