2125 3084
365 186 463 237 4⁶20
854 185 1092 232 muno
1129 183 1468 236 motinus
1743 184 1837 248 [11,
1865 188 1990 252 579]

362 298 471 354 est,
504 289 649 342 sicut
668 293 893 358 superat
910 285 1174 340 citharam
1196 284 1479 339 citharista
1493 325 1508 348 ‚
1541 293 1597 340 et
1617 286 1862 346 domum
1895 311 1992 347 ar·-

361 364 526 428 tifex‚
570 369 625 418 et
652 361 937 434 navigium
968 367 1160 424 nauta,
1201 367 1256 414 et
1279 376 1444 414 omne
1463 361 1598 414 artis
1622 362 1991 435 instrum-

364 448 481 494 tum
510 439 633 501 ille,
674 437 775 508 qui
804 436 1228 508 intelligentiam
1258 435 1670 490 adinventionis
1699 441 1786 492 rei
1807 458 1988 511 prae-

364 522 487 570 stat.
568 513 723 567 Sicut
752 511 901 565 enim
920 511 1062 566 nihil
1085 509 1310 582 expedit
1328 510 1565 580 corpori,
1600 511 1652 564 si
1674 513 1987 572 metricem

366 591 603 644 animam
622 603 731 642 non
750 585 974 649 habeat,
1017 586 1094 640 ita
1123 601 1305 656 neque
1333 583 1556 648 artifici,
1597 585 1714 640 nisi
1731 605 1986 648 moven-

364 674 473 720 tem
495 664 565 718 ad
584 670 753 717 artem
775 661 1114 716 intellectum
1144 660 1432 732 receperit.
1506 658 1684 726 Quare
1711 671 1854 731 puto
1886 665 1982 720 le-

364 740 712 813 gislationem
732 735 863 810 (dei)
882 737 1025 790 sicut
1044 737 1103 790 in
1123 737 1252 790 navi
1271 736 1477 807 optime
1497 753 1530 792 a
1547 752 1606 790 se
1624 745 1972 806 constructa,

364 831 601 886 superne
629 815 1012 867 universorum
1042 811 1456 866 moderatricem
1483 809 1968 883 supersedentem,

366 889 632 944 mundum
679 888 827 942 hunc
864 887 931 942 ad
968 887 1202 942 salutem
1239 887 1589 958 singulorum
1626 887 1868 960 dirigere
1911 899 1976 946 et

366 965 603 1038 singulis
622 979 1001 1035 quaecumque
1021 961 1230 1034 ubique
1249 962 1363 1016 sint
1376 1001 1389 1025 ‚
1419 962 1631 1018 utiliter
1652 963 1968 1020 consulere.

478 1095 528 1148 2.
576 1087 647 1164 [Ἴ
672 1087 777 1156 Qui
798 1105 927 1162 ergo
951 1105 1170 1142 omnem
1199 1088 1340 1160 regit
1369 1087 1680 1151 civitatem,
1724 1087 1973 1161 desuper

368 1166 511 1222 vidit
531 1167 587 1219 in
608 1182 833 1236 pravam
853 1166 1022 1219 vitam
1040 1164 1298 1217 Ninivem
1328 1171 1750 1217 transmutatam
1764 1205 1776 1227 ‚
1821 1181 1971 1236 quae

368 1250 421 1295 et
457 1241 795 1311 principium
835 1239 1059 1294 urbium
1100 1237 1230 1306 fuit;
1310 1245 1363 1291 et
1399 1245 1684 1308 tamquam
1720 1241 1970 1310 optimus

367 1315 618 1370 medicus
647 1315 916 1368 medelam
945 1312 1133 1368 morbo
1163 1313 1402 1366 civitatis
1440 1313 1723 1382 quaesivit
1761 1331 1972 1386 oppor-

366 1399 582 1451 tunam,
616 1397 677 1442 ut
698 1387 1049 1443 effluxionem
1071 1387 1364 1460 impediret
1383 1387 1561 1443 morbi
1581 1391 1970 1460 praeveniret—

366 1479 475 1534 que
502 1463 853 1518 adiuvamine
877 1463 1208 1536 periculum.
1286 1463 1611 1520 Remedium
1640 1474 1826 1520 autem
1857 1466 1971 1520 hu-

366 1537 673 1594 iuscemodi
702 1546 841 1604 erat,
883 1540 1033 1610 quod
1062 1539 1226 1594 saluti
1254 1539 1576 1593 contrariam
1616 1541 1970 1612 praeferebat

368 1616 594 1681 famam3
656 1615 848 1669 volens
875 1617 1022 1669 enim
1044 1614 1256 1669 salvare
1275 1631 1605 1686 servareque
1627 1633 1750 1671 eam
1765 1658 1778 1681 ,
1809 1619 1969 1674 misit

365 1691 687 1765 prophetam
712 1691 1052 1746 eversionem
1081 1689 1208 1744 urbi
1235 1690 1554 1765 minantem.
1632 1692 1809 1758 Bene,
1840 1695 1970 1748 exi-

368 1768 557 1831 stim0,
599 1773 652 1820 et
685 1767 863 1837 ipsam
890 1782 1111 1838 quoque
1138 1765 1442 1819 medicinae
1481 1773 1651 1820 artem
1691 1767 1962 1824 docendo.

369 1843 524 1897 Sicut
543 1843 601 1896 in
622 1841 725 1896 hac
744 1850 856 1897 arte
875 1841 1199 1913 peritissimi
1221 1840 1431 1894 salvare
1454 1849 1702 1913 aegrotos
1728 1844 1968 1912 promit-

366 1926 570 1983 tentes),
613 1918 743 1990 igne
783 1926 834 1973 et
876 1934 1016 1988 aqua
1054 1924 1252 1988 regunt
1283 1916 1638 1987 eriguntque:
1703 1917 1964 1972 similiter

368 1993 813 2064 sapientissimus
851 1993 974 2056 ille,
1026 1991 1178 2045 solus
1217 1990 1477 2054 salvator,
1523 1991 1962 2064 deperditionem

368 2068 621 2129 indicens
644 2085 706 2122 ac
725 2069 941 2124 ruinam
957 2109 969 2130 ,
1000 2065 1432 2120 misericordiam
1453 2065 1722 2122 construit
1741 2062 1958 2122 salutis,

480 2198 532 2248 3.
584 2193 995 2264 Cooperatorem
1024 2201 1206 2247 autem
1226 2193 1391 2247 saluti
1412 2209 1600 2248 eorum
1621 2193 1838 2263 quaerit
1855 2190 1966 2247 hu-

370 2270 517 2323 mani
547 2269 766 2341 generis
794 2267 1203 2322 amantissimus
1229 2268 1510 2322 hominem
1529 2285 1704 2322 unum
1725 2285 1797 2322 ex
1815 2267 1972 2322 mul-

368 2344 441 2398 tis
456 2386 468 2408 ‚
503 2344 680 2414 etqui
712 2359 855 2396 unus
886 2349 1055 2395 estex
1079 2342 1174 2407 iis,
1207 2344 1520 2398 ministrum
1541 2343 1652 2398 sibi
1675 2342 1790 2398 fore
1811 2342 1972 2398 iudi-

370 2419 539 2473 cavit:
590 2429 699 2472 'non
721 2416 879 2487 quasi
901 2432 1030 2469 vero
1051 2415 1234 2472 futura
1253 2419 1555 2490 ignorasset
1571 2449 1646 2459 —
1663 2419 1793 2489 quis
1815 2419 1973 2475 enim

370 2493 523 2548 dedit
551 2491 833 2564 prophetis
860 2490 1183 2545 scientiam?
1209 2523 1284 2534 —·
1313 2493 1410 2546 sed
1430 2503 1490 2549 ut
1509 2493 1818 2549 secundum
1845 2509 1976 2548 ma-

370 2570 456 2639 gis
497 2585 663 2637 quam
701 2568 941 2638 primum
978 2566 1231 2622 mirabile
1269 2568 1480 2624 reddat.
1560 2567 1978 2626 Commendans

372 2649 552 2694 autem
590 2644 643 2695 ei
679 2641 849 2694 solam
880 2641 1187 2696 animarum
1218 2644 1476 2708 salutem,
1519 2661 1693 2715 quum
1723 2645 1980 2702 mitteret

373 2713 439 2768 ad
463 2715 693 2766 salutem
716 2715 999 2767 hominum
1020 2715 1323 2784 hominem,
1359 2717 1519 2774 illum
1535 2719 1782 2791 primum
1803 2736 1980 2790 sanaf-

2085 41 2088 218 Ι

2083 335 2088 512 2
