2125 3084
136 182 221 248 [1,
250 180 375 246 138]
581 187 721 234 Lm.
761 187 859 234 DE
894 187 1378 245 ANIMALOEUS.
1674 182 1771 238 ⁴2¹7

138 287 266 358 qui
300 286 597 358 ampliores
634 294 787 342 erant
814 288 873 342 in
901 297 1056 344 vasto
1085 286 1364 344 dominio?
1411 287 1590 354 Quum
1621 292 1768 344 enim

142 364 223 416 in
254 370 615 432 conspectum
644 371 913 418 venerunt
938 362 1135 418 theatri
1163 363 1458 418 ordinatim
1489 363 1763 434 dispositi,

144 446 455 506 tamquam
504 453 577 491 ex
615 436 867 492 mandato
904 439 1190 493 silentium
1225 437 1548 492 observante
1585 437 1763 503 turba,

144 512 417 584 primum
434 528 623 566 omnes
644 512 810 567 simul
831 511 1147 583 elephantes
1169 512 1307 568 facie
1328 519 1488 566 tenus
1508 528 1654 583 genu
1671 510 1769 566 fle-

153 593 384 640 ctentes
406 585 699 641 adorarunt
718 585 1117 659 agonothetam.
1191 586 1399 641 Deinde
1421 595 1768 658 assurgentes

152 659 533 732 proboscides
563 660 800 715 elevatas
830 662 1149 726 movebant,
1198 661 1503 716 indicantes
1532 661 1767 716 salutare

148 735 462 807 populum.
527 736 717 791 Postea
738 737 1134 807 spectatoribus
1156 752 1246 791 eos
1268 735 1648 799 laudantibuS,
1679 737 1766 791 illi

151 811 332 880 quasi
355 819 601 864 mutuam
620 811 1000 866 salutationem
1020 812 1346 884 recipientes
1361 851 1374 874 ,
1413 809 1766 881 proboscides

150 884 326 939 velut
346 884 599 939 dexteras
620 885 874 940 deorsum
906 885 1264 942 demiserunt.
1343 885 1606 940 Nonnulli
1636 903 1767 940 vero

152 975 362 1014 eorum
392 959 813 1015 discumbebant
847 960 1001 1015 illico
1024 964 1104 1001 ¹-
1130 961 1239 1016 iam
1280 960 1428 1015 enim
1458 961 1765 1031 praeparati

157 1033 391 1088 fuerant
409 1033 535 1089 lecti
554 1033 717 1090 ferrei
742 1034 1095 1099 solidissimi,
1138 1034 1367 1106 provide
1396 1035 1652 1106 quidem,
1697 1053 1765 1090 ne

158 1109 407 1163 immani
428 1109 666 1180 pondere
686 1110 1039 1180 elephantum
1060 1110 1539 1183 frangerentur-,
1563 1110 1765 1181 reliqui

162 1199 303 1237 vero
332 1183 488 1238 velut
516 1183 707 1240 famuli
734 1202 834 1256 pro
863 1185 1170 1240 ministerio
1195 1184 1413 1240 stabant
1441 1192 1564 1240 ante
1593 1201 1686 1241 eos
1711 1193 1768 1242 et

162 1257 347 1312 multa
368 1257 597 1329 quidem
614 1261 869 1316 convivio
889 1277 994 1315 usu
1022 1260 1302 1316 venientia
1319 1259 1647 1331 obsequiosa
1665 1277 1765 1314 ex-

162 1332 441 1388 hibebant
459 1333 853 1390 incunctanter.
930 1336 1122 1405 Neque
1150 1342 1274 1406 post
1298 1335 1532 1391 multum
1552 1343 1766 1408 tempo-

162 1405 249 1462 'ris
279 1425 512 1481 surgens
540 1425 683 1464 unus
711 1409 865 1465 velut
890 1427 961 1464 ex
988 1408 1226 1481 dapibus
1255 1426 1501 1473 mensae,
1547 1426 1678 1481 prae
1703 1427 1765 1464 se

166 1481 353 1538 ferens
380 1482 803 1540 similitudinem
833 1483 973 1538 ebrii
1008 1481 1079 1558 [³¹⁵]
1116 1485 1352 1539 humano
1381 1484 1510 1540 ludo
1540 1484 1606 1540 ad
1635 1485 1764 1557 pul-

167 1559 367 1614 chrum
396 1567 617 1614 cantum
647 1559 810 1634 tubae
845 1559 1196 1631 citharaeque
1234 1560 1473 1616 saltavit.
1553 1560 1763 1616 Caeteri

170 1650 301 1688 vero
320 1641 454 1689 tunc
472 1633 829 1704 proboscides
848 1634 1141 1691 movebant
1161 1643 1214 1690 et
1243 1635 1548 1706 identidem
1567 1635 1765 1689 sibila-

171 1708 307 1762 bant
325 1708 395 1761 ad
414 1706 723 1778 tripudium
738 1749 751 1770 ,
774 1710 935 1779 quasi
954 1709 1118 1766 laude
1137 1718 1549 1781 prosequentes.
1609 1710 1762 1764 Post-

172 1799 340 1854 quam
360 1781 585 1836 demum
606 1799 748 1836 unus
770 1783 1045 1838 lucernam
1067 1785 1307 1856 aliquam
1327 1783 1526 1846 attulit,
1558 1799 1620 1837 ea
1642 1784 1760 1836 visa

173 1867 392 1928 tempus
430 1855 699 1912 redeundi
727 1857 1031 1914 iudicantes
1065 1865 1444 1920 surrexerunt,
1497 1865 1551 1912 et
1584 1865 1761 1911 trans-

176 1940 367 1988 euntes
398 1929 779 1997 discedebant,
821 1934 1055 1990 necdum
1081 1934 1304 1988 omnino
1332 1932 1608 1986 ebriorum
1634 1949 1760 2002 per-

179 2025 337 2065 sonas
357 2015 733 2072 monstrantes,
762 2009 861 2063 sed
883 2008 1210 2064 labascendo
1231 2024 1292 2062 ac
1314 2005 1554 2060 nutando
1568 2047 1581 2070 ,
1604 2006 1678 2061 ita
1699 2016 1762 2062 ut

180 2099 335 2155 aegre
354 2081 523 2153 pedes
546 2099 763 2138 movere
784 2093 1007 2156 possent
1026 2085 1085 2137 in
1115 2099 1333 2155 gressu3
1386 2089 1760 2137 verumtamen

181 2157 505 2212 vacillabant
542 2157 839 2216 titubantes
876 2160 1278 2216 vinolentorum
1319 2173 1492 2221 more,
1552 2155 1684 2211 dum
1730 2175 1759 2210 a

181 2233 381 2289 theatro
401 2233 671 2289 abierunt.

288 2341 370 2394 28.
406 2339 615 2395 Dicitur
635 2341 798 2394 etiam
818 2338 1183 2393 Alexandriae
1203 2337 1437 2411 Aegypti
1459 2350 1602 2390 nnus
1628 2336 1760 2389 isto-

184 2429 299 2468 rum
322 2413 454 2467 olim
485 2415 691 2470 litteras
721 2413 1014 2473 didicisse.
1054 2415 1133 2468 ita
1160 2422 1221 2469 ut
1249 2412 1488 2486 potuerit
1507 2411 1640 2465 haec
1661 2427 1759 2466 no-

184 2497 313 2543 tare:
365 2489 471 2558 Eyo
498 2494 607 2558 ipse
632 2493 754 2543 haec
780 2495 986 2556 scripsi.
1065 2491 1179 2544 Nec
1208 2505 1312 2542 non
1343 2487 1528 2542 edocta
1557 2485 1758 2540 dicitur

186 2562 359 2618 bellua
396 2563 493 2617 illa
531 2564 791 2618 simulare
828 2564 997 2617 animi
1041 2570 1221 2618 motus
1269 2564 1412 2617 sicut
1461 2570 1752 2627 amatores;

186 2637 330 2692 aiunt
354 2635 459 2708 (vel
492 2638 711 2709 canunt)
733 2639 880 2692 enim
910 2638 1254 2709 elephantem
1281 2646 1558 2709 tamquam
1579 2654 1756 2692 amore

188 2712 333 2785 pueri
354 2721 570 2784 captum
600 2712 731 2768 ferri
757 2714 815 2768 in
845 2713 1142 2777 camelum,
1183 2713 1418 2769 osculari
1449 2731 1599 2778 eum,
1640 2730 1758 2767 am-
