2125 3084
172 194 501 267 [11,577.578.]
547 200 803 246 SERMO
840 200 940 245 DE
978 202 1397 247 SAMPSONE.
1447 240 1454 251 .
1661 198 1759 251 449

283 304 368 357 46.
410 299 681 368 Quoniam
710 301 897 371 itaque
926 300 1354 371 exspectandum
1385 301 1471 355 illi
1492 310 1606 357 erat
1623 310 1764 359 tem-

170 376 561 451 puffeniendi
582 375 852 448 (spiritus)
872 392 1039 446 super
1056 376 1208 429 viros
1227 376 1485 448 spiritum
1506 377 1566 430 in
1585 395 1646 431 se
1665 394 1764 452 ge-

132 458 149 469 “’
171 460 352 508 rentes
367 493 379 515 ‚
406 469 507 507 suo
526 452 727 523 spiritu
744 449 1076 521 praevidens
1096 466 1256 505 omne
1277 459 1494 522 tempus
1507 492 1520 515 ‚
1545 454 1763 522 quando

171 525 389 599 tempus
409 534 550 591 erat,
586 525 653 581 ad
680 524 1030 580 ulciscendos
1048 525 1386 597 alienigenas
1407 527 1686 581 transtulit
1705 546 1763 583 se

170 610 501 675 opportune,
543 610 732 673 postea
753 601 1047 656 inim-iosos
1070 598 1401 673 profligavit.
1480 602 1616 655 Nam
1637 618 1767 673 pro-

168 678 360 750 fligare
378 677 447 732 de
468 694 569 731 sua
590 684 704 731 erat
723 676 927 731 virtute
941 716 954 740 ‚
1000 676 1147 730 iuste
1165 692 1296 731 vero
1308 717 1321 740 ‚
1364 676 1425 730 id
1444 677 1504 731 in
1523 684 1763 748 tempore

167 754 414 809 oblatum
435 753 668 807 invenit.
746 749 1206 823 Quandoquidem
1226 751 1540 806 nullatenus
1563 768 1764 807 conve-

166 828 356 883 niebat
380 824 453 902 [Ἴ
475 836 609 882 tunc
629 824 772 881 illud
793 824 943 897 quod
963 833 1250 891 statuerat,
1293 826 1473 898 neque
1501 826 1619 881 suis
1646 844 1764 883 mo-

162 904 325 958 ribus
346 902 706 973 competebat,
730 900 884 956 illico
904 902 1089 957 statim
1107 902 1482 957 immemorem
1501 918 1621 957 esse
1641 902 1764 957 tha-

164 978 303 1034 lami
333 978 789 1049 nuptiarumque,
832 983 886 1031 et
911 976 1054 1040 illis,
1099 978 1198 1048 qui
1227 976 1408 1031 adhuc
1436 994 1536 1049 pro
1556 977 1762 1032 indicio

122 1080 130 1087 ,
162 1052 417 1123 coniugii
444 1052 563 1108 eius
591 1052 794 1113 tunicis
823 1050 1004 1106 induti
1026 1061 1206 1117 erant,
1249 1070 1397 1107 arma
1416 1052 1678 1107 inducere
1700 1070 1762 1107 ac

161 1127 401 1185 bellum.
478 1126 741 1193 Quamvis
770 1128 919 1181 enim
948 1127 1118 1181 nimis
1146 1135 1228 1183 est
1245 1128 1426 1182 omnis
1452 1127 1761 1201 alienigena

163 1206 419 1275 ingratus
440 1210 655 1266 natura,
698 1200 796 1255 sed
826 1202 1055 1257 minime
1079 1200 1307 1257 decebat
1332 1202 1650 1258 huiusmodi
1673 1205 1762 1258 in-

160 1276 523 1353 gratitudinis
540 1276 865 1349 participem
887 1293 1148 1349 apparere
1169 1280 1376 1334 iustum
1387 1277 1459 1353 ⁴³).

761 1494 1170 1527 ———-040-—-—--

521 1728 575 1802 P
729 1728 795 1805 H
946 1728 973 1805 1
1130 1729 1185 1804 L
1341 1728 1405 1805 Ο

705 1894 1221 1958 DEIONA.

284 2099 330 2149 l.
365 2092 437 2171 [*]
459 2078 680 2153 Eorum
700 2100 801 2170 qui
820 2097 1116 2170 prophetas
1137 2096 1326 2169 legunt
1346 2094 1592 2165 quidam,
1615 2112 1758 2166 quae

156 2169 325 2228 utilia
354 2178 482 2227 sunt
510 2171 858 2237 hominihu3‚
901 2174 1194 2235 mirantur,
1237 2169 1462 2241 quidam
1480 2187 1611 2225 vero
1629 2187 1758 2241 pro-

157 2246 381 2321 phetias
420 2246 569 2319 ipsas
610 2247 975 2315 admirantur;
1045 2255 1101 2302 at
1128 2262 1228 2318 ego
1257 2244 1419 2300 laudo
1449 2244 1754 2300 laudatores

160 2320 405 2395 quoque.
482 2321 751 2388 Quoniam
773 2330 955 2377 autem
976 2322 1112 2377 haec
1132 2318 1294 2377 video
1309 2360 1322 2384 ‚
1352 2319 1494 2375 illud
1515 2318 1755 2395 profecto

160 2412 293 2469 prae
320 2397 607 2461 omnibu8‚
652 2397 911 2454 laudibus
940 2397 1202 2452 nimirum
1223 2394 1497 2450 celebrare
1517 2395 1756 2466 prophe-

161 2480 242 2527 tas
274 2471 534 2543 spiritum
571 2481 865 2546 gerentesk
893 2471 1027 2527 adeo
1066 2470 1264 2526 melius
1304 2470 1754 2542 praeeligendum

260 2610 305 2659 ⁸)
335 2610 381 2650 Si
405 2612 615 2660 integram
642 2612 889 2663 Sampsonls
921 2613 1145 2653 historiam
1179 2611 1502 2651 describendam
1529 2611 1610 2650 sibi
1637 2622 1751 2650 sum-

164 2664 317 2709 nisset
350 2665 519 2707 auctor.
565 2664 817 2713 imperfecta
848 2666 915 2703 est
945 2663 1123 2703 homilia.
1146 2672 1368 2711 praesensa
1417 2662 1484 2701 sin
1510 2664 1650 2701 autem
1678 2663 1753 2703 ali-

166 2722 287 2761 quam
307 2712 445 2751 solam
470 2716 635 2760 partem
660 2714 899 2755 describere
924 2712 1108 2752 voluerit
1134 2714 1200 2760 (ut
1227 2714 1400 2757 dicitur,
1428 2722 1482 2751 ex
1509 2713 1751 2763 improviso.

164 2764 277 2807 velut
295 2762 352 2804 nd
368 2762 603 2805 amicorum
618 2765 856 2815 placitum),
884 2764 992 2805 nihil
1008 2763 1180 2804 omnino
1207 2762 1355 2801 deesse
1381 2764 1550 2805 dixeris.
1595 2764 1751 2803 Auch.

1199 2813 1341 2865 Dd2
