2125 3084
206 162 288 227 [IL
314 160 436 225 25⁹]
562 165 643 210 IN
682 165 1034 211 GENESIN.
1075 167 1328 213 SERMO
1363 168 1450 215 IV.
1743 164 1804 213 84

276 330 414 389 Quid
428 341 499 380 est
526 367 560 393 ,‚
574 330 643 379 In'
656 340 861 395 tempore
880 330 967 381 Ῐιοσ
985 343 1199 383 revertar
1219 333 1287 381 ad
1306 343 1349 383 te
1366 336 1414 383 in
1435 334 1577 383 bora-3
1587 333 1634 399 ⁸²)
1650 372 1662 395 ,
1698 343 1744 382 et

414 410 422 417 “
608 399 697 447 erit
714 398 852 460 filius
874 398 1062 449 Sarrae
1077 404 1142 449 “?
1178 405 1284 463 (18,
1311 403 1414 460 14.)

324 522 407 572 48.
453 516 671 573 Clarius
700 517 1062 582 demonstrat,
1106 518 1258 589 quod
1285 518 1333 571 si
1354 517 1492 573 deus
1513 529 1814 574 revertatur

203 596 263 648 in
294 594 569 657 animam,
623 591 777 647 illico
810 590 883 667 [*]
914 594 1243 649 monstrabit
1277 610 1398 647 eam
1425 604 1814 665 praegnantem

204 668 420 723 laetitia
436 708 448 730 ,
493 668 655 721 cuius
676 684 875 721 nomen
897 667 1126 738 quidem
1149 668 1450 723 femineum
1472 676 1582 731 est,
1625 676 1816 721 natura

203 754 392 797 tamen
414 742 744 797 masculina.
823 740 1094 808 Quoniam
1122 743 1300 797 tristis
1328 760 1391 796 ac
1419 742 1706 797 dolorosus
1738 752 1820 796 est

204 817 335 880 ille,
380 834 411 870 a
438 833 552 887 quo
580 815 720 870 deus
749 814 944 881 distat,
987 817 1194 889 gaudio
1221 833 1352 871 vero
1381 826 1435 872 et
1463 817 1670 871 laetitia
1685 818 1819 890 ple-

204 910 316 947 nus
334 932 347 955 ‚
388 892 481 945 cui
502 890 791 961 proximus
812 899 921 956 est,
961 892 1037 947 ita
1069 900 1129 946 ut
1154 909 1254 963 pro
1285 892 1492 947 laetitia
1520 891 1816 948 lucidiores

206 966 491 1037 recepisse
510 982 571 1020 se
590 966 871 1021 existimet
890 966 1076 1021 radios
1097 966 1335 1038 desuper
1361 967 1573 1023 allatos,

214 1123 312 1181 Cur
338 1123 532 1188 neyam’t
558 1121 720 1171 Sarra
746 1123 932 1174 dicens.-
976 1122 1144 1187 „Non
1174 1126 1286 1185 τίείς
1333 1124 1484 1175 timuit
1521 1126 1654 1173 enim.
1728 1123 1818 1173 Iac

447 1199 602 1241 autem
620 1190 769 1241 dixit:
803 1190 947 1253 Non‚·
982 1192 1318 1243 sedralsakti‘w
1354 1194 1459 1255 (18,
1490 1193 1593 1251 15.)

328 1302 408 1352 ⁴9.
450 1300 698 1355 Eventus
718 1300 919 1356 accidit
938 1303 1181 1373 exempli
1201 1302 1425 1374 pietatis
1451 1309 1813 1372 opportunuS,

210 1390 275 1427 eo
302 1373 454 1443 quod
482 1374 691 1429 viderit
712 1382 827 1429 tum
850 1375 941 1431 dei
962 1377 1454 1450 magnificentiam,
1499 1385 1616 1431 tum
1637 1378 1819 1449 impo-

210 1450 442 1503 tentiam
463 1448 532 1503 ad
552 1458 773 1521 partum
788 1492 800 1515 ,
839 1468 1078 1523 eumque
1096 1454 1432 1525 proximum.
1511 1451 1620 1506 Ubi
1641 1454 1812 1515 enim,

212 1524 319 1587 ait,
378 1524 485 1578 ista
523 1524 701 1595 possit
737 1525 978 1599 gaudere
1014 1528 1302 1583 sinceriter
1340 1528 1527 1583 lucida
1567 1542 1630 1581 ac
1663 1544 1814 1581 mera

212 1599 423 1653 laetitia
438 1640 451 1662 ‚
494 1614 669 1669 quum
690 1600 1027 1657 circumdata
1046 1604 1120 1657 sit
1139 1604 1362 1659 tristitia
1380 1645 1392 1663 ,
1435 1604 1632 1657 timore
1661 1602 1819 1656 aliis—

210 1688 324 1744 que
348 1672 541 1728 multis
572 1676 871 1731 aerumnis.
949 1676 1071 1732 Nisi
1100 1676 1236 1732 forte
1267 1678 1372 1732 soli
1401 1676 1626 1731 divinae
1657 1686 1821 1730 natu-

209 1764 304 1803 rae
332 1750 620 1820 proprium
650 1757 733 1804 est
760 1751 1027 1823 gaudere,
1073 1770 1102 1806 a
1130 1754 1290 1806 cuius
1311 1752 1469 1823 regni
1491 1750 1700 1804 ditione
1722 1768 1820 1803 ex-

210 1823 405 1877 clusus
426 1831 508 1877 est
524 1824 750 1879 omnino
772 1843 833 1879 ac
855 1827 1017 1899 longe
1037 1827 1380 1899 proscriptus
1399 1840 1612 1878 moeror
1629 1824 1823 1877 timor-

210 1912 344 1968 que.
422 1897 621 1953 Anima
640 1900 829 1971 itaque
850 1900 1065 1955 ridens:
1111 1908 1166 1953 et
1189 1915 1332 1970 quae
1359 1896 1600 1969 gaudere
1628 1898 1824 1952 existi-

212 1979 362 2026 mata
380 1980 490 2037 est,
531 1990 590 2027 se
610 1974 793 2044 ipsam
810 1976 1052 2049 subigit,
1093 1974 1270 2028 verita
1289 1974 1348 2027 in
1367 1990 1427 2027 se
1442 2015 1454 2037 ‚
1503 1988 1572 2025 ne
1594 1970 1730 2027 forte
1749 1972 1820 2026 oh

210 2047 447 2101 nimiam
480 2048 847 2119 ignorantiam
885 2050 976 2105 vel
1014 2049 1280 2104 audacem
1317 2049 1820 2121 praesumptionem

210 2121 324 2177 sibi
372 2120 601 2193 arripiat
638 2120 859 2193 aliquid
900 2120 1239 2185 divinitatis,
1291 2122 1440 2193 quod
1481 2123 1584 2178 soli
1625 2123 1816 2179 beatae

208 2205 439 2251 naturae
457 2197 749 2267 proprium
776 2204 877 2251 est.
932 2194 1090 2250 Unde
1113 2203 1400 2267 acceptans
1421 2200 1696 2270 propitius
1719 2199 1817 2253 ille

210 2279 265 2326 et
305 2270 489 2326 dulcis
529 2287 591 2325 ac
631 2270 916 2324 beneficus
956 2272 1127 2324 animi
1174 2272 1442 2342 pudorem
1471 2274 1813 2334 reverentia,

208 2346 458 2401 oratione
478 2352 531 2399 et
550 2345 747 2399 timore
775 2343 867 2398 dei
890 2344 1144 2399 affectum
1160 2386 1172 2409 ,
1215 2345 1352 2399 dicit
1380 2348 1462 2401 ei:
1506 2347 1632 2400 Noli
1656 2346 1788 2399 time
1805 2375 1821 2385 ·

209 2437 301 2485 re,
343 2436 455 2474 non
490 2420 643 2473 enim
680 2419 895 2474 timoris
936 2428 1020 2474 est
1057 2436 1173 2482 reS,
1215 2421 1293 2474 ita
1321 2429 1383 2473 ut
1417 2435 1618 2490 negare
1656 2418 1816 2472 velis.

210 2494 406 2549 Risisti
437 2510 569 2566 ergo
590 2500 645 2547 et
670 2493 876 2566 gaudio
904 2494 1134 2567 impleta
1155 2510 1213 2547 es
1227 2534 1241 2558 ‚
1273 2510 1450 2563 quum
1471 2508 1572 2563 ego
1593 2491 1821 2545 daturus

210 2571 321 2625 sim
344 2568 449 2623 tibi
470 2568 745 2640 gaudere,
777 2576 1059 2641 tamquam
1082 2586 1154 2623 ex
1171 2568 1320 2622 fonte
1349 2567 1536 2621 rivum
1561 2564 1821 2619 fluentem

310 2712 357 2755 ¹⁸)
380 2708 435 2755 εἷς
453 2706 557 2759 ὥρας
576 2708 707 2748 LXX.

276 2762 502 2811 Primo
544 2758 659 2810 vu.
1368 2754 1414 2803 F
