2125 3084
317 128 452 202 3¹2x
555 129 758 174 PHIL.
796 129 946 174 IUD.
988 129 1312 186 QUAEsT.
1352 129 1453 174 ET
1501 129 1658 176 SOL.
1698 125 1949 194 [11,461.]

321 235 497 304 legem
517 237 741 284 ornatus
761 237 844 282 est
862 227 1132 284 moribus.
1211 229 1274 284 ld
1304 247 1435 302 ergo
1462 239 1637 285 totum
1663 231 1769 286 sub
1792 233 1947 288 alle-

319 308 472 380 goria
499 304 716 359 videtur
737 320 1037 374 exponere,
1063 319 1238 374 quum
1258 305 1409 360 dicat
1422 345 1434 368 ,
1455 305 1607 376 quod
1628 307 1728 376 qui
1748 315 1943 362 trans-

320 383 562 454 migrant
590 379 660 433 de
691 378 908 434 malitia
931 379 990 431 in
1018 379 1309 443 virtutem,
1352 397 1422 434 ne
1448 397 1520 434 ex
1538 381 1711 435 cruda
1732 383 1943 452 poeni-

319 457 488 511 tentia
509 452 824 516 comedant,
866 452 966 508 sed
987 453 1371 509 calefacientes
1392 471 1514 508 eam
1529 496 1542 519 ,
1583 455 1937 512 ferventibus

319 532 535 586 scilicet
571 528 758 584 verbis
799 527 1235 600 ardentibusque
1268 538 1669 600 praeparatam.
1766 532 1935 588 Multi

321 607 472 662 enim
494 603 563 660 ad
584 604 854 658 contraria
875 602 1061 658 subito
1084 605 1355 677 emigrant
1376 605 1571 660 insano
1592 607 1804 676 impetu
1819 646 1833 670 ‚
1860 624 1934 661 ex

319 678 660 753 largitudine
681 680 738 732 in
760 679 1100 749 parcitatem,
1124 687 1178 733 et
1198 696 1269 734 ex
1288 681 1510 751 agresti,
1546 690 1763 752 compta
1782 680 1934 735 deli-

320 764 549 826 cataque
582 755 790 809 vitain
825 752 1194 826 rigiditatem,
1248 755 1395 808 sicut
1428 762 1483 808 et
1520 772 1591 809 ex
1626 755 1929 812 ambitione

321 831 540 885 evolant
559 830 619 883 in
640 829 938 884 vilitatem:
973 845 1115 899 quos
1138 845 1299 884 nemo
1319 829 1589 885 laudabit.
1654 830 1929 896 Quoniam

321 904 492 960 cruda
521 912 574 958 et
599 905 916 958 inconstans
947 911 1056 966 est,
1102 911 1162 958 ut
1192 903 1396 976 aliquis
1428 903 1661 970 diceret,
1710 923 1927 960 summa

321 979 673 1036 commutatio
693 995 910 1033 eorum:
935 995 1107 1050 quare
1126 981 1315 1032 non-in
1334 979 1617 1044 virtutem,
1638 981 1737 1035 sed
1756 982 1814 1035 in
1824 997 1926 1050 op-

318 1059 528 1128 positas
568 1052 808 1109 malitias
836 1054 1087 1109 translati
1116 1061 1247 1107 sunt
1274 1055 1393 1108 sine
1424 1055 1922 1110 animadversione.

319 1131 672 1201 Quicumque
699 1147 830 1184 vero
858 1146 958 1200 per
985 1130 1253 1183 rationem
1274 1129 1538 1184 scientiae
1558 1131 1754 1185 mutati
1774 1147 1926 1184 com-

318 1213 626 1278 ponuntur,
670 1211 952 1275 tamquam
980 1204 1049 1257 ab
1078 1204 1207 1275 igne
1238 1205 1440 1269 coacti,
1484 1204 1699 1260 firmam
1726 1207 1926 1260 immo-

319 1281 606 1350 bilemque
627 1279 956 1350 acquisitam
976 1278 1295 1349 praeferunt
1314 1279 1631 1334 utilitatem.

393 1421 466 1484 [⁴³]
529 1417 660 1474 Quid
691 1428 783 1480 eat,
841 1419 970 1481 quod
1003 1430 1151 1483 caput
1185 1437 1287 1469 cum
1312 1420 1519 1484 pedibus
1553 1431 1598 1470 et
1632 1421 1857 1470 ime-stim}

649 1486 698 1534 in
732 1483 930 1534 Pascha
965 1487 1253 1550 offerendum
1288 1492 1423 1538 erat?
1476 1489 1596 1553 (ib.)

437 1588 516 1642 Π.
573 1587 804 1650 Littera,
848 1596 908 1641 ut
942 1597 1102 1658 puto,
1149 1589 1470 1644 huiusmodi
1500 1600 1610 1645 est:
1665 1591 1925 1663 quoniam

321 1671 489 1718 totam
517 1661 754 1718 hostiam
785 1663 994 1718 iudicat
1021 1665 1271 1718 consumi
1291 1665 1522 1730 debere,
1566 1682 1756 1720 omnes
1776 1683 1926 1720 com-

322 1744 587 1795 memorat
605 1745 814 1811 partes,
860 1739 1172 1802 declaranS‚
1212 1739 1363 1810 quod
1388 1740 1532 1794 nihil
1555 1741 1718 1810 plane
1755 1742 1925 1795 relin—

323 1817 421 1886 qui
454 1817 634 1870 liceat.
714 1813 798 1868 Ad
825 1824 1067 1868 mentem
1099 1831 1227 1868 vero
1274 1825 1430 1882 caput
1466 1816 1711 1886 primum
1752 1826 1833 1871 est
1871 1825 1925 1870 et

323 1891 580 1962 superius
615 1889 1115 1960 principaliusque.
1204 1891 1418 1944 laterna
1462 1898 1645 1944 autem
1684 1891 1922 1945 externis

323 1964 590 2020 contraria
631 1965 919 2036 supponit;
973 1964 1235 2034 quoniam
1267 1963 1432 2028 dicit,
1480 1965 1629 2036 quod
1660 1964 1825 2020 debet
1852 1967 1917 2029 is,

322 2040 420 2111 qui
447 2047 743 2111 purgatur,
787 2047 952 2094 totam
981 2041 1205 2094 omnino
1238 2039 1477 2093 animam
1504 2057 1769 2112 purgare,
1816 2057 1923 2094 una

324 2131 452 2168 oum
490 2114 724 2168 internis
763 2113 1191 2184 cupiditatibus,
1236 2122 1289 2168 et
1316 2113 1587 2185 verbalad
1616 2123 1769 2169 extra
1798 2132 1925 2186 pro-

325 2189 515 2253 ducta,
557 2189 702 2243 sicut
739 2197 792 2242 et
827 2205 991 2258 opera
1029 2206 1129 2259 per
1163 2189 1527 2244 instrumenta
1556 2191 1924 2244 ministrantia

323 2273 489 2335 atque
508 2281 608 2335 per
629 2270 794 2333 caput
813 2263 973 2333 quasi
993 2264 1305 2334 principem
1333 2264 1735 2336 (intellectum).

397 2401 530 2460 Quae
567 2413 719 2452 autem
753 2401 946 2451 residua
976 2403 1072 2453 sint
1105 2404 1153 2452 in
1188 2403 1386 2456 Pascha
1421 2422 1567 2469 usque
1602 2407 1672 2456 ad
1703 2423 1851 2469 mane,
1909 2419 1917 2424 ·

733 2469 859 2519 iubet
899 2472 1201 2520 concremari.
1278 2478 1383 2534 (12,
1410 2475 1514 2534 10.)

440 2570 520 2622 ⁴8.
563 2567 811 2622 Primum
848 2567 1020 2622 solem
1059 2570 1192 2623 oriri
1224 2588 1393 2642 super
1419 2572 1657 2628 hostiam
1696 2577 1928 2646 pascha-

321 2641 394 2694 tis
422 2639 572 2693 haud
594 2657 833 2710 aequum
853 2641 1014 2697 duxit
1038 2682 1051 2705 ‚
1095 2646 1358 2713 quoniam
1381 2647 1469 2700 vel
1493 2648 1615 2718 ipsa
1645 2659 1828 2715 nocte,
1869 2661 1928 2706 ut
