2125 3084
215 188 298 251 [11‚
323 184 438 249 asa]
572 190 650 234 IN
691 190 1038 239 GENESIN.
1067 192 1321 238 annno
1356 196 1441 241 ιν.
1698 190 1798 245 225

215 299 494 365 gmenturn
535 288 726 362 (rixae)
767 299 820 345 et
857 292 1099 346 vilitates
1132 292 1649 365 tribulationesque,
1694 299 1801 350 mi-

217 369 360 420 nime
380 381 512 420 vero
534 373 785 419 naturam
805 365 1008 421 laboris
1029 376 1085 421 et
1104 366 1309 422 doloris
1328 378 1609 439 expertem
1636 412 1646 424 .
1666 412 1677 424 .
1698 372 1795 445 .*).

311 508 354 555 ⁴¹)
385 508 428 547 Si
455 508 612 554 integri
639 506 910 546 crederentur
936 508 1058 547 codd.
1092 506 1253 547 Armrn.
1280 510 1347 555 (ut
1372 510 1681 557 quodammodo
1708 523 1803 560 per-

215 560 389 601 suadere
422 560 593 607 poterat
625 558 887 597 continuatio
920 567 1193 597 numerorum
1226 568 1263 599 ι.
1292 560 1613 609 capItulorum),
1660 562 1804 601 dimn-

216 612 313 650 dum
340 613 473 655 esset,
523 606 636 657 quod
663 609 798 647 solitis
824 609 905 647 sibi
933 608 1263 647 obscuritatibus
1290 620 1505 659 exponere
1531 613 1637 651 satis
1670 612 1805 653 duxe—

214 664 268 701 rit
293 666 441 701 auctor
466 661 550 697 hoc
575 666 752 697 numero
777 668 828 697 ea
854 660 1013 707 omnia,
1043 662 1151 709 quae
1178 658 1391 699 habentur
1417 660 1523 701 Gen.
1552 660 1616 709 26,
1646 662 1693 700 19
1708 682 1727 691 -
1742 664 1804 701 35.

214 712 520 752 Verumtamen
553 712 663 748 teste
696 709 848 749 Latino
881 710 1119 758 lutei-prete
1154 718 1365 759 anonymo
1389 712 1541 751 lacuna
1568 715 1635 751 est
1658 713 1703 751 in
1727 722 1805 751 no-

214 764 312 804 stris
356 761 598 804 codicibus,
652 770 782 807 quam
821 761 1036 809 supplevit
1072 761 1199 801 nobis
1240 762 1354 801 idem
1387 762 1483 803 Lat.
1518 762 1678 812 Iam-p.
1712 764 1808 805 istiu

214 824 321 863 quae
347 814 590 861 sequuntur
615 810 724 849 infra
751 810 797 849 11
825 810 1115 860 paragraphis.
1168 810 1328 852 Auch.

215 967 359 1019 mnis
381 964 636 1019 detentus
654 962 982 1016 miserrimis
996 1003 1008 1025 ‚
1033 962 1197 1018 titulo
1214 962 1531 1037 infatigatae
1553 974 1607 1021 et
1622 966 1808 1020 minus

216 1039 519 1094 lahoriosae
541 1036 829 1091 libertatis.

215 1184 532 1256 (Sequentes
581 1184 652 1238 11
691 1182 1042 1256 parayraplzi
1086 1184 1277 1239 desunt
1315 1185 1371 1239 in
1413 1184 1564 1241 Arm.
1615 1203 1809 1259 eaeque

217 1276 343 1325 ‚mm
383 1268 465 1325 vel
505 1268 784 1323 commixta
827 1268 910 1322 vel
942 1284 1095 1339 pura
1150 1268 1278 1325 Lat.
1326 1267 1591 1345 Anonymi
1648 1289 1809 1341 arqu-

705 1362 898 1407 menta..
983 1350 1312 1425 Aucher.)

221 1482 383 1541 Quare
417 1483 466 1531 in
493 1482 652 1546 primo
686 1482 990 1545 dimicentur,
1026 1484 1229 1535 secundo
1263 1484 1529 1539 iudicantur.
1536 1524 1551 1549 ,
1590 1485 1641 1535 in
1672 1488 1809 1537 tertio

352 1559 554 1599 cessant.
625 1548 696 1599 Et
721 1550 923 1614 primum
956 1560 1154 1601 vocatur
1187 1552 1382 1616 iniuria,
1436 1554 1689 1605 secundum
1722 1555 1810 1604 im>-

273 1622 282 1633 ‘
353 1618 558 1678 micitia,
596 1618 778 1667 tertium
809 1616 1122 1681 spaciositas?
1158 1624 1264 1684 (26,
1298 1622 1511 1687 20·22.)

331 1718 378 1761 1.
417 1710 560 1760 Haec
583 1712 795 1774 pignora
821 1718 936 1759 sunt
959 1712 1233 1761 industriae
1253 1720 1427 1775 utpote
1448 1716 1617 1776 aliquo
1635 1715 1690 1761 in
1710 1721 1812 1762 stu-

214 1780 420 1829 diosam
459 1779 664 1827 inducto
691 1778 1021 1841 disciplinam.
1091 1779 1187 1827 Est
1210 1780 1345 1827 enim
1370 1780 1651 1839 dimicatio,
1692 1780 1814 1827 dum

217 1852 474 1895 amatores
502 1844 754 1896 doctrinae
782 1846 846 1895 ad
871 1846 1184 1893 institutores
1210 1844 1473 1893 conferunt
1502 1853 1813 1908 opponentes

215 1914 492 1975 magistros
524 1914 710 1975 torpori
735 1914 952 1961 animae.
1023 1910 1157 1960 Cum
1174 1918 1343 1959 autem
1358 1911 1509 1959 fuerit
1528 1912 1814 1960 obstinatis-

217 1982 356 2029 sima
381 1982 746 2042 perseverantia
773 1987 825 2031 et
855 1978 1083 2029 studiosa
1109 1978 1403 2027 exercitatio
1416 2012 1429 2037 ‚
1464 1978 1567 2027 iam
1592 1992 1697 2027 non
1714 1978 1813 2027 liti·

214 2049 365 2111 gium
378 2082 390 2106 ‚
411 2046 502 2095 sed
517 2048 752 2097 iudicium
771 2054 873 2107 est,
903 2052 1135 2095 cessante
1154 2046 1355 2095 laesura
1372 2060 1590 2109 congrue
1607 2046 1813 2094 rationis

217 2122 302 2165 est
329 2114 478 2163 altius
505 2127 716 2165 examen
742 2115 1014 2177 requirere.
1084 2113 1327 2161 Provecto
1354 2128 1555 2176 nanque
1593 2118 1814 2161 amatore

215 2182 627 2245 disciplinarum,
667 2183 978 2231 infirmantur
1004 2180 1315 2244 alienigenae
1344 2182 1498 2230 moris
1524 2180 1813 2229 eruditionis

215 2250 458 2299 abdicato
493 2252 658 2313 litigio
683 2256 836 2312 atque
863 2248 1079 2309 iudici0‚
1122 2264 1185 2298 ac
1207 2264 1298 2312 per
1324 2249 1422 2297 hoc
1449 2249 1627 2297 merito
1653 2248 1815 2311 prima

214 2324 480 2367 momenta
495 2333 588 2381 pro
605 2318 829 2377 iniuriis,
857 2322 1067 2379 accepta
1082 2324 1214 2365 sunt.
1284 2316 1507 2365 Patimur
1526 2315 1661 2364 enim
1685 2314 1815 2363 inin-

213 2385 347 2433 riam
368 2386 738 2445 desiderantes,
765 2398 907 2433 amor
924 2384 1117 2433 obtinet
1134 2384 1433 2433 firmitatem.
1505 2382 1566 2431 In
1594 2382 1815 2431 secundo

213 2459 392 2501 autem
407 2454 642 2502 inimicos
662 2452 902 2501 sentimus
921 2466 1010 2501 eos
1021 2486 1035 2513 ,
1074 2466 1182 2501 non.
1206 2451 1607 2514 praevalentibus
1632 2462 1815 2498 nocere

212 2519 622 2582 alienigenarum
646 2520 870 2567 moribus
883 2553 896 2578 ‚
934 2520 1137 2567 inanem
1166 2518 1581 2581 exaggerantibus
1604 2516 1817 2567 inimici-

210 2586 362 2635 tiam.
419 2587 596 2635 Tertia
611 2588 764 2649 igitur
782 2586 1076 2648 spaciositas
1096 2594 1145 2635 et
1164 2587 1283 2647 quia
1298 2585 1521 2648 perfecta
1536 2585 1815 2635 melioratio

213 2652 578 2703 confusionem
606 2654 752 2702 affert
775 2653 1018 2712 inimicis3
1065 2652 1229 2700 inanis
1260 2651 1393 2699 enim
1419 2653 1637 2703 revelata
1661 2660 1737 2703 est
1768 2658 1820 2701 et

211 2721 444 2783 pravitas
464 2721 787 2779 iniuriarum,
809 2725 859 2767 et
873 2718 1248 2767 inimicitiarum
1264 2718 1547 2769 insolentia.

289 2786 338 2837 P
349 2802 391 2858 ¹!
408 2802 427 2837 1
441 2802 476 2836 ι,
489 2801 524 2836 ο
563 2786 684 2837 Vll.
1367 2784 1409 2833 P
