2125 3084
2065 30 2071 130 1

322 134 331 143 ’
376 160 439 213 46
823 162 1196 209 rmnoms
1232 160 1508 205 mnam
1797 153 1871 220 [1‚
1899 158 2014 223 38·]
2066 136 2071 189 Ι

375 272 567 321 cai-unt
580 305 593 327 ‚
626 264 820 335 poenis
838 261 1049 317 tradere
1065 302 1078 325 ‚
1102 278 1277 333 quum
1297 278 1361 315 ea
1381 260 1620 315 facinora
1639 276 1752 314 non
1783 261 2015 316 volun-

373 341 511 396 tarie
542 338 879 411 peregerint,
920 337 1071 392 haud
1101 336 1368 391 habentes
1397 336 1508 405 ipsi
1527 341 1874 406 potestatem
1897 356 2012 391 su-

372 432 473 489 pra
512 430 689 469 mores
724 410 1011 485 proprios?
1074 410 1224 478 Quae
1255 411 1347 465 lex
1369 418 1548 482 potest
1573 408 1840 465 detinere
1871 414 2010 466 ani-

374 506 547 555 mum,
572 505 644 544 ne
661 489 719 543 in
738 487 998 560 operibus
1018 488 1266 541 imitetur
1281 502 1512 557 pravam
1531 484 1876 541 electionem
1891 504 2007 542 vo-

378 564 605 622 luntatis
620 605 632 629 ‚
666 565 716 618 si
736 563 891 618 nulla
910 564 984 617 sit
1000 563 1059 616 in
1081 563 1202 633 ipso
1221 558 1482 615 libertas?
1537 559 1836 626 Quomodo
1865 572 2003 633 pot-

376 649 459 697 est
486 639 703 695 obstare
731 636 867 703 fato,
910 656 939 693 a
968 654 1080 708 quo
1109 637 1197 691 vel
1219 637 1429 691 invitus
1449 633 1784 690 abducitur?
1845 634 1998 702 Qui-

377 732 617 787 cumque
642 712 893 769 libertate
920 712 1108 767 donati
1139 720 1269 767 sunt
1297 710 1364 783 (s,
1397 711 1734 781 cuicumque
1763 711 1914 765 insit
1937 731 1990 765 s,

374 791 581 863 praesit
610 789 879 845 libertatis
909 787 1047 859 lex),
1090 786 1206 841 illis
1234 785 1386 857 quod
1412 785 1642 840 libuerit
1671 784 1767 839 lex
1796 786 1992 857 impe-
2070 838 2071 849 ,

376 874 483 933 ret;
550 864 754 919 habent
790 864 941 917 enim
976 878 1154 916 mores
1191 878 1382 916 eorum
1417 861 1760 916 voluntatem
1801 860 1987 915 libere
2069 860 2071 911 l

376 948 628 1013 agentem
642 980 655 1005 ‚
678 956 709 993 a
728 939 945 993 nemine
964 935 1242 1009 impediti.
1312 935 1380 990 At
1399 936 1490 991 cui
1509 935 1731 991 animus
1749 937 1982 991 omnino
2069 922 2071 971 Ὗ

376 1016 672 1071 destitutus
690 1016 765 1069 sit
786 1013 1035 1068 libertate
1048 1052 1061 1076 ‚
1097 1011 1230 1065 huic
1251 1010 1442 1065 licebit
1460 1009 1644 1066 dicere
1665 1010 1854 1066 iudici
1875 1012 1980 1066 etsi

376 1092 548 1147 iusto:
592 1089 841 1145 Dissolve
855 1130 868 1152 ,
893 1087 1068 1143 libera
1087 1103 1176 1140 me
1195 1104 1226 1141 a
1247 1085 1470 1141 vinculo
1491 1086 1872 1141 natalitiorum
1887 1128 1902 1149 ,
1923 1095 1979 1140 et
2070 1144 2071 1147 Ἴ

376 1170 565 1237 postea
583 1162 653 1217 da
673 1165 813 1219 mihi
834 1164 1031 1235 legem,
1056 1179 1200 1234 quae
1217 1161 1319 1216 tibi
1340 1161 1546 1231 placet;
1597 1161 1825 1232 quando
1851 1178 1976 1216 vero
2070 1208 2071 1219 ,

378 1255 486 1293 non
508 1237 797 1295 mandetur
824 1256 854 1293 a
883 1256 971 1293 me
1000 1237 1368 1301 exsecutioni,
1411 1235 1661 1291 inducito
1685 1253 1862 1307 super
1890 1253 1977 1289 me
2070 1276 2071 1293 ἢ

378 1312 695 1367 vexationes
742 1322 1160 1377 tormentorum,
1213 1312 1365 1367 varia
1402 1311 1624 1367 vincula
1641 1353 1654 1375 ,
1707 1320 1765 1366 et
1804 1322 1974 1367 morte
2070 1310 2071 1351 l

376 1388 496 1460 ipsa
529 1386 841 1458 deperdito,
882 1389 994 1445 nisi
1024 1387 1222 1443 faciam
1251 1385 1456 1443 iudicis
1485 1387 1596 1441 mei
1623 1386 1917 1457 placitum.
2070 1418 2071 1472 1

489 1464 575 1515 84.
626 1460 725 1517 Sin
756 1472 937 1520 autem
965 1462 1184 1518 obstant
1211 1463 1454 1518 natalitia
1489 1461 1673 1518 sidera
1701 1461 1975 1516 voluntati

378 1536 844 1609 uniuscuiusque,
884 1539 1015 1609 quis
1041 1536 1406 1610 reprehendat
1434 1537 1716 1592 hominem
1741 1554 1775 1591 a
1797 1537 1978 1592 caele·

378 1612 557 1667 stibus
584 1614 744 1667 astris
772 1613 831 1667 in
861 1614 1070 1668 malum
1097 1630 1197 1685 per
1223 1614 1339 1669 vim
1367 1611 1634 1668 tractum?
1690 1614 1817 1668 Non
1845 1630 1976 1667 sane

379 1688 516 1743 deus
534 1688 682 1759 ipse,
714 1688 763 1743 si
785 1688 963 1761 legem
984 1689 1146 1755 ferat;
1209 1696 1387 1760 potest
1403 1688 1549 1743 enim
1575 1686 1845 1743 subditus
1873 1689 1973 1742 iste

379 1764 563 1819 dicere
592 1763 695 1819 deo
721 1780 969 1835 quoque:
1032 1763 1198 1819 Solve
1227 1764 1473 1819 animum
1500 1778 1687 1818 meum
1715 1780 1746 1817 a
1775 1762 1972 1817 natali-

379 1840 471 1894 tiis
488 1881 501 1904 ,
534 1848 588 1894 et
605 1839 836 1895 habebis
858 1840 998 1913 legis
1026 1838 1450 1897 observatorem.
1528 1836 1666 1904 Quis
1694 1836 1968 1909 parricida

312 1962 322 1973 .
381 1931 443 1969 ac
470 1914 754 1970 matricida
784 1916 905 1969 iure
938 1911 1012 1989 [*]
1042 1914 1372 1969 subiiciatur
1407 1914 1711 1968 sententiae
1749 1913 1963 1975 iudicii,

379 1990 477 2061 qui
508 1990 579 2045 ab
608 1991 768 2045 astris
797 1998 1015 2044 coactus
1041 1996 1248 2043 tractus
1268 1988 1434 2043 fuerit
1449 1987 1520 2043 ad
1537 1988 1966 2043 internecionem

378 2064 702 2136 parentum?
758 2064 866 2120 Aut
895 2066 1022 2135 quis
1049 2064 1216 2119 talem
1245 2064 1532 2119 mulierem
1553 2062 1864 2118 adulteram
1883 2079 1968 2117 ac-

380 2156 571 2194 cusare
582 2139 734 2204 velit,
757 2156 857 2209 per
875 2141 993 2194 vim
1012 2156 1144 2194 sane
1165 2147 1432 2194 astrorum
1451 2138 1752 2209 impulsam
1771 2138 1844 2193 ad
1864 2138 1968 2193 ini-

378 2231 517 2286 quas
528 2213 824 2270 coitiones?
862 2213 1037 2282 Quam
1053 2214 1292 2286 plurima
1313 2214 1422 2269 alia
1440 2216 1498 2269 in
1521 2222 1660 2269 terra
1683 2231 1716 2268 a
1736 2213 1969 2285 quibus-

354 2340 360 2349 ,
379 2290 507 2343 dam
528 2288 757 2361 indigne
778 2285 917 2343 facta
937 2290 1037 2359 qui
1060 2289 1278 2353 viderit,
1303 2289 1574 2361 quomodo
1592 2289 1654 2343 is·
1663 2289 1868 2361 poterit
1884 2289 1969 2343 in-

378 2364 600 2434 culpare
621 2381 731 2427 eoS‚
756 2364 854 2434 qui
876 2363 1162 2418 brutorum
1182 2381 1330 2419 more
1361 2382 1390 2419 a
1420 2364 1686 2419 natalitiis
1717 2380 1968 2419 necessa-

377 2438 458 2491 rie
481 2436 829 2495 abducuntur
849 2436 916 2509 (s.
940 2438 1214 2509 inculpari
1235 2440 1284 2493 is
1299 2440 1527 2510 poterit,
1559 2440 1662 2510 qui
1688 2480 1700 2493 .
1723 2480 1735 2493 .
1757 2481 1770 2493 .
1793 2438 1966 2493 abdu-

378 2510 577 2581 citur)‘?
630 2513 737 2565 Eos
759 2512 904 2565 enim
934 2521 1198 2568 excusant
1208 2512 1260 2586 ⁴⁶)
1289 2513 1534 2569 natalitia
1554 2521 1826 2569 astrorum
1843 2512 1967 2569 uni-

378 2583 553 2635 versis
570 2583 901 2639 ·h0minihus
918 2586 1285 2641 inevitabilia.

480 2700 523 2747 ⁸)
552 2703 710 2746 Graece
737 2710 838 2758 ruit,
865 2713 910 2750 ui
936 2712 1081 2753 fallor:
1128 2707 1463 2761 ἇκαταγνῶστους
1487 2716 1631 2752 ποιεῖν.
1684 2711 1846 2753 Auch-
2065 2690 2067 2749 l

875 2807 995 2976 Ἰ
1050 2906 1059 2917 .
