2125 3084
197 163 293 229 [11,
311 159 436 227 4110]
547 164 630 213 ΙΝ
661 164 1020 219 ammam.
1061 168 1317 217 SERMO
1352 170 1437 218 tv.
1696 164 1796 221 249

281 315 444 373 Quare
479 314 594 365 dicit
617 326 789 380 pater.-
839 352 875 379 ,‚
862 313 1028 376 ‚Quid
1056 314 1167 378 hoc,
1206 315 1337 379 quod
1367 318 1459 367 cito
1493 318 1728 383 invenz'sti,

774 383 862 445 fili
871 380 949 432 “P
971 384 1079 449 (27,
1115 384 1225 443 20.)

279 485 442 545 ..207
491 485 668 541 Habet
695 484 876 541 littera
901 492 1014 541 tam
1041 501 1341 558 congruam
1368 488 1797 557 responsionem,

203 578 354 634 quae
389 560 552 617 reddi
590 567 794 632 potest,
838 576 1006 631 quam
1033 559 1376 633 allegoriam.
1454 561 1803 633 Perpendens

203 637 360 693 enim
401 644 622 708 tempus
669 632 952 691 sufficiens
998 636 1246 691 venatori
1292 636 1351 691 in
1394 645 1599 692 venatu
1637 637 1805 693 breve

204 711 476 784 comperit
509 728 574 775 ae
601 708 766 767 valde
793 726 1024 797 parvum
1063 711 1363 783 cognoscit.
1441 709 1529 767 Ad
1568 720 1805 769 mentem

202 803 342 843 vero
371 786 602 841 miratus
627 792 710 839 est
738 786 988 857 sapiens,
1031 784 1183 857 quod
1213 785 1483 841 malorum
1508 789 1805 858 quisquam

201 862 294 918 sio
319 870 543 932 repente
570 874 923 933 progressum
958 858 1152 916 fecerit
1191 860 1251 915 in
1290 860 1559 918 laudabili
1599 862 1802 928 studio,

204 937 291 993 ita
319 944 384 991 ut
408 952 515 991 non
535 934 751 991 solum
735 935 988 991 invenire
1005 936 1321 1007 quaesitum
1341 938 1582 1007 potuerit
1600 938 1807 995 veloci·-

207 1018 353 1073 tate,
393 1009 494 1064 sed
521 1010 685 1068 etiam
711 1011 964 1066 acumine
983 1011 1223 1081 optimae
1242 1011 1495 1077 rationis,
1538 1015 1589 1068 is
1608 1014 1709 1085 qui
1727 1014 1807 1068 ir·

207 1083 498 1143 rationalis
540 1086 716 1161 magis
761 1093 816 1143 et
859 1086 1151 1160 imperitus
1198 1085 1525 1144 censebatur
1574 1095 1629 1145 et
1679 1105 1806 1144 vere

210 1176 477 1233 quereus.
1625 1183 1641 1198 .

290 1250 366 1316 [Ἴ
408 1249 504 1301 Οω·
533 1250 886 1325 respondite„
906 1247 1050 1368 Quo?
1073 1250 1210 1384 (ιζῖᾱξι
1242 1250 1454 1303 dominus
1484 1253 1535 1304 in
1566 1269 1731 1304 mamm

821 1323 978 1369 πιειιει
1096 1336 1113 1369 ι

320 1422 442 1477 208.
491 1419 690 1477 Nobile
720 1430 804 1475 est
833 1428 888 1476 et
914 1420 1017 1476 hoc
1045 1436 1371 1495 responsum
1389 1421 1806 1498 condecensque

287 1662 480 1721 Quare
513 1662 634 1715 <inivit
663 1658 837 1727 pater}
886 1698 922 1725 „
942 1660 1074 1722 Quid
1104 1664 1337 1728 estquod
1366 1664 1454 1715 boe
1488 1674 1583 1714 tam
1618 1666 1709 1714 cito

730 1730 966 1794 inventa,
1007 1731 1097 1793 fili
1126 1732 1215 1781 mi‘
1206 1682 1267 1781 ς’

329 1814 452 1871 2οἿ.
501 1812 675 1869 Habet
707 1816 938 1871 oratoria
975 1832 1103 1887 pars
1131 1812 1513 1869 rationabilem
1542 1812 1809 1867 redditio-

215 1904 375 1953 nem,
411 1888 670 1962 allegoria
688 1906 904 1962 quoque
925 1898 1074 1945 tanto
1094 1887 1316 1943 melius.
1392 1887 1639 1942 Dementi
1660 1888 1808 1942 enim

214 1962 562 2020 sufficientes
590 1981 765 2021 moras
795 1965 1075 2021 venationi
1094 1960 1665 2033 compendiosiorem
1649 1978 1809 2017 mve-

215 2041 300 2095 nit
321 2046 376 2096 et
391 2040 578 2095 minus
599 2056 763 2113 quam
789 2039 1121 2096 aestimavit.
1199 2037 1374 2093 Altior
1402 2045 1582 2093 autem
1612 2052 1807 2091 sensus

213 2116 292 2171 ita
309 2112 510 2187 poscit
587 2117 814 2174 Miratur
834 2115 1109 2188 prudens,
1130 2114 1179 2167 si
1200 2121 1310 2168 tam
1330 2113 1439 2168 cito
1456 2126 1661 2184 pravus
1680 2127 1809 2166 eru-

214 2188 366 2245 ditus
386 2191 460 2245 sit
479 2194 764 2262 repentino
785 2190 970 2246 studio
990 2188 1335 2253 melioratae,
1378 2196 1439 2242 ut
1464 2203 1571 2242 non
1596 2190 1807 2241 tantum
1843 2205 1848 2211 ·

214 2274 517 2320 assumeret
534 2265 933 2328 industriarum
951 2263 1159 2328 titulos,
1184 2264 1283 2319 sed
1306 2264 1471 2319 etiam
1492 2279 1591 2335 per
1608 2268 1810 2317 semet-

213 2339 400 2426 ipsum
439 2341 692 2396 invenire
729 2342 1000 2413 potuisset
1033 2338 1312 2403 celeriter,
1368 2346 1481 2393 tam
1516 2335 1702 2391 subito
1740 2353 1810 2391 ex

213 2415 412 2543 znertia
439 2416 792 2489 ingeniosus,
843 2416 942 2488 qui
977 2414 1197 2487 pridem
1237 2414 1455 2487 ligneus
1492 2428 1615 2467 esse
1646 2418 1810 2483 puta-

252 2496 376 2545 atur

220 2592 680 2673 Quare-respondi&
719 2632 752 2660 „
771 2594 913 2654 Quod
940 2594 1423 2647 tradidit-domimum
1400 2610 1449 2643 m
1468 2602 1611 2659 pactu
1634 2610 1733 2643 meo
1748 2596 1813 2641 “P

325 2700 450 2756 208.
489 2696 537 2753 0
565 2697 814 2755 sobriosa
839 2698 1123 2789 responsio
1142 2705 1198 2753 et
1216 2703 1341 2768 apta
1360 2673 1811 2775 religioso-'animi
