2125 3084
345 150 443 202 396
796 154 1165 211 rmnours
1209 152 1488 203 mnam
1719 150 1812 217 tn,
1837 154 1960 219 554]

340 255 501 328 pueri
518 255 913 325 promotionis
932 253 1137 311 reddit.
1194 254 1309 309 Hoc
1325 261 1509 313 autem
1529 270 1642 313 uon
1661 256 1961 317 modicum

330 339 473 393 erat,
496 328 760 401 probrum
780 329 1240 391 infoecunditatis,
1246 329 1624 400 procreatione
1638 332 1810 401 pueri
1831 332 1962 393 dis-

342 405 513 460 solvi:
565 413 619 461 et
649 404 771 477 ipse
790 404 1059 480 (angelus)
1079 404 1232 459 velut
1253 404 1384 458 artis
1402 405 1614 475 peritus
1633 408 1958 463 annuncia-

340 482 547 535 tionem
568 478 637 534 de
654 496 945 565 pueropro
965 478 1244 533 communi
1266 478 1458 553 populi
1477 478 1656 533 salute
1675 479 1950 537 admittit.

449 590 502 645 7.
553 588 867 647 Mirandum
892 596 1076 645 autem
1103 586 1245 645 mihi
1275 596 1386 651 est,
1427 588 1558 662 quia
1587 587 1734 646 sicut
1761 588 1852 649 illi
1876 607 1950 645 ex

342 663 577 721 medicis
590 705 603 731 ,
632 665 733 735 qui
750 664 1021 736 sapientia
1041 663 1219 735 magis
1238 679 1408 735 quam
1427 670 1539 717 arte
1559 662 1628 717 ad
1649 661 1948 720 hominum

342 741 680 797 curationem
699 746 954 803 utuntur,
988 738 1388 809 aegrotantium
1407 751 1694 809 corporum
1715 745 1942 795 naturas

340 816 685 880 examinant,
715 822 777 869 ut
794 820 1107 871 mensurata
1126 810 1470 870 infirmorum
1501 812 1701 870 virtute
1730 811 1939 869 saluta—

339 892 422 947 ria
447 889 692 949 remedia
720 887 1043 945 adhibeant:
1095 887 1398 944 siccorum
1418 903 1666 963 quoque,
1705 903 1939 962 quorum

340 966 554 1021 animae
576 971 879 1037 aegrotant,
906 962 1045 1017 deus
1065 970 1219 1019 curat
1238 961 1486 1025 morboS,
1515 978 1626 1017 non
1643 978 1820 1021 meras
1839 978 1939 1020 ne-

338 1056 450 1111 que
470 1040 673 1101 inertes
694 1039 810 1095 illis
830 1036 1058 1095 afferens
1080 1034 1407 1095 medicinas,
1486 1034 1666 1105 Quare
1696 1035 1846 1094 enim
1870 1034 1939 1096 de

340 1114 503 1171 Sarra
529 1115 707 1172 sterili
725 1112 999 1174 Abraham
1031 1112 1090 1167 in
1116 1110 1288 1183 prolis
1318 1112 1604 1169 nativitate
1632 1112 1940 1173 nunciatio-

338 1207 467 1247 nem
494 1189 722 1261 accipit.
765 1188 862 1249 hio.
888 1196 1070 1247 autem
1098 1187 1452 1245 nunciantem
1481 1186 1684 1245 mulier
1709 1185 1940 1263 recipit?

339 1264 480 1333 Quia
500 1264 619 1322 illic
638 1263 707 1319 ad
726 1281 911 1323 rerum
932 1262 1100 1323 fidem
1121 1260 1208 1317 vir
1226 1260 1461 1317 muliere
1479 1264 1788 1341 promptior
1805 1260 1934 1326 era’t,

339 1338 434 1393 hic
453 1354 583 1393 vero
604 1338 804 1393 mulier
822 1340 1019 1394 Manue
1037 1336 1278 1409 paratior
1297 1343 1413 1392 erat
1431 1336 1502 1391 ad
1521 1334 1883 1397 credendum.

449 1450 500 1499 8.
541 1444 787 1518 Angelus
808 1445 995 1517 itaque
1016 1443 1440 1501 annunciatione
1457 1444 1682 1499 mulieri
1704 1444 1833 1515 data
1860 1454 1939 1501 at-
2033 1440 2035 1442 ’

337 1536 447 1593 que
476 1528 765 1593 praecepto
792 1519 917 1575 dato
948 1517 1264 1575 abstinendi
1284 1519 1354 1573 ab
1371 1518 1636 1575 ebrietate
1657 1519 1933 1584 discessit,

336 1604 729 1671 praegnantem
767 1597 1005 1651 animam
1044 1595 1186 1651 bona
1218 1612 1316 1667 spe
1345 1602 1468 1649 ante
1501 1603 1721 1649 uterum
1752 1596 1936 1668 ipsum

338 1670 606 1727 efficiens.
685 1669 895 1726 Reduci
924 1688 1053 1744 ergo
1075 1673 1198 1725 viro
1216 1686 1316 1725 suo
1337 1669 1556 1724 dicebat
1575 1686 1716 1725 uxor
1737 1670 1832 1725 dei
1851 1672 1938 1725 vi-

336 1746 651 1802 sitationem
680 1756 733 1803 et
762 1746 944 1823 angeli
973 1746 1275 1802 visionem:
1337 1746 1468 1815 quis
1497 1752 1680 1799 autem
1708 1747 1810 1817 qui
1842 1762 1938 1817 ap-

334 1824 519 1894 paruit
542 1830 685 1877 esset
698 1864 711 1887 ,
726 1824 957 1886 ‚nescire
976 1838 1035 1876 se
1055 1821 1277 1884 asserit}
1303 1836 1406 1874 neo
1423 1820 1610 1891 quoin
1629 1820 1753 1875 loco
1777 1820 1936 1875 habi-

335 1906 529 1965 tasset3
580 1898 770 1953 vultus
796 1907 977 1953 tamen
998 1896 1214 1969 fulgore
1233 1896 1690 1970 apparentiaque,
1731 1895 1936 1953 formae

336 1973 518 2044 angeli
540 1974 911 2028 venerabilem
930 1970 1283 2034 modestiam,
1327 1971 1430 2034 ait,
1471 1971 1830 2043 speciemque
1849 1972 1936 2026 vi·-

336 2047 555 2101 debam.
602 2060 607 2067 ·
634 2048 753 2102 Non
788 2044 861 2125 [Ἴ
892 2048 1040 2119 enim
1069 2045 1343 2101 habebam
1363 2045 1588 2100 aliunde
1609 2062 1720 2117 quo
1741 2062 1934 2101 nosce-—

334 2140 447 2175 rem
464 2163 477 2185 ‚
512 2121 658 2192 quod
680 2122 738 2177 in
761 2138 824 2180 eo
844 2121 963 2177 vidi
986 2130 1150 2193 atque
1166 2136 1283 2191 quo⁴
1301 2128 1550 2174 naturam
1571 2122 1694 2175 eius
1715 2121 1932 2176 habita-

332 2197 649 2266 tionemque
670 2197 1024 2252 coniicerem:
1087 2196 1220 2267 quia
1249 2212 1320 2249 ex
1349 2196 1660 2259 maiestate,
1699 2199 1790 2252 vir
1819 2196 1927 2257 dei,

334 2288 404 2325 ex
422 2270 657 2325 candore
675 2288 805 2327 vero
825 2272 1013 2327 vultus
1028 2311 1041 2337 ‚
1085 2269 1225 2325 caeli
1246 2270 1390 2325 civis
1409 2268 1704 2325 videbatur
1718 2312 1730 2335 ‚
1753 2271 1930 2345 quasi

333 2343 692 2400 luminarium
710 2345 1001 2417 splendore
1019 2343 1260 2417 quodam
1279 2344 1530 2401 indutus.

356 2448 361 2455 '
441 2455 493 2507 9.
535 2454 679 2513 Haec
698 2452 931 2511 audiens
951 2454 1150 2513 Manae
1170 2453 1302 2513 etin
1319 2454 1504 2531 animo
1523 2470 1621 2528 spe
1640 2456 1804 2528 pueri
1835 2471 1932 2513 ex-

330 2523 543 2579 sultans
573 2526 871 2599 auditaque
900 2544 999 2599 per
1026 2527 1397 2583 venerandam
1429 2528 1771 2584 honestatem
1808 2547 1933 2585 ver-

330 2594 527 2681 borum
555 2600 784 2656 miratus
799 2643 813 2666 ,
856 2601 1146 2656 invocabat
1175 2604 1404 2661 anxiose
1427 2604 1686 2675 angelum
1708 2622 1935 2663 rursum

330 2682 549 2731 venire,
592 2681 784 2742 optans
813 2676 1052 2745 propriis
1078 2675 1256 2730 oculis
1283 2677 1478 2735 videre
1503 2694 1632 2733 eum
1671 2680 1936 2737 auribus-
