<?xml version="1.0" encoding="UTF-8"?>
<!DOCTYPE html PUBLIC "-//W3C//DTD XHTML 1.0 Transitional//EN"
    "http://www.w3.org/TR/xhtml1/DTD/xhtml1-transitional.dtd">
<html xmlns="http://www.w3.org/1999/xhtml" xml:lang="en" lang="en">
 <head>
  <title>
</title>
<meta http-equiv="Content-Type" content="text/html;charset=utf-8" />
  <meta name='ocr-system' content='tesseract 3.04.00' />
  <meta name='ocr-capabilities' content='ocr_page ocr_carea ocr_par ocr_line ocrx_word'/>
</head>
<body>
  <div class='ocr_page' id='page_1' title='image "./philonisiudaeio00alejgoog_0183.png"; bbox 0 0 2125 3084; ppageno 0'>
   <div class='ocr_carea' id='block_1_1' title="bbox 312 210 1922 279">
    <p class='ocr_par' dir='ltr' id='par_1_1' title="bbox 312 210 1922 279">
     <span class='ocr_line' id='line_1_1' title="bbox 312 210 1922 279; baseline 0.001 -16"><span class='ocrx_word' id='word_1_1' title='bbox 312 213 409 263; x_wconf 67' lang='lat'><strong>⁴68</strong></span> <span class='ocrx_word' id='word_1_2' title='bbox 470 216 673 261; x_wconf 70' lang='lat' dir='ltr'><strong>Pau..</strong></span> <span class='ocrx_word' id='word_1_3' title='bbox 708 214 859 259; x_wconf 72' lang='lat'>1151).</span> <span class='ocrx_word' id='word_1_4' title='bbox 896 214 1222 271; x_wconf 66' lang='lat' dir='ltr'><strong>QUAEST.</strong></span> <span class='ocrx_word' id='word_1_5' title='bbox 1249 214 1354 258; x_wconf 74' lang='lat' dir='ltr'><strong>ET</strong></span> <span class='ocrx_word' id='word_1_6' title='bbox 1389 214 1546 258; x_wconf 77' lang='lat' dir='ltr'><strong>SOL</strong></span> <span class='ocrx_word' id='word_1_7' title='bbox 1571 210 1922 279; x_wconf 64' lang='lat'><strong>[11,354.355.]</strong></span> 
     </span>
    </p>
   </div>
   <div class='ocr_carea' id='block_1_2' title="bbox 308 313 1924 823">
    <p class='ocr_par' dir='ltr' id='par_1_2' title="bbox 308 313 1924 823">
     <span class='ocr_line' id='line_1_2' title="bbox 308 313 1924 389; baseline 0.001 -18"><span class='ocrx_word' id='word_1_8' title='bbox 308 318 649 389; x_wconf 81' lang='lat' dir='ltr'><strong>principium</strong></span> <span class='ocrx_word' id='word_1_9' title='bbox 676 314 738 369; x_wconf 83' lang='lat' dir='ltr'><strong>fit</strong></span> <span class='ocrx_word' id='word_1_10' title='bbox 762 324 1011 369; x_wconf 82' lang='lat' dir='ltr'><strong>naturae.</strong></span> <span class='ocrx_word' id='word_1_11' title='bbox 1087 313 1246 367; x_wconf 74' lang='lat' dir='ltr'><strong>Nulli</strong></span> <span class='ocrx_word' id='word_1_12' title='bbox 1273 315 1462 385; x_wconf 78' lang='lat' dir='ltr'><strong>itaque</strong></span> <span class='ocrx_word' id='word_1_13' title='bbox 1497 326 1656 369; x_wconf 81' lang='lat' dir='ltr'><strong>antea</strong></span> <span class='ocrx_word' id='word_1_14' title='bbox 1686 320 1924 388; x_wconf 74' lang='lat' dir='ltr'><strong>exponit</strong></span> 
     </span>
     <span class='ocr_line' id='line_1_3' title="bbox 308 389 1922 463; baseline 0.001 -17"><span class='ocrx_word' id='word_1_15' title='bbox 308 392 527 447; x_wconf 82' lang='lat' dir='ltr'><strong>itineris</strong></span> <span class='ocrx_word' id='word_1_16' title='bbox 554 398 701 453; x_wconf 77' lang='lat' dir='ltr'><strong>acta,</strong></span> <span class='ocrx_word' id='word_1_17' title='bbox 742 390 843 444; x_wconf 86' lang='lat' dir='ltr'><strong>sed</strong></span> <span class='ocrx_word' id='word_1_18' title='bbox 872 391 973 443; x_wconf 90' lang='lat' dir='ltr'><strong>uni</strong></span> <span class='ocrx_word' id='word_1_19' title='bbox 1002 390 1116 459; x_wconf 87' lang='lat' dir='ltr'><strong>ipsi</strong></span> <span class='ocrx_word' id='word_1_20' title='bbox 1145 389 1272 442; x_wconf 67' lang='lat' dir='ltr'><strong>mli.</strong></span> <span class='ocrx_word' id='word_1_21' title='bbox 1351 391 1472 443; x_wconf 74' lang='lat' dir='ltr'><strong>Non</strong></span> <span class='ocrx_word' id='word_1_22' title='bbox 1501 408 1634 463; x_wconf 79' lang='lat' dir='ltr'><strong>ergo</strong></span> <span class='ocrx_word' id='word_1_23' title='bbox 1659 391 1922 447; x_wconf 88' lang='lat' dir='ltr'><strong>homines</strong></span> 
     </span>
     <span class='ocr_line' id='line_1_4' title="bbox 312 463 1922 542; baseline 0.001 -22"><span class='ocrx_word' id='word_1_24' title='bbox 312 465 389 542; x_wconf 66' lang='grc' dir='ltr'><strong>Γ]</strong></span> <span class='ocrx_word' id='word_1_25' title='bbox 404 465 677 537; x_wconf 70' lang='lat' dir='ltr'><strong>putabunt</strong></span> <span class='ocrx_word' id='word_1_26' title='bbox 689 507 703 527; x_wconf 92' lang='lat'>‚</span> <span class='ocrx_word' id='word_1_27' title='bbox 726 465 985 519; x_wconf 53' lang='lat' dir='ltr'><strong>mortales</strong></span> <span class='ocrx_word' id='word_1_28' title='bbox 1002 463 1276 534; x_wconf 84' lang='lat' dir='ltr'><strong>quasdam</strong></span> <span class='ocrx_word' id='word_1_29' title='bbox 1295 480 1416 518; x_wconf 70' lang='lat' dir='ltr'><strong>oese</strong></span> <span class='ocrx_word' id='word_1_30' title='bbox 1437 467 1790 535; x_wconf 53' lang='lat' dir='ltr'><strong>quaestiones</strong></span> <span class='ocrx_word' id='word_1_31' title='bbox 1805 509 1818 530; x_wconf 82' lang='lat'>‚</span> <span class='ocrx_word' id='word_1_32' title='bbox 1845 467 1922 522; x_wconf 86' lang='lat' dir='ltr'><strong>de</strong></span> 
     </span>
     <span class='ocr_line' id='line_1_5' title="bbox 308 538 1922 613; baseline 0 -17"><span class='ocrx_word' id='word_1_33' title='bbox 308 542 517 613; x_wconf 80' lang='lat' dir='ltr'><strong>quibus</strong></span> <span class='ocrx_word' id='word_1_34' title='bbox 534 542 887 595; x_wconf 78' lang='lat' dir='ltr'><strong>sciscitantur</strong></span> <span class='ocrx_word' id='word_1_35' title='bbox 904 540 1049 593; x_wconf 81' lang='lat' dir='ltr'><strong>inter</strong></span> <span class='ocrx_word' id='word_1_36' title='bbox 1068 556 1130 593; x_wconf 88' lang='lat' dir='ltr'><strong>se</strong></span> <span class='ocrx_word' id='word_1_37' title='bbox 1149 581 1162 601; x_wconf 82' lang='lat'>‚</span> <span class='ocrx_word' id='word_1_38' title='bbox 1205 538 1306 593; x_wconf 84' lang='lat' dir='ltr'><strong>sed</strong></span> <span class='ocrx_word' id='word_1_39' title='bbox 1325 539 1590 595; x_wconf 78' lang='lat' dir='ltr'><strong>informes</strong></span> <span class='ocrx_word' id='word_1_40' title='bbox 1609 541 1766 597; x_wconf 80' lang='lat' dir='ltr'><strong>ideas</strong></span> <span class='ocrx_word' id='word_1_41' title='bbox 1795 544 1922 613; x_wconf 90' lang='lat' dir='ltr'><strong>spi—</strong></span> 
     </span>
     <span class='ocr_line' id='line_1_6' title="bbox 308 616 1922 687; baseline -0.001 -14"><span class='ocrx_word' id='word_1_42' title='bbox 308 620 451 673; x_wconf 71' lang='lat' dir='ltr'><strong>ritus</strong></span> <span class='ocrx_word' id='word_1_43' title='bbox 488 616 877 687; x_wconf 75' lang='lat' dir='ltr'><strong>inquisitas*),</strong></span> <span class='ocrx_word' id='word_1_44' title='bbox 918 631 1059 685; x_wconf 81' lang='lat' dir='ltr'><strong>quas</strong></span> <span class='ocrx_word' id='word_1_45' title='bbox 1093 622 1310 685; x_wconf 73' lang='lat' dir='ltr'><strong>coaptat</strong></span> <span class='ocrx_word' id='word_1_46' title='bbox 1337 616 1638 685; x_wconf 78' lang='lat' dir='ltr'><strong>sapientia,</strong></span> <span class='ocrx_word' id='word_1_47' title='bbox 1681 626 1744 670; x_wconf 86' lang='lat' dir='ltr'><strong>ut</strong></span> <span class='ocrx_word' id='word_1_48' title='bbox 1769 618 1922 671; x_wconf 82' lang='lat' dir='ltr'><strong>inter</strong></span> 
     </span>
     <span class='ocr_line' id='line_1_7' title="bbox 308 688 1918 763; baseline -0.001 -16"><span class='ocrx_word' id='word_1_49' title='bbox 308 710 371 747; x_wconf 84' lang='lat' dir='ltr'><strong>se</strong></span> <span class='ocrx_word' id='word_1_50' title='bbox 389 692 777 763; x_wconf 81' lang='lat' dir='ltr'><strong>aequalitatem</strong></span> <span class='ocrx_word' id='word_1_51' title='bbox 802 700 968 761; x_wconf 80' lang='lat' dir='ltr'><strong>atque</strong></span> <span class='ocrx_word' id='word_1_52' title='bbox 986 690 1252 743; x_wconf 89' lang='lat' dir='ltr'><strong>unionem</strong></span> <span class='ocrx_word' id='word_1_53' title='bbox 1271 688 1502 757; x_wconf 79' lang='lat' dir='ltr'><strong>faciant3</strong></span> <span class='ocrx_word' id='word_1_54' title='bbox 1543 691 1736 761; x_wconf 87' lang='lat' dir='ltr'><strong>plures</strong></span> <span class='ocrx_word' id='word_1_55' title='bbox 1763 694 1918 746; x_wconf 90' lang='lat' dir='ltr'><strong>enim</strong></span> 
     </span>
     <span class='ocr_line' id='line_1_8' title="bbox 308 765 1364 823; baseline -0.005 -1"><span class='ocrx_word' id='word_1_56' title='bbox 308 784 487 823; x_wconf 88' lang='lat' dir='ltr'><strong>unum</strong></span> <span class='ocrx_word' id='word_1_57' title='bbox 504 776 561 821; x_wconf 87' lang='lat' dir='ltr'><strong>et</strong></span> <span class='ocrx_word' id='word_1_58' title='bbox 578 767 721 821; x_wconf 83' lang='lat' dir='ltr'><strong>varii</strong></span> <span class='ocrx_word' id='word_1_59' title='bbox 742 767 969 821; x_wconf 86' lang='lat' dir='ltr'><strong>unicum</strong></span> <span class='ocrx_word' id='word_1_60' title='bbox 988 765 1192 818; x_wconf 83' lang='lat' dir='ltr'><strong>imitati</strong></span> <span class='ocrx_word' id='word_1_61' title='bbox 1213 774 1364 818; x_wconf 79' lang='lat' dir='ltr'><strong>sunt.</strong></span> 
     </span>
    </p>
   </div>
   <div class='ocr_carea' id='block_1_3' title="bbox 316 938 1916 1138">
    <p class='ocr_par' dir='ltr' id='par_1_3' title="bbox 316 938 1916 1138">
     <span class='ocr_line' id='line_1_9' title="bbox 316 938 1912 1005; baseline -0.002 -12"><span class='ocrx_word' id='word_1_62' title='bbox 316 942 477 999; x_wconf 57' lang='lat' dir='ltr'><strong>&amp;aare</strong></span> <span class='ocrx_word' id='word_1_63' title='bbox 512 958 607 991; x_wconf 77' lang='lat' dir='ltr'><strong>non</strong></span> <span class='ocrx_word' id='word_1_64' title='bbox 646 941 695 989; x_wconf 77' lang='lat' dir='ltr'><strong>in</strong></span> <span class='ocrx_word' id='word_1_65' title='bbox 726 940 909 1005; x_wconf 65' lang='lat' dir='ltr'><strong>pata-223,</strong></span> <span class='ocrx_word' id='word_1_66' title='bbox 968 940 1061 988; x_wconf 74' lang='lat' dir='ltr'><strong>aed</strong></span> <span class='ocrx_word' id='word_1_67' title='bbox 1099 940 1266 989; x_wconf 56' lang='lat' dir='ltr'><strong>mamb</strong></span> <span class='ocrx_word' id='word_1_68' title='bbox 1299 938 1484 989; x_wconf 69' lang='lat' dir='ltr'><strong>donnum</strong></span> <span class='ocrx_word' id='word_1_69' title='bbox 1519 941 1702 989; x_wconf 66' lang='lat' dir='ltr'><strong>intr-we</strong></span> <span class='ocrx_word' id='word_1_70' title='bbox 1737 940 1912 991; x_wconf 73' lang='lat' dir='ltr'><strong>dicitur</strong></span> 
     </span>
     <span class='ocr_line' id='line_1_10' title="bbox 442 1008 1916 1072; baseline -0.001 -13"><span class='ocrx_word' id='word_1_71' title='bbox 442 1009 591 1059; x_wconf 70' lang='lat' dir='ltr'><strong>Isaac</strong></span> <span class='ocrx_word' id='word_1_72' title='bbox 628 1026 723 1072; x_wconf 81' lang='lat' dir='ltr'><strong>pro</strong></span> <span class='ocrx_word' id='word_1_73' title='bbox 776 1008 1102 1057; x_wconf 74' lang='lat' dir='ltr'><strong>matrimonio.-</strong></span> <span class='ocrx_word' id='word_1_74' title='bbox 1169 1017 1378 1057; x_wconf 66' lang='lat' dir='ltr'><strong>eumen</strong></span> <span class='ocrx_word' id='word_1_75' title='bbox 1429 1008 1678 1057; x_wconf 63' lang='lat' dir='ltr'><strong>universim</strong></span> <span class='ocrx_word' id='word_1_76' title='bbox 1719 1010 1771 1056; x_wconf 78' lang='lat' dir='ltr'><strong>in</strong></span> <span class='ocrx_word' id='word_1_77' title='bbox 1815 1024 1916 1057; x_wconf 74' lang='lat' dir='ltr'><strong>una</strong></span> 
     </span>
     <span class='ocr_line' id='line_1_11' title="bbox 440 1074 1386 1138; baseline -0.003 -12"><span class='ocrx_word' id='word_1_78' title='bbox 440 1077 581 1126; x_wconf 80' lang='lat' dir='ltr'><strong>domo</strong></span> <span class='ocrx_word' id='word_1_79' title='bbox 617 1077 951 1125; x_wconf 72' lang='lat' dir='ltr'><strong>habitaverant</strong></span> <span class='ocrx_word' id='word_1_80' title='bbox 986 1075 1088 1123; x_wconf 69' lang='lat' dir='ltr'><strong>illi?</strong></span> <span class='ocrx_word' id='word_1_81' title='bbox 1145 1080 1253 1137; x_wconf 82' lang='lat'>(24,</span> <span class='ocrx_word' id='word_1_82' title='bbox 1275 1074 1386 1138; x_wconf 77' lang='lat'><strong>67.)</strong></span> 
     </span>
    </p>
   </div>
   <div class='ocr_carea' id='block_1_4' title="bbox 306 1193 1914 2389">
    <p class='ocr_par' dir='ltr' id='par_1_4' title="bbox 306 1193 1914 2389">
     <span class='ocr_line' id='line_1_12' title="bbox 426 1193 1910 1263; baseline -0.001 -12"><span class='ocrx_word' id='word_1_83' title='bbox 426 1199 541 1251; x_wconf 75' lang='lat'>⁴45.</span> <span class='ocrx_word' id='word_1_84' title='bbox 583 1194 691 1263; x_wconf 86' lang='lat' dir='ltr'><strong>Qui</strong></span> <span class='ocrx_word' id='word_1_85' title='bbox 728 1212 861 1249; x_wconf 86' lang='lat' dir='ltr'><strong>sane</strong></span> <span class='ocrx_word' id='word_1_86' title='bbox 900 1193 1140 1249; x_wconf 77' lang='lat' dir='ltr'><strong>litteram</strong></span> <span class='ocrx_word' id='word_1_87' title='bbox 1165 1194 1310 1247; x_wconf 85' lang='lat' dir='ltr'><strong>scire</strong></span> <span class='ocrx_word' id='word_1_88' title='bbox 1339 1210 1404 1247; x_wconf 88' lang='lat' dir='ltr'><strong>ac</strong></span> <span class='ocrx_word' id='word_1_89' title='bbox 1429 1196 1666 1249; x_wconf 83' lang='lat' dir='ltr'><strong>serutari</strong></span> <span class='ocrx_word' id='word_1_90' title='bbox 1693 1194 1910 1259; x_wconf 84' lang='lat' dir='ltr'><strong>volunt,</strong></span> 
     </span>
     <span class='ocr_line' id='line_1_13' title="bbox 309 1268 1914 1339; baseline 0.002 -18"><span class='ocrx_word' id='word_1_91' title='bbox 309 1272 495 1327; x_wconf 82' lang='lat' dir='ltr'><strong>dicent</strong></span> <span class='ocrx_word' id='word_1_92' title='bbox 514 1270 761 1325; x_wconf 72' lang='lat' dir='ltr'><strong>fortassis</strong></span> <span class='ocrx_word' id='word_1_93' title='bbox 779 1309 792 1333; x_wconf 87' lang='lat'>,</span> <span class='ocrx_word' id='word_1_94' title='bbox 834 1268 985 1339; x_wconf 87' lang='lat' dir='ltr'><strong>quod</strong></span> <span class='ocrx_word' id='word_1_95' title='bbox 998 1310 1013 1333; x_wconf 89' lang='lat'>‚</span> <span class='ocrx_word' id='word_1_96' title='bbox 1054 1268 1190 1339; x_wconf 88' lang='lat' dir='ltr'><strong>quia</strong></span> <span class='ocrx_word' id='word_1_97' title='bbox 1207 1276 1364 1339; x_wconf 85' lang='lat' dir='ltr'><strong>pater</strong></span> <span class='ocrx_word' id='word_1_98' title='bbox 1382 1269 1504 1323; x_wconf 84' lang='lat' dir='ltr'><strong>eius</strong></span> <span class='ocrx_word' id='word_1_99' title='bbox 1526 1269 1729 1325; x_wconf 86' lang='lat' dir='ltr'><strong>multas</strong></span> <span class='ocrx_word' id='word_1_100' title='bbox 1748 1270 1914 1325; x_wconf 80' lang='lat' dir='ltr'><strong>duxit</strong></span> 
     </span>
     <span class='ocr_line' id='line_1_14' title="bbox 308 1342 1911 1415; baseline -0.001 -14"><span class='ocrx_word' id='word_1_101' title='bbox 308 1346 421 1401; x_wconf 84' lang='lat' dir='ltr'><strong>sibi</strong></span> <span class='ocrx_word' id='word_1_102' title='bbox 448 1362 677 1407; x_wconf 76' lang='lat' dir='ltr'><strong>uxores,</strong></span> <span class='ocrx_word' id='word_1_103' title='bbox 712 1343 1024 1398; x_wconf 81' lang='lat' dir='ltr'><strong>virtualiter</strong></span> <span class='ocrx_word' id='word_1_104' title='bbox 1051 1342 1254 1397; x_wconf 84' lang='lat' dir='ltr'><strong>multas</strong></span> <span class='ocrx_word' id='word_1_105' title='bbox 1281 1360 1503 1415; x_wconf 88' lang='lat' dir='ltr'><strong>quoque</strong></span> <span class='ocrx_word' id='word_1_106' title='bbox 1523 1344 1714 1399; x_wconf 88' lang='lat' dir='ltr'><strong>domos</strong></span> <span class='ocrx_word' id='word_1_107' title='bbox 1735 1344 1911 1399; x_wconf 88' lang='lat' dir='ltr'><strong>habe-</strong></span> 
     </span>
     <span class='ocr_line' id='line_1_15' title="bbox 308 1415 1911 1491; baseline 0 -16"><span class='ocrx_word' id='word_1_108' title='bbox 308 1430 410 1475; x_wconf 83' lang='lat' dir='ltr'><strong>ret.</strong></span> <span class='ocrx_word' id='word_1_109' title='bbox 486 1421 691 1477; x_wconf 73' lang='lat' dir='ltr'><strong>Dormis</strong></span> <span class='ocrx_word' id='word_1_110' title='bbox 710 1418 989 1491; x_wconf 40' lang='lat' dir='ltr'><strong>enim-non</strong></span> <span class='ocrx_word' id='word_1_111' title='bbox 1008 1415 1192 1471; x_wconf 84' lang='lat' dir='ltr'><strong>solum</strong></span> <span class='ocrx_word' id='word_1_112' title='bbox 1211 1417 1528 1473; x_wconf 86' lang='lat' dir='ltr'><strong>aedificium</strong></span> <span class='ocrx_word' id='word_1_113' title='bbox 1546 1420 1754 1475; x_wconf 88' lang='lat' dir='ltr'><strong>dicitur</strong></span> <span class='ocrx_word' id='word_1_114' title='bbox 1767 1462 1780 1484; x_wconf 93' lang='lat'><strong>‚</strong></span> <span class='ocrx_word' id='word_1_115' title='bbox 1810 1420 1911 1475; x_wconf 89' lang='lat' dir='ltr'><strong>sed</strong></span> 
     </span>
     <span class='ocr_line' id='line_1_16' title="bbox 310 1490 1912 1567; baseline 0.001 -19"><span class='ocrx_word' id='word_1_116' title='bbox 310 1512 381 1549; x_wconf 84' lang='lat' dir='ltr'><strong>ex</strong></span> <span class='ocrx_word' id='word_1_117' title='bbox 398 1495 520 1547; x_wconf 83' lang='lat' dir='ltr'><strong>viro</strong></span> <span class='ocrx_word' id='word_1_118' title='bbox 540 1500 594 1547; x_wconf 88' lang='lat' dir='ltr'><strong>et</strong></span> <span class='ocrx_word' id='word_1_119' title='bbox 612 1490 847 1546; x_wconf 92' lang='lat' dir='ltr'><strong>muliere</strong></span> <span class='ocrx_word' id='word_1_120' title='bbox 868 1508 931 1546; x_wconf 85' lang='lat' dir='ltr'><strong>ac</strong></span> <span class='ocrx_word' id='word_1_121' title='bbox 948 1490 1084 1546; x_wconf 80' lang='lat' dir='ltr'><strong>filiis</strong></span> <span class='ocrx_word' id='word_1_122' title='bbox 1105 1502 1430 1548; x_wconf 85' lang='lat' dir='ltr'><strong>conventus.</strong></span> <span class='ocrx_word' id='word_1_123' title='bbox 1486 1494 1587 1549; x_wconf 85' lang='lat' dir='ltr'><strong>Illa</strong></span> <span class='ocrx_word' id='word_1_124' title='bbox 1606 1512 1738 1550; x_wconf 80' lang='lat' dir='ltr'><strong>vero</strong></span> <span class='ocrx_word' id='word_1_125' title='bbox 1758 1495 1912 1567; x_wconf 90' lang='lat' dir='ltr'><strong>(Sar-—</strong></span> 
     </span>
     <span class='ocr_line' id='line_1_17' title="bbox 308 1566 1912 1641; baseline 0.001 -16"><span class='ocrx_word' id='word_1_126' title='bbox 308 1568 387 1641; x_wconf 88' lang='lat' dir='ltr'><strong>ra)</strong></span> <span class='ocrx_word' id='word_1_127' title='bbox 397 1566 487 1641; x_wconf 65' lang='grc' dir='ltr'><strong>*Ἴ</strong></span> <span class='ocrx_word' id='word_1_128' title='bbox 512 1582 693 1639; x_wconf 84' lang='lat' dir='ltr'><strong>usque</strong></span> <span class='ocrx_word' id='word_1_129' title='bbox 720 1566 793 1621; x_wconf 86' lang='lat' dir='ltr'><strong>ad</strong></span> <span class='ocrx_word' id='word_1_130' title='bbox 820 1566 987 1623; x_wconf 88' lang='lat' dir='ltr'><strong>finem</strong></span> <span class='ocrx_word' id='word_1_131' title='bbox 1012 1569 1318 1638; x_wconf 80' lang='lat' dir='ltr'><strong>permansit</strong></span> <span class='ocrx_word' id='word_1_132' title='bbox 1356 1586 1486 1625; x_wconf 89' lang='lat' dir='ltr'><strong>cum</strong></span> <span class='ocrx_word' id='word_1_133' title='bbox 1523 1570 1760 1641; x_wconf 78' lang='lat' dir='ltr'><strong>coniuge</strong></span> <span class='ocrx_word' id='word_1_134' title='bbox 1797 1571 1912 1626; x_wconf 88' lang='lat' dir='ltr'><strong>sibi</strong></span> 
     </span>
     <span class='ocr_line' id='line_1_18' title="bbox 310 1643 1912 1715; baseline 0 -15"><span class='ocrx_word' id='word_1_135' title='bbox 310 1644 519 1700; x_wconf 83' lang='lat' dir='ltr'><strong>adscito</strong></span> <span class='ocrx_word' id='word_1_136' title='bbox 540 1660 571 1699; x_wconf 85' lang='lat' dir='ltr'><strong>a</strong></span> <span class='ocrx_word' id='word_1_137' title='bbox 589 1643 909 1715; x_wconf 80' lang='lat' dir='ltr'><strong>virginitate</strong></span> <span class='ocrx_word' id='word_1_138' title='bbox 928 1660 1047 1705; x_wconf 88' lang='lat' dir='ltr'><strong>sua,</strong></span> <span class='ocrx_word' id='word_1_139' title='bbox 1071 1653 1406 1715; x_wconf 80' lang='lat' dir='ltr'><strong>quapropter</strong></span> <span class='ocrx_word' id='word_1_140' title='bbox 1427 1653 1482 1698; x_wconf 85' lang='lat' dir='ltr'><strong>et</strong></span> <span class='ocrx_word' id='word_1_141' title='bbox 1497 1661 1666 1699; x_wconf 87' lang='lat' dir='ltr'><strong>unam</strong></span> <span class='ocrx_word' id='word_1_142' title='bbox 1681 1644 1912 1700; x_wconf 88' lang='lat' dir='ltr'><strong>domum</strong></span> 
     </span>
     <span class='ocr_line' id='line_1_19' title="bbox 308 1717 1913 1791; baseline -0.001 -15"><span class='ocrx_word' id='word_1_143' title='bbox 308 1720 512 1776; x_wconf 84' lang='lat' dir='ltr'><strong>habere</strong></span> <span class='ocrx_word' id='word_1_144' title='bbox 531 1726 781 1791; x_wconf 77' lang='lat' dir='ltr'><strong>putatur:</strong></span> <span class='ocrx_word' id='word_1_145' title='bbox 824 1717 1100 1790; x_wconf 90' lang='lat' dir='ltr'><strong>numquid</strong></span> <span class='ocrx_word' id='word_1_146' title='bbox 1124 1719 1246 1772; x_wconf 86' lang='lat' dir='ltr'><strong>visa</strong></span> <span class='ocrx_word' id='word_1_147' title='bbox 1276 1727 1360 1774; x_wconf 88' lang='lat' dir='ltr'><strong>est</strong></span> <span class='ocrx_word' id='word_1_148' title='bbox 1387 1728 1636 1791; x_wconf 85' lang='lat' dir='ltr'><strong>separata</strong></span> <span class='ocrx_word' id='word_1_149' title='bbox 1665 1728 1720 1775; x_wconf 88' lang='lat' dir='ltr'><strong>et</strong></span> <span class='ocrx_word' id='word_1_150' title='bbox 1736 1720 1913 1775; x_wconf 83' lang='lat' dir='ltr'><strong>alium</strong></span> 
     </span>
     <span class='ocr_line' id='line_1_20' title="bbox 308 1791 1912 1869; baseline -0.002 -16"><span class='ocrx_word' id='word_1_151' title='bbox 308 1791 697 1869; x_wconf 76' lang='lat' dir='ltr'><strong>despondens?</strong></span> <span class='ocrx_word' id='word_1_152' title='bbox 740 1792 974 1861; x_wconf 81' lang='lat' dir='ltr'><strong>Quidam</strong></span> <span class='ocrx_word' id='word_1_153' title='bbox 1014 1803 1199 1849; x_wconf 84' lang='lat' dir='ltr'><strong>tamen</strong></span> <span class='ocrx_word' id='word_1_154' title='bbox 1226 1795 1404 1867; x_wconf 83' lang='lat' dir='ltr'><strong>magis</strong></span> <span class='ocrx_word' id='word_1_155' title='bbox 1433 1795 1754 1849; x_wconf 83' lang='lat' dir='ltr'><strong>naturaliter</strong></span> <span class='ocrx_word' id='word_1_156' title='bbox 1783 1796 1912 1850; x_wconf 88' lang='lat' dir='ltr'><strong>red-</strong></span> 
     </span>
     <span class='ocr_line' id='line_1_21' title="bbox 308 1868 1906 1943; baseline -0.001 -16"><span class='ocrx_word' id='word_1_157' title='bbox 308 1871 445 1927; x_wconf 84' lang='lat' dir='ltr'><strong>dens</strong></span> <span class='ocrx_word' id='word_1_158' title='bbox 466 1872 732 1927; x_wconf 88' lang='lat' dir='ltr'><strong>rationem</strong></span> <span class='ocrx_word' id='word_1_159' title='bbox 752 1869 921 1926; x_wconf 87' lang='lat' dir='ltr'><strong>huius</strong></span> <span class='ocrx_word' id='word_1_160' title='bbox 942 1870 1047 1925; x_wconf 91' lang='lat' dir='ltr'><strong>loci</strong></span> <span class='ocrx_word' id='word_1_161' title='bbox 1077 1868 1337 1943; x_wconf 82' lang='lat' dir='ltr'><strong>allegoria</strong></span> <span class='ocrx_word' id='word_1_162' title='bbox 1368 1885 1504 1923; x_wconf 86' lang='lat' dir='ltr'><strong>usus</strong></span> <span class='ocrx_word' id='word_1_163' title='bbox 1533 1879 1640 1931; x_wconf 80' lang='lat' dir='ltr'><strong>est,</strong></span> <span class='ocrx_word' id='word_1_164' title='bbox 1683 1870 1906 1925; x_wconf 87' lang='lat' dir='ltr'><strong>dicens:</strong></span> 
     </span>
     <span class='ocr_line' id='line_1_22' title="bbox 308 1942 1911 2018; baseline -0.001 -15"><span class='ocrx_word' id='word_1_165' title='bbox 308 1946 582 2015; x_wconf 84' lang='lat' dir='ltr'><strong>Quoniam</strong></span> <span class='ocrx_word' id='word_1_166' title='bbox 600 1954 773 2002; x_wconf 82' lang='lat' dir='ltr'><strong>mater</strong></span> <span class='ocrx_word' id='word_1_167' title='bbox 792 1946 947 2002; x_wconf 87' lang='lat' dir='ltr'><strong>illius</strong></span> <span class='ocrx_word' id='word_1_168' title='bbox 968 1948 1068 2017; x_wconf 89' lang='lat' dir='ltr'><strong>qui</strong></span> <span class='ocrx_word' id='word_1_169' title='bbox 1088 1961 1189 2016; x_wconf 89' lang='lat' dir='ltr'><strong>per</strong></span> <span class='ocrx_word' id='word_1_170' title='bbox 1208 1961 1267 1999; x_wconf 86' lang='lat' dir='ltr'><strong>se</strong></span> <span class='ocrx_word' id='word_1_171' title='bbox 1289 1942 1514 1999; x_wconf 82' lang='lat' dir='ltr'><strong>edoctus</strong></span> <span class='ocrx_word' id='word_1_172' title='bbox 1536 1944 1660 2009; x_wconf 83' lang='lat' dir='ltr'><strong>fuit,</strong></span> <span class='ocrx_word' id='word_1_173' title='bbox 1683 1947 1911 2018; x_wconf 86' lang='lat' dir='ltr'><strong>sapien-</strong></span> 
     </span>
     <span class='ocr_line' id='line_1_23' title="bbox 308 2020 1912 2093; baseline -0.001 -16"><span class='ocrx_word' id='word_1_174' title='bbox 308 2024 385 2077; x_wconf 85' lang='lat' dir='ltr'><strong>tia</strong></span> <span class='ocrx_word' id='word_1_175' title='bbox 406 2030 488 2077; x_wconf 86' lang='lat' dir='ltr'><strong>est</strong></span> <span class='ocrx_word' id='word_1_176' title='bbox 508 2030 679 2077; x_wconf 87' lang='lat' dir='ltr'><strong>matre</strong></span> <span class='ocrx_word' id='word_1_177' title='bbox 701 2038 891 2075; x_wconf 89' lang='lat' dir='ltr'><strong>carens</strong></span> <span class='ocrx_word' id='word_1_178' title='bbox 906 2062 919 2085; x_wconf 85' lang='lat'><strong>,</strong></span> <span class='ocrx_word' id='word_1_179' title='bbox 962 2020 1133 2075; x_wconf 90' lang='lat' dir='ltr'><strong>huius</strong></span> <span class='ocrx_word' id='word_1_180' title='bbox 1161 2027 1366 2075; x_wconf 86' lang='lat' dir='ltr'><strong>rectam</strong></span> <span class='ocrx_word' id='word_1_181' title='bbox 1395 2020 1661 2075; x_wconf 83' lang='lat' dir='ltr'><strong>rationem</strong></span> <span class='ocrx_word' id='word_1_182' title='bbox 1682 2021 1912 2093; x_wconf 79' lang='lat' dir='ltr'><strong>symbo-</strong></span> 
     </span>
     <span class='ocr_line' id='line_1_24' title="bbox 308 2093 1910 2168; baseline -0.001 -17"><span class='ocrx_word' id='word_1_183' title='bbox 308 2096 415 2151; x_wconf 89' lang='lat' dir='ltr'><strong>lice</strong></span> <span class='ocrx_word' id='word_1_184' title='bbox 437 2095 662 2149; x_wconf 90' lang='lat' dir='ltr'><strong>domum</strong></span> <span class='ocrx_word' id='word_1_185' title='bbox 685 2096 985 2166; x_wconf 86' lang='lat' dir='ltr'><strong>appellavit</strong></span> <span class='ocrx_word' id='word_1_186' title='bbox 1004 2096 1063 2149; x_wconf 90' lang='lat' dir='ltr'><strong>in</strong></span> <span class='ocrx_word' id='word_1_187' title='bbox 1085 2093 1391 2149; x_wconf 86' lang='lat' dir='ltr'><strong>thalamum</strong></span> <span class='ocrx_word' id='word_1_188' title='bbox 1410 2095 1462 2149; x_wconf 92' lang='lat' dir='ltr'><strong>ei</strong></span> <span class='ocrx_word' id='word_1_189' title='bbox 1482 2103 1747 2149; x_wconf 85' lang='lat' dir='ltr'><strong>mutatam</strong></span> <span class='ocrx_word' id='word_1_190' title='bbox 1763 2136 1776 2161; x_wconf 89' lang='lat'>,</span> <span class='ocrx_word' id='word_1_191' title='bbox 1808 2113 1910 2168; x_wconf 90' lang='lat' dir='ltr'><strong>pro</strong></span> 
     </span>
     <span class='ocr_line' id='line_1_25' title="bbox 308 2166 1912 2244; baseline 0 -19"><span class='ocrx_word' id='word_1_192' title='bbox 308 2168 600 2225; x_wconf 85' lang='lat' dir='ltr'><strong>concordia</strong></span> <span class='ocrx_word' id='word_1_193' title='bbox 638 2166 1079 2239; x_wconf 80' lang='lat' dir='ltr'><strong>desponsationis</strong></span> <span class='ocrx_word' id='word_1_194' title='bbox 1113 2166 1186 2244; x_wconf 71' lang='lat'><strong><em>[³¹⁶]</em></strong></span> <span class='ocrx_word' id='word_1_195' title='bbox 1227 2176 1280 2224; x_wconf 86' lang='lat' dir='ltr'><strong>et</strong></span> <span class='ocrx_word' id='word_1_196' title='bbox 1318 2168 1732 2241; x_wconf 85' lang='lat' dir='ltr'><strong>adaequationis</strong></span> <span class='ocrx_word' id='word_1_197' title='bbox 1775 2171 1912 2225; x_wconf 89' lang='lat' dir='ltr'><strong>edo-</strong></span> 
     </span>
     <span class='ocr_line' id='line_1_26' title="bbox 308 2242 1905 2317; baseline 0.001 -18"><span class='ocrx_word' id='word_1_198' title='bbox 308 2252 425 2299; x_wconf 82' lang='lat' dir='ltr'><strong>ctae</strong></span> <span class='ocrx_word' id='word_1_199' title='bbox 446 2260 545 2314; x_wconf 88' lang='lat' dir='ltr'><strong>per</strong></span> <span class='ocrx_word' id='word_1_200' title='bbox 566 2258 625 2297; x_wconf 89' lang='lat' dir='ltr'><strong>se</strong></span> <span class='ocrx_word' id='word_1_201' title='bbox 646 2242 827 2315; x_wconf 84' lang='lat' dir='ltr'><strong>gentis</strong></span> <span class='ocrx_word' id='word_1_202' title='bbox 849 2259 975 2297; x_wconf 88' lang='lat' dir='ltr'><strong>cum</strong></span> <span class='ocrx_word' id='word_1_203' title='bbox 996 2260 1215 2314; x_wconf 83' lang='lat' dir='ltr'><strong>semper</strong></span> <span class='ocrx_word' id='word_1_204' title='bbox 1235 2245 1454 2317; x_wconf 82' lang='lat' dir='ltr'><strong>virgine</strong></span> <span class='ocrx_word' id='word_1_205' title='bbox 1472 2247 1905 2316; x_wconf 83' lang='lat' dir='ltr'><strong>perseverantia,</strong></span> 
     </span>
     <span class='ocr_line' id='line_1_27' title="bbox 306 2318 1531 2389; baseline -0.002 -16"><span class='ocrx_word' id='word_1_206' title='bbox 306 2337 337 2373; x_wconf 94' lang='lat' dir='ltr'><strong>a</strong></span> <span class='ocrx_word' id='word_1_207' title='bbox 358 2319 519 2374; x_wconf 86' lang='lat' dir='ltr'><strong>cuius</strong></span> <span class='ocrx_word' id='word_1_208' title='bbox 541 2334 721 2373; x_wconf 89' lang='lat' dir='ltr'><strong>amore</strong></span> <span class='ocrx_word' id='word_1_209' title='bbox 742 2333 1016 2389; x_wconf 88' lang='lat' dir='ltr'><strong>nusquam</strong></span> <span class='ocrx_word' id='word_1_210' title='bbox 1042 2318 1115 2371; x_wconf 88' lang='lat' dir='ltr'><strong>sit</strong></span> <span class='ocrx_word' id='word_1_211' title='bbox 1135 2319 1274 2372; x_wconf 87' lang='lat' dir='ltr'><strong>mihi</strong></span> <span class='ocrx_word' id='word_1_212' title='bbox 1295 2336 1531 2375; x_wconf 86' lang='lat' dir='ltr'><strong>cessare.</strong></span> 
     </span>
    </p>
   </div>
   <div class='ocr_carea' id='block_1_5' title="bbox 306 2490 1910 2641">
    <p class='ocr_par' dir='ltr' id='par_1_5' title="bbox 306 2490 1910 2641">
     <span class='ocr_line' id='line_1_28' title="bbox 408 2490 1909 2543; baseline 0 -9"><span class='ocrx_word' id='word_1_213' title='bbox 408 2494 451 2541; x_wconf 72' lang='lat'><strong>¹¹)</strong></span> <span class='ocrx_word' id='word_1_214' title='bbox 486 2493 557 2533; x_wconf 80' lang='lat' dir='ltr'><strong>Sle</strong></span> <span class='ocrx_word' id='word_1_215' title='bbox 574 2494 809 2543; x_wconf 81' lang='lat' dir='ltr'><strong>exprimere</strong></span> <span class='ocrx_word' id='word_1_216' title='bbox 826 2500 917 2531; x_wconf 87' lang='lat' dir='ltr'><strong>rem</strong></span> <span class='ocrx_word' id='word_1_217' title='bbox 928 2490 1131 2529; x_wconf 83' lang='lat' dir='ltr'><strong>vldentur</strong></span> <span class='ocrx_word' id='word_1_218' title='bbox 1149 2491 1273 2529; x_wconf 84' lang='lat' dir='ltr'><strong>codd.</strong></span> <span class='ocrx_word' id='word_1_219' title='bbox 1295 2490 1384 2540; x_wconf 87' lang='lat' dir='ltr'><strong>CD,</strong></span> <span class='ocrx_word' id='word_1_220' title='bbox 1412 2494 1488 2533; x_wconf 82' lang='lat' dir='ltr'><strong>sed</strong></span> <span class='ocrx_word' id='word_1_221' title='bbox 1506 2494 1628 2533; x_wconf 82' lang='lat' dir='ltr'><strong>iuxta</strong></span> <span class='ocrx_word' id='word_1_222' title='bbox 1643 2492 1684 2532; x_wconf 89' lang='lat' dir='ltr'>A</span> <span class='ocrx_word' id='word_1_223' title='bbox 1701 2494 1825 2534; x_wconf 79' lang='lat' dir='ltr'><strong>aliter</strong></span> <span class='ocrx_word' id='word_1_224' title='bbox 1843 2496 1909 2535; x_wconf 81' lang='lat' dir='ltr'><strong>in·</strong></span> 
     </span>
     <span class='ocr_line' id='line_1_29' title="bbox 306 2540 1910 2592; baseline 0 -9"><span class='ocrx_word' id='word_1_225' title='bbox 306 2542 516 2591; x_wconf 76' lang='lat' dir='ltr'><strong>telligltur</strong></span> <span class='ocrx_word' id='word_1_226' title='bbox 540 2542 624 2582; x_wconf 85' lang='lat' dir='ltr'><strong>hoe</strong></span> <span class='ocrx_word' id='word_1_227' title='bbox 648 2546 818 2582; x_wconf 75' lang='lat' dir='ltr'><strong>tenore:</strong></span> <span class='ocrx_word' id='word_1_228' title='bbox 852 2540 945 2580; x_wconf 77' lang='lat' dir='ltr'><strong>Non</strong></span> <span class='ocrx_word' id='word_1_229' title='bbox 970 2540 1152 2579; x_wconf 71' lang='lat' dir='ltr'><strong>homines</strong></span> <span class='ocrx_word' id='word_1_230' title='bbox 1170 2544 1352 2588; x_wconf 74' lang='lat' dir='ltr'><strong>putandi</strong></span> <span class='ocrx_word' id='word_1_231' title='bbox 1375 2547 1472 2582; x_wconf 73' lang='lat' dir='ltr'><strong>sunt</strong></span> <span class='ocrx_word' id='word_1_232' title='bbox 1486 2546 1705 2590; x_wconf 72' lang='lat' dir='ltr'><strong>mortales.</strong></span> <span class='ocrx_word' id='word_1_233' title='bbox 1735 2546 1810 2592; x_wconf 75' lang='lat' dir='ltr'><strong>qui</strong></span> <span class='ocrx_word' id='word_1_234' title='bbox 1825 2547 1910 2584; x_wconf 72' lang='lat'><strong>⁸0⁸·-</strong></span> 
     </span>
     <span class='ocr_line' id='line_1_30' title="bbox 307 2589 1908 2641; baseline 0.002 -10"><span class='ocrx_word' id='word_1_235' title='bbox 307 2594 512 2632; x_wconf 70' lang='lat' dir='ltr'><strong>scitantur</strong></span> <span class='ocrx_word' id='word_1_236' title='bbox 527 2620 537 2632; x_wconf 88' lang='lat'>.</span> <span class='ocrx_word' id='word_1_237' title='bbox 561 2620 571 2631; x_wconf 93' lang='lat'>.</span> <span class='ocrx_word' id='word_1_238' title='bbox 594 2619 604 2631; x_wconf 89' lang='lat'><strong>.</strong></span> <span class='ocrx_word' id='word_1_239' title='bbox 622 2594 891 2641; x_wconf 69' lang='lat' dir='ltr'><strong>inquirentes.</strong></span> <span class='ocrx_word' id='word_1_240' title='bbox 934 2589 1105 2638; x_wconf 80' lang='lat' dir='ltr'><strong>Anceps</strong></span> <span class='ocrx_word' id='word_1_241' title='bbox 1124 2594 1191 2629; x_wconf 82' lang='lat' dir='ltr'><strong>est</strong></span> <span class='ocrx_word' id='word_1_242' title='bbox 1208 2594 1252 2629; x_wconf 82' lang='lat' dir='ltr'><strong>et</strong></span> <span class='ocrx_word' id='word_1_243' title='bbox 1271 2600 1452 2639; x_wconf 84' lang='lat' dir='ltr'><strong>sequens</strong></span> <span class='ocrx_word' id='word_1_244' title='bbox 1469 2594 1691 2641; x_wconf 78' lang='lat' dir='ltr'><strong>periodus.</strong></span> <span class='ocrx_word' id='word_1_245' title='bbox 1741 2594 1908 2634; x_wconf 80' lang='lat' dir='ltr'><strong>Auch.</strong></span> 
     </span>
    </p>
   </div>
   <div class='ocr_carea' id='block_1_6' title="bbox 305 2656 1910 2805">
    <p class='ocr_par' dir='ltr' id='par_1_6' title="bbox 305 2656 1910 2805">
     <span class='ocr_line' id='line_1_31' title="bbox 408 2656 1910 2707; baseline 0.003 -10"><span class='ocrx_word' id='word_1_246' title='bbox 408 2656 478 2705; x_wconf 69' lang='lat'><strong>⁵⁵⁹)</strong></span> <span class='ocrx_word' id='word_1_247' title='bbox 548 2660 619 2697; x_wconf 76' lang='lat' dir='ltr'><strong>ula</strong></span> <span class='ocrx_word' id='word_1_248' title='bbox 643 2666 729 2699; x_wconf 78' lang='lat' dir='ltr'><strong>vox</strong></span> <span class='ocrx_word' id='word_1_249' title='bbox 752 2657 872 2699; x_wconf 75' lang='lat' dir='ltr'><strong>Arm.</strong></span> <span class='ocrx_word' id='word_1_250' title='bbox 901 2666 1033 2705; x_wconf 80' lang='lat' dir='ltr'><strong>aeque</strong></span> <span class='ocrx_word' id='word_1_251' title='bbox 1060 2658 1186 2695; x_wconf 80' lang='lat' dir='ltr'><strong>sonat</strong></span> <span class='ocrx_word' id='word_1_252' title='bbox 1209 2656 1279 2695; x_wconf 73' lang='lat' dir='ltr'><strong>ine</strong></span> <span class='ocrx_word' id='word_1_253' title='bbox 1305 2660 1434 2706; x_wconf 80' lang='lat' dir='ltr'><strong>atque</strong></span> <span class='ocrx_word' id='word_1_254' title='bbox 1449 2660 1548 2707; x_wconf 73' lang='lat' dir='ltr'><strong>illa,</strong></span> <span class='ocrx_word' id='word_1_255' title='bbox 1578 2662 1616 2700; x_wconf 76' lang='lat' dir='ltr'><strong>si</strong></span> <span class='ocrx_word' id='word_1_256' title='bbox 1636 2662 1691 2701; x_wconf 81' lang='lat' dir='ltr'><strong>ad</strong></span> <span class='ocrx_word' id='word_1_257' title='bbox 1709 2660 1910 2703; x_wconf 82' lang='lat' dir='ltr'><strong>Isaaeum</strong></span> 
     </span>
     <span class='ocr_line' id='line_1_32' title="bbox 305 2706 1910 2757; baseline 0.004 -10"><span class='ocrx_word' id='word_1_258' title='bbox 305 2708 375 2747; x_wconf 82' lang='lat' dir='ltr'><strong>vel</strong></span> <span class='ocrx_word' id='word_1_259' title='bbox 402 2706 456 2747; x_wconf 80' lang='lat' dir='ltr'><strong>ad</strong></span> <span class='ocrx_word' id='word_1_260' title='bbox 482 2706 521 2745; x_wconf 78' lang='lat' dir='ltr'>A</span> <span class='ocrx_word' id='word_1_261' title='bbox 552 2710 774 2747; x_wconf 76' lang='lat' dir='ltr'><strong>rahamum</strong></span> <span class='ocrx_word' id='word_1_262' title='bbox 800 2709 1002 2757; x_wconf 75' lang='lat' dir='ltr'><strong>respiciat</strong></span> <span class='ocrx_word' id='word_1_263' title='bbox 1026 2706 1225 2751; x_wconf 80' lang='lat' dir='ltr'><strong>verbum,</strong></span> <span class='ocrx_word' id='word_1_264' title='bbox 1262 2710 1484 2755; x_wconf 77' lang='lat' dir='ltr'><strong>sequentia</strong></span> <span class='ocrx_word' id='word_1_265' title='bbox 1509 2711 1659 2751; x_wconf 83' lang='lat' dir='ltr'><strong>eodem</strong></span> <span class='ocrx_word' id='word_1_266' title='bbox 1685 2713 1814 2752; x_wconf 85' lang='lat' dir='ltr'><strong>modo</strong></span> <span class='ocrx_word' id='word_1_267' title='bbox 1841 2724 1910 2753; x_wconf 86' lang='lat' dir='ltr'><strong>re·</strong></span> 
     </span>
     <span class='ocr_line' id='line_1_33' title="bbox 307 2756 1389 2805; baseline 0 -8"><span class='ocrx_word' id='word_1_268' title='bbox 307 2756 499 2797; x_wconf 79' lang='lat' dir='ltr'><strong>ducenda</strong></span> <span class='ocrx_word' id='word_1_269' title='bbox 525 2761 626 2795; x_wconf 80' lang='lat' dir='ltr'><strong>sunt</strong></span> <span class='ocrx_word' id='word_1_270' title='bbox 650 2758 695 2796; x_wconf 82' lang='lat' dir='ltr'><strong>ln</strong></span> <span class='ocrx_word' id='word_1_271' title='bbox 720 2758 1001 2798; x_wconf 71' lang='lat' dir='ltr'><strong>masculinum</strong></span> <span class='ocrx_word' id='word_1_272' title='bbox 1031 2766 1178 2805; x_wconf 73' lang='lat' dir='ltr'><strong>genus.</strong></span> <span class='ocrx_word' id='word_1_273' title='bbox 1235 2756 1389 2797; x_wconf 76' lang='lat' dir='ltr'><strong>Auch.</strong></span> 
     </span>
    </p>
   </div>
  </div>
 </body>
</html>
