2125 3084
325 129 420 181 ⁴54
555 133 756 178 PHIL.
797 132 942 178 mn.
983 131 1306 190 QUAEST.
1344 122 1443 177 ΕΤ
1491 134 1648 178 son.
1690 128 1927 197 [mato]

319 250 452 287 num
468 274 481 297 ‚
509 232 874 287 nihilominus
892 231 1106 287 humile
1121 273 1133 295 ‚
1168 233 1243 285 ita
1264 240 1325 286 ut
1345 230 1507 287 facile
1526 233 1758 289 exaltari
1778 251 1929 305 que-

319 316 373 361 at
400 324 500 378 per
526 305 942 380 prudentiam*)
969 314 1023 360 et
1052 306 1324 360 dominari
1352 324 1518 378 super
1543 307 1929 364 secunda-ter-

319 383 507 453 tiaque
536 382 698 436 bona.
775 382 980 436 Verum
1008 381 1351 451 quicumque
1378 382 1641 436 virtutem
1679 382 1928 438 fortissi—

321 473 466 510 mam
487 473 586 527 per
605 456 934 527 sapientiam
953 462 1008 509 et
1031 454 1383 525 prudentiam
1414 465 1777 528 susceperunt
1790 498 1802 521 ,
1848 458 1925 513 ad

319 530 759 603 magnitudinem
789 528 1289 598 celsitudinemque
1328 529 1528 585 elevati
1570 541 1699 586 sunt
1736 532 1926 587 caele-

320 613 485 673 stem;
525 622 696 676 quare
713 612 1053 659 terrenorum
1075 611 1238 673 atque
1259 603 1739 661 subterraneorum
1757 623 1927 663 vera-

321 682 456 737 citer
475 681 635 753 potiti
657 686 786 735 sunt
805 680 950 735 sicut
966 678 1335 750 possessionis
1356 679 1751 750 apprehensae.

321 894 396 959 [Ἴ
433 891 593 949 Quare
622 890 764 941 dicit.-
815 888 1058 953 „Peperit
1093 888 1255 939 Sarra
1290 906 1413 941 uxor
1450 888 1627 940 domini
1658 888 1749 938 mei
1757 889 1920 951 filim

455 958 640 1009 domino
672 974 798 1019 meo,
845 966 1106 1021 postquam
1143 958 1289 1021 (ipse)
1337 957 1491 1008 senuit
1504 960 1573 1006 “3
1641 972 1734 1005 non
1774 973 1889 1005 vero
1902 973 1918 1005 .-

461 1025 634 1077 Gemit
666 1024 946 1074 Abraham?
982 1025 1089 1087 (24,
1130 1026 1241 1089 36.)

437 1165 550 1219 ⁴22.
591 1161 794 1215 Littera
815 1158 1026 1223 innuit,
1055 1158 1207 1231 quod
1225 1166 1381 1229 pater
1398 1158 1631 1215 alterum
1650 1159 1921 1215 habuerat

319 1236 499 1291 filium
528 1242 652 1289 ante
681 1234 988 1305 genuinum
1015 1233 1212 1297 istum,
1256 1234 1620 1305 improprium
1654 1234 1921 1290 videlicet

317 1311 482 1367 illum
511 1326 582 1363 ex
621 1307 928 1362 concubina
966 1316 1332 1378 procreatum.
1409 1308 1556 1364 Uxor
1592 1316 1775 1363 autem
1810 1309 1919 1363 ista

319 1392 491 1439 mater
530 1381 636 1436 fuit
675 1381 865 1435 dilecti
895 1381 999 1436 filii
1029 1391 1195 1453 atque
1220 1383 1523 1455 unigeniti,
1564 1382 1919 1454 postmodum

319 1474 479 1521 sane,
522 1472 716 1511 verum
745 1464 972 1526 patrona
997 1458 1296 1513 nominata.
1382 1456 1469 1511 Ad
1506 1466 1747 1512 mentem
1784 1474 1918 1513 vero

321 1533 420 1589 illa
434 1573 446 1595 ‚
469 1547 612 1602 quae
633 1547 706 1585 ex
723 1530 970 1586 doctrina
989 1533 1245 1603 provenit
1260 1531 1501 1603 perfecta
1521 1533 1717 1595 virtuS‚
1743 1548 1919 1602 quae-

319 1624 429 1680 que
450 1613 763 1678 nuncupata
787 1614 976 1678 postea
997 1605 1104 1662 fuit
1117 1616 1363 1675 patrona,
1386 1605 1458 1663 ab
1468 1606 1731 1661 Hebraeis
1742 1606 1919 1661 Sarra

321 1684 486 1747 dicta,
509 1682 736 1737 unicum
755 1683 902 1754 parit
919 1681 1229 1737 secundum
1246 1689 1497 1737 naturam
1517 1681 1627 1735 sibi
1648 1680 1912 1745 similem,

319 1757 600 1831 exemplar
619 1774 852 1813 morum.
929 1757 1149 1812 Etenim
1168 1756 1447 1811 doctrinae
1468 1755 1595 1809 finis
1622 1764 1676 1809 et
1701 1756 1917 1826 princi-

317 1836 476 1906 pium
512 1840 674 1905 atque
712 1832 866 1904 origo
907 1831 1141 1887 alterum
1178 1840 1261 1886 est
1293 1847 1392 1903 per
1416 1846 1477 1885 se
1506 1830 1576 1885 ab
1606 1830 1715 1884 alio
1753 1829 1917 1885 audi·-

317 1919 436 1965 tum
450 1950 462 1973 ,
504 1908 736 1963 alterum
765 1924 837 1961 ex
855 1916 1046 1961 natura
1068 1906 1271 1961 factum
1292 1906 1541 1977 sapiens:
1604 1904 1709 1959 hoc
1730 1912 1915 1959 autem

316 1985 560 2038 nascitur
581 1981 817 2044 nemini,
852 1982 964 2035 nisi
984 1981 1234 2045 domin0,
1267 1981 1354 2036 illi
1374 1980 1667 2043 nimirum,
1698 1979 1797 2050 qui
1820 1978 1917 2033 fir-

317 2060 564 2111 mitatem
604 2052 770 2108 habet
807 2056 1056 2109 omnium
1094 2072 1303 2119 rerum,
1353 2070 1735 2126 quaecumque
1766 2053 1915 2124 apud

315 2147 416 2185 nos
443 2136 597 2191 sunt,
639 2127 698 2181 in
728 2127 1083 2196 cogitatione,
1125 2137 1288 2201 atque
1306 2129 1539 2185 renovit.
1620 2127 1915 2183 Confirmat

316 2213 499 2259 autem
527 2201 680 2257 velut
709 2200 898 2272 sigillo
925 2202 1108 2265 illam,
1150 2220 1291 2275 quae
1320 2205 1380 2257 in
1409 2203 1623 2259 cunctis
1652 2210 1736 2256 est
1762 2200 1830 2272 (s.
1854 2203 1913 2259 in

314 2278 465 2335 omni
487 2294 573 2342 re,
612 2294 660 2331 s.
681 2275 1072 2349 omnimodam)
1089 2277 1481 2347 perfectionem
1509 2278 1651 2339 nati,
1697 2275 1907 2339 dicens„

316 2353 464 2426 quod
507 2370 614 2407 non
650 2351 710 2405 in
745 2357 1051 2414 senectute,
1101 2350 1201 2405 sed
1224 2360 1350 2423 post
1374 2360 1711 2407 senectutem
1739 2351 1912 2421 patris

315 2429 586 2491 nascitur,
619 2424 680 2479 id
701 2434 809 2489 est,
843 2426 1028 2479 nonin
1057 2423 1403 2497 longitudine
1431 2435 1768 2498 temporum,
1816 2422 1912 2479 sed

315 2503 476 2573 quasi
507 2500 737 2562 dixerit,
779 2499 921 2555 nihil
949 2500 1196 2556 mortalis
1226 2502 1372 2557 vitae
1408 2518 1607 2573 expers
1647 2499 1909 2570 temporis

417 2675 460 2722 ¹²)
487 2674 554 2714 Ad
579 2674 778 2715 verbum:
823 2684 954 2723 supra
972 2675 1259 2723 prudentiam.
1310 2673 1471 2715 Aue-h.
