2125 3084
277 127 308 175 8
520 131 722 177 PHIL.
759 131 909 176 IUD.
951 131 1272 189 QUAEs'r.
1312 131 1412 178 E'l’
1460 133 1616 180 SOL.
1644 129 1731 195 [IL
1752 131 1870 196 tw]

279 230 348 285 de
385 229 546 284 bonis
583 229 977 301 nobilibusque
1014 231 1243 286 theoriis
1270 249 1333 286 ac
1362 234 1676 299 sententiis,
1727 235 1875 290 illud

274 313 597 435 ttgtilinaegon
635 305 747 359 sibi
775 305 1087 360 adscribere
1104 347 1116 370 ,
1158 307 1257 362 sed
1286 309 1586 380 gratiarum
1613 325 1873 366 munera-

360 517 492 576 Quid
521 529 594 570 est
625 556 660 584 ,‚
675 518 856 570 Divisit
887 536 948 569 ea
974 537 1071 584 per
1108 519 1307 570 medium
1346 529 1393 570 ct
1424 521 1585 585 posuit
1624 533 1791 574 conam

803 604 856 640 so.
895 587 1166 638 invicch
1220 588 1337 650 (ib.)

385 707 437 758 5.
487 704 584 759 Est
613 713 666 759 et
695 705 936 776 corporis
957 703 1024 776 (s.
1048 703 1249 776 carnis)
1267 713 1538 761 structura
1558 706 1867 762 secundum

273 788 438 833 totam
457 796 614 832 suam
635 778 899 834 facturam
926 778 1267 834 huiusmodi.
1327 781 1539 836 Fratres
1568 783 1715 836 enim
1736 791 1866 838 sunt

270 859 454 924 partes
471 892 484 916 ,
528 861 589 906 ut
618 853 831 907 divisae
859 871 988 908 vero
1019 863 1203 909 contra
1232 871 1292 908 se
1313 855 1554 911 invicem
1582 856 1719 920 sint,
1762 857 1861 912 sed

269 927 545 998 proclives
581 944 643 980 ac
673 936 861 982 mutuo
889 945 952 981 se
983 936 1289 1000 spectantes
1319 937 1540 1001 propter
1558 931 1862 985 naturalem

271 1002 733 1072 cooperationem,
781 1002 1003 1057 vivifico
1037 1001 1109 1078 [³¹⁶]
1144 1003 1421 1058 conditore
1457 1020 1589 1076 prae
1626 1004 1862 1060 utilitate

269 1075 413 1131 illud
448 1077 531 1132 sic
560 1076 870 1142 dividente,
917 1085 980 1132 ut
1011 1084 1317 1149 opponatur
1346 1078 1513 1131 altera
1542 1077 1707 1152 (pars)
1734 1097 1861 1134 cum

270 1152 465 1215 altera,
501 1161 663 1224 atque
684 1156 885 1208 iterum
906 1151 1073 1205 simul
1107 1150 1177 1204 ad
1206 1153 1579 1205 necessarium
1608 1153 1861 1207 ministe-

268 1227 416 1280 rium
457 1235 647 1280 mutuo
686 1229 928 1282 serviant
955 1225 1067 1278 sibi
1096 1224 1356 1277 invicem.
1434 1225 1505 1279 Ut
1538 1224 1743 1280 directe
1771 1229 1862 1282 vi-

268 1317 392 1353 sum
414 1317 512 1372 per
537 1300 782 1354 medium
813 1299 1028 1354 narium
1059 1297 1386 1369 disiungens
1414 1297 1472 1350 in
1503 1298 1691 1354 ambos
1726 1317 1859 1356 ocu-

270 1374 378 1438 los,
420 1381 716 1444 utrumque
745 1374 812 1428 ad
843 1382 1137 1444 utrumque
1165 1371 1453 1426 vertendo:
1511 1389 1636 1428 nam
1666 1377 1857 1448 pupil-

269 1448 354 1502 lae
369 1489 382 1512 ,
405 1455 468 1501 ut
488 1449 562 1501 ita
583 1448 838 1512 dixerim,
861 1447 1134 1519 proclives
1156 1447 1214 1498 in
1234 1461 1401 1499 unam
1421 1455 1631 1516 partem
1652 1466 1711 1503 se
1731 1467 1857 1504 mu-

269 1531 362 1576 tuo
382 1530 653 1594 spectant,
678 1523 778 1577 vix
798 1523 940 1577 ultra
960 1520 1204 1575 loculum
1223 1520 1499 1575 ocularem
1521 1521 1851 1589 aberranteS,

269 1597 367 1650 sed
388 1597 630 1652 invicem
658 1605 817 1652 tenus
846 1598 1148 1659 intuenteS‚
1192 1595 1433 1650 maxime
1459 1612 1633 1667 quum
1664 1615 1856 1654 occur-

268 1681 350 1725 rat
380 1670 594 1743 aliquid
622 1671 791 1726 visui.
855 1667 1066 1725 ¹Itidem
1096 1668 1318 1724 auditus
1346 1668 1617 1727 dividitur
1637 1673 1695 1727 in
1718 1673 1855 1728 duas

269 1740 454 1811 ἀοι-95,
503 1764 644 1819 quae
683 1746 843 1802 ambo
878 1763 1171 1801 conversae
1207 1745 1275 1799 ad
1303 1744 1545 1801 invicem
1578 1756 1733 1813 sunt,
1785 1747 1854 1802 ad

265 1837 433 1876 unam
454 1822 793 1896 eandemque
818 1820 1103 1877 tendentes
1122 1821 1512 1891 operationem.
1585 1822 1853 1878 Odoratus

268 1904 448 1950 autem
469 1899 527 1951 in
547 1898 707 1952 binas
729 1914 886 1952 nares
906 1897 1123 1951 divisus
1151 1903 1257 1960 est,
1301 1896 1456 1950 iuxta
1484 1897 1733 1969 singulas
1754 1913 1853 1950 na-

265 1971 410 2023 rium
429 1971 650 2024 tubulas
671 1988 994 2026 conversus:
1040 1987 1182 2040 quae
1202 1987 1310 2024 non
1332 1971 1477 2025 circa
1497 1987 1665 2044 genas
1692 1971 1852 2026 volu-

266 2052 406 2097 tatae
428 2053 556 2097 sunt
577 2053 669 2098 aut
687 2045 982 2098 inclinatae
997 2084 1009 2107 ‚
1033 2052 1097 2096 ut
1118 2043 1423 2115 discerptae
1444 2052 1750 2116 spectarent
1770 2045 1852 2098 al-

264 2127 379 2172 tera
399 2118 645 2172 dextram
672 2135 892 2181 versus,
928 2118 1095 2172 altera
1113 2118 1173 2171 in
1193 2119 1499 2182 sinistram,
1533 2118 1631 2172 sed
1652 2120 1851 2171 intror—

263 2209 388 2246 sum
418 2192 675 2247 collectae
715 2199 1032 2264 exspectant
1067 2191 1259 2248 odores
1298 2193 1576 2248 communi
1616 2192 1847 2246 actione.

265 2265 358 2321 Sic
377 2284 597 2338 quoque
616 2285 812 2322 manus
832 2284 940 2322 non
961 2268 1229 2322 contrario
1251 2275 1474 2340 aspectu
1494 2265 1667 2321 factae
1694 2275 1841 2331 sunt,

262 2341 362 2396 sed
392 2350 453 2396 ut
482 2340 672 2398 fratres
693 2349 744 2396 et
761 2350 944 2415 partes
966 2340 1282 2397 divisibiles
1308 2358 1501 2396 versus
1521 2357 1581 2394 se
1607 2341 1849 2395 invicem

262 2424 594 2486 spectanteS‚
655 2434 725 2471 ex
752 2424 943 2471 natura
971 2425 1322 2488 praeparatae
1366 2415 1436 2469 ad
1479 2415 1849 2486 operationem

262 2493 651 2562 negotiumque
672 2489 782 2544 sibi
804 2499 1144 2563 competenS,
1187 2492 1245 2544 in
1276 2489 1489 2544 actibus
1516 2490 1843 2560 accipiendi,

261 2563 430 2618 dandi
468 2573 521 2619 et
558 2565 842 2636 operandi.
919 2565 1038 2620 Non
1070 2565 1226 2618 aliter
1255 2581 1315 2617 se
1344 2561 1546 2616 habent
1574 2571 1627 2616 et
1652 2562 1844 2634 pedes,

259 2655 494 2708 quorum
534 2648 762 2712 uterque
804 2641 880 2694 ita
915 2656 975 2694 se
1012 2645 1278 2709 praestat,
1326 2644 1387 2691 ut
1415 2635 1675 2692 concedat
1714 2637 1848 2694 alter

2106 177 2109 290 l
