2125 3084
325 186 389 238 44
448 190 649 235 PmL.
690 186 844 232 mn.
886 184 1217 243 QUAEsT.
1258 184 1360 229 ET
1400 171 1922 249 801..[11,216.217.]
2083 24 2098 241 η

321 289 507 352 floreS‚
534 305 642 342 non
664 286 734 341 ad
752 288 950 349 vitam,
985 285 1085 340 sed
1107 284 1177 339 ad
1201 282 1274 359 [⁴¹⁵]
1299 291 1550 339 mortem.
1631 284 1806 339 Cuius
1826 301 1931 338 au-

322 374 433 420 tem
452 365 567 419 vita
586 369 671 417 est
689 362 906 433 prolixa
926 368 980 415 et
997 361 1355 415 vehementer
1374 359 1542 413 nubis
1563 359 1928 413 instartrans—

324 439 507 494 euntis
538 445 695 492 aucta
709 478 722 501 ‚
774 438 895 491 sive
924 443 985 490 ut
1014 434 1243 489 effluxio
1271 432 1570 488 fluviorum
1599 432 1750 507 (est),
1795 434 1928 505 quia

323 512 639 567 redundans
678 511 995 566 extenditur
1022 511 1202 581 magis
1231 525 1298 563 ac
1325 509 1504 581 magis
1533 507 1678 563 foras
1695 550 1708 573 ‚
1752 525 1930 580 quum

324 598 378 643 et
394 588 666 659 sapientia
684 586 877 642 divina
904 586 995 639 sit.
1077 583 1224 640 Illud
1252 592 1434 638 autem
1447 600 1642 651 ponam
1661 593 1710 638 te
1728 589 1786 638 in
1803 600 1930 653 qen-

326 674 401 718 tes
438 663 649 717 dictum
689 669 797 726 est,
851 668 913 715 ut
946 658 1266 715 evidentius
1302 657 1723 723 demonstraret,
1777 658 1930 729 quod

326 739 561 811 dignum
587 736 784 800 efficit,
832 744 1114 805 tamquam
1143 732 1566 789 fundamentum
1594 750 1660 787 ac
1687 732 1931 788 fulcrum

326 812 709 867 firmissimum
730 827 851 865 esse
872 811 1180 880 sapientem
1196 809 1480 881 gentibue,
1510 816 1628 863 tum
1644 808 1788 873 suia,
1810 817 1932 863 tum

328 887 557 941 caeteris
598 886 763 939 etiam
792 884 1114 939 hominibus
1145 885 1300 939 vario
1327 882 1490 939 modo
1519 882 1812 955 egentibus
1837 900 1936 937 se-

328 960 574 1015 cundum
602 960 873 1022 animum,
924 966 987 1013 ut
1022 967 1181 1014 antea
1220 957 1432 1015 dictum
1471 965 1573 1011 est.
1659 956 1934 1023 Quoniam

328 1036 551 1107 sapiens
579 1034 830 1107 gentium
862 1033 1174 1105 redemptor
1202 1042 1286 1088 est
1325 1041 1379 1089 et
1414 1034 1742 1087 intercessor
1783 1032 1936 1105 apud

330 1111 497 1165 deum
514 1118 571 1165 et
590 1109 809 1164 veniam
830 1116 1023 1180 petens
1054 1109 1124 1163 de
1154 1107 1374 1163 delictis
1403 1115 1778 1179 cognatorum.
1857 1108 1936 1162 11-

330 1185 430 1241 lud
460 1184 686 1241 demum
711 1200 854 1253 reyes
886 1202 955 1238 em
991 1193 1039 1237 te
1071 1187 1202 1252 fiant
1229 1183 1430 1237 iterum
1459 1183 1628 1237 nimis
1655 1183 1762 1237 rite
1787 1182 1942 1238 dici-

329 1269 445 1327 tur;
508 1260 692 1315 omnia
730 1260 908 1322 enim,
950 1274 1096 1329 quae
1125 1258 1430 1329 sapientiae
1459 1264 1615 1321 sunt,
1658 1258 1814 1329 regia
1843 1274 1938 1313 se-

330 1335 482 1388 mina
508 1341 663 1397 sunt,
706 1333 889 1404 proles
916 1333 1191 1405 principis
1221 1350 1286 1387 ac
1315 1332 1476 1387 ducis
1503 1331 1814 1387 secundum
1833 1350 1940 1387 na-

332 1418 539 1463 turam:
600 1409 823 1480 sapiens
852 1416 1035 1463 autem
1065 1416 1212 1463 caret
1238 1409 1456 1463 semine·
1480 1405 1777 1477 fructuque
1803 1424 1940 1478 pro-

332 1485 481 1555 prio,
524 1483 809 1540 sed-ferax
834 1492 919 1539 est
944 1492 999 1539 et
1024 1485 1284 1555 copiosus
1311 1484 1526 1539 semine
1545 1482 1757 1553 abipso
1777 1483 1940 1553 prin-

334 1560 522 1631 cipali.

340 1714 471 1771 Quid
502 1724 571 1764 est
604 1751 638 1779 „
651 1715 799 1765 Dabo
838 1714 926 1765 tibi
956 1722 1004 1763 et
1035 1713 1205 1763 semini
1242 1722 1320 1765 tuo
1349 1722 1462 1777 post
1497 1724 1542 1763 te
1579 1722 1753 1763 terram
1791 1712 1936 1777 hamc,

469 1784 521 1833 in
560 1800 658 1847 qua
703 1793 753 1833 tu
786 1782 1174 1848 persqrinata‘one
1215 1780 1465 1843 habitasti,
1539 1796 1716 1830 omnem
1761 1789 1940 1831 terram

474 1850 709 1904 C'Itanaan
743 1851 793 1901 in
823 1849 1167 1915 possessionem
1201 1857 1444 1899 aeternam
1457 1850 1524 1896 “5
1569 1849 1680 1912 (17,
1717 1847 1793 1912 8.)

449 1956 533 2007 45.
584 1954 789 2007 Littera
820 1951 955 2006 adeo
985 1952 1132 2006 clara
1161 1958 1271 2014 est,
1313 1957 1377 2005 ut
1405 1950 1559 2005 nulla
1576 1966 1716 2021 opus
1739 1948 1942 2005 habeat

336 2026 704 2079 declaratione
722 2042 922 2078 sermo.
970 2024 1055 2079 Ad
1077 2033 1317 2080 mentem
1338 2040 1468 2079 vero
1489 2024 1752 2097 allegoria
1772 2042 1943 2080 usur-

337 2098 520 2170 panda
550 2107 634 2152 est
663 2098 767 2152 hoc
792 2106 997 2152 tenore.
1075 2099 1292 2154 Virtute
1319 2098 1602 2170 praeditus
1629 2100 1850 2154 animus
1879 2102 1942 2154 in

338 2174 515 2243 spatio
544 2187 805 2241 corporeo
831 2173 1159 2243 peregrinus
1188 2181 1272 2227 est
1299 2176 1486 2245 potius
1515 2191 1684 2246 quam
1722 2175 1934 2242 incola;

336 2248 515 2319 patria
534 2246 684 2303 enim
702 2246 824 2301 eius
846 2253 929 2301 est
948 2246 1136 2301 aether
1156 2244 1230 2321 [³¹⁶]
1255 2255 1310 2303 et
1329 2250 1572 2313 caelum,
1603 2250 1820 2305 colonia
1839 2267 1943 2304 au-

337 2332 449 2377 tem
476 2330 619 2377 terra
649 2328 703 2376 et
730 2328 1007 2376 terrenum
1037 2337 1238 2391 corpus
1253 2362 1266 2387 ‚
1313 2322 1375 2377 in
1404 2340 1515 2395 quo
1544 2323 1749 2378 dicitur
1778 2341 1944 2395 pere-

335 2398 565 2469 grinari.
642 2394 995 2451 Benefaciens
1024 2412 1155 2467 ergo
1191 2397 1244 2449 ei
1272 2406 1428 2467 pater
1467 2398 1633 2452 donat
1670 2399 1724 2452 ei
1767 2406 1943 2453 terre-

337 2489 535 2528 norum
554 2472 959 2527 universorum
997 2470 1374 2539 principatum
1413 2473 1474 2525 in
1515 2480 1818 2535 aeternam,
1879 2481 1944 2528 ut

338 2546 459 2615 ipse
482 2548 583 2609 ait,
607 2546 1032 2617 possessionem,
1057 2559 1128 2597 ne
1149 2543 1462 2601 dominetur
1481 2562 1746 2616 umquam
1765 2562 1795 2599 a
1816 2562 1942 2601 cor-

339 2635 499 2687 pore,
542 2620 641 2674 sed
670 2637 889 2690 semper
911 2619 1172 2690 princeps
1195 2626 1258 2672 -et
1284 2628 1460 2675 rector
1485 2621 1588 2681 sit,
1631 2636 1854 2675 servum
1868 2637 1941 2677 ac

338 2692 737 2763 pedissequum
756 2693 901 2751 illud
920 2693 1230 2763 acquirens.
