2125 3084
165 224 244 289 [IL
267 220 384 285 392]
503 224 586 269 IN
625 224 979 270 GENESIN.
1008 224 1279 272 asEmno
1314 227 1400 273 lv.
1648 220 1747 273 2i9

165 330 240 383 Tu
271 333 452 381 autem
483 324 744 395 exquiras
773 342 844 379 ex
871 323 1169 379 multisciis
1187 324 1553 379 obstructores
1570 326 1750 397 impe-

164 402 313 456 ritiae
329 442 341 465 ‚
375 400 474 471 qui
497 399 766 453 abiiciunt
787 400 930 454 sicut
949 416 1088 454 onus
1109 407 1161 453 et
1182 406 1487 472 expurgant
1512 401 1751 472 impedi-

165 484 339 531 menta
360 474 430 530 ab
457 474 584 529 aliis
605 474 715 527 iam
736 474 956 528 iniecta.
1026 475 1145 530 Non
1167 475 1315 528 enim
1336 476 1456 546 ipse
1475 474 1751 546 perfectus

164 570 305 606 nunc
325 549 587 605 inductus
607 557 802 621 puteos
823 548 988 603 habet
998 547 1051 621 ³¹²)
1073 549 1133 603 in
1153 550 1361 615 anim0,
1404 548 1579 605 fontes
1600 550 1754 603 scili-

165 636 245 681 cet
272 625 604 696 disciplinae
632 623 1058 697 intelligentiae,
1110 624 1208 678 sed
1236 625 1413 688 servi,
1457 641 1595 696 quos
1625 641 1755 678 con—

165 702 356 773 dignos
377 700 688 755 ministerio
708 696 1038 771 disciplinae
1059 716 1191 754 suae
1213 700 1446 755 censuit.
1516 700 1585 753 Hi
1606 707 1751 763 sunt,

163 778 254 848 qui
295 775 456 829 modo
497 774 746 847 aggressi
785 782 914 827 sunt
956 774 1337 845 disciplinam,
1400 781 1453 829 et
1491 773 1757 845 paulatim

163 859 463 905 crescentes
505 850 781 920 altiusque
821 847 1099 914 fodenteS,
1140 867 1319 922 usque
1349 850 1406 903 in
1438 848 1602 904 finem
1630 866 1759 922 per-

161 926 404 991 veniant.
481 924 580 979 Isti
609 925 796 996 itaque
824 922 987 979 bonis
1017 924 1301 980 laboribus
1337 942 1457 979 sese
1496 942 1760 979 exercen-

159 1010 244 1055 tes
261 1041 274 1064 ,
317 998 686 1071 perfecerunt,
732 1002 801 1054 ne
832 999 1086 1054 aberrent
1104 998 1173 1053 ab
1194 1000 1315 1072 ipso
1336 999 1611 1055 desiderio
1631 1016 1760 1071 per-

159 1075 437 1131 fectionis.
515 1072 869 1147 Alienigenae
901 1092 1033 1130 vero
1061 1075 1311 1139 vocitati,
1361 1092 1499 1147 quos
1526 1074 1758 1130 Hebraei

157 1150 492 1205 Philistaeos
521 1149 822 1221 appellant,
866 1149 1181 1205 invidentes
1221 1158 1464 1205 nostrum
1503 1158 1760 1223 progres-

159 1243 308 1289 sum,
334 1241 442 1279 non
464 1224 637 1279 sol-um
658 1230 1030 1280 obstruxerunt
1051 1225 1445 1297 amplitudines
1466 1224 1531 1298 (S.
1557 1226 1759 1280 liberos

158 1297 476 1372 transitus),
519 1316 615 1371 per
643 1317 781 1372 quas
812 1299 1092 1355 doctrinae
1120 1302 1271 1355 sanis
1299 1301 1539 1373 pedibus
1564 1316 1762 1373 proce-

160 1376 328 1439 dunt,
373 1374 472 1429 sed
493 1375 657 1429 etiam
679 1385 822 1431 ter-ra
839 1379 1200 1445 impleverunt,
1243 1378 1472 1431 terrenis
1492 1376 1760 1432 nimirum

160 1450 564 1523 cupiditatibus
601 1466 744 1521 quae
781 1452 926 1506 circa
965 1460 1213 1507 ventrem
1252 1452 1561 1525 voluptates
1607 1461 1754 1515 sunt,

159 1535 517 1599 properantes
540 1525 609 1580 ad
635 1526 1038 1597 impletionem:
1103 1527 1251 1583 unde
1278 1537 1607 1602 aggravatus
1638 1528 1759 1583 ani-

268 1699 310 1745 ¹)
337 1709 374 1738 s.
401 1699 617 1738 inducitur
642 1700 720 1745 (ad
735 1701 1002 1749 fodendum),
1039 1704 1111 1751 qui
1135 1705 1220 1742 iam
1238 1706 1385 1751 puteos
1410 1704 1546 1743 habet.
1598 1700 1757 1740 Auch.

160 2017 312 2073 quae
334 2017 434 2071 pro
455 2002 758 2074 ignorantia
779 2003 1077 2076 accipitur,
1118 2010 1430 2075 ‘expurgant
1457 2018 1557 2073 per
1576 2000 1767 2076 obser-

157 2076 414 2131 vantiam
453 2077 844 2133 institutorum.
940 2077 1095 2133 Adeo
1131 2076 1407 2150 perfectus
1445 2076 1765 2132 huiusmodi

158 2151 413 2207 fossuras
447 2169 554 2208 non
595 2152 752 2211 facit:
819 2162 904 2209 est
930 2154 1081 2209 enim
1108 2153 1306 2225 plenus
1334 2153 1625 2215 scientiae,
1668 2151 1766 2205 sed

157 2227 326 2299 pueri
365 2243 504 2299 quos
543 2227 743 2302 dignos
780 2229 870 2283 sui
908 2230 1203 2283 ministerii
1234 2228 1547 2291 arbitratur.
1626 2225 1767 2283 Sunt

158 2310 349 2357 autem
372 2304 442 2367 ii,
477 2302 578 2375 qui
597 2304 758 2360 modo
777 2304 1078 2360 eruditioni
1108 2304 1331 2369 dantur,
1378 2302 1647 2376 paulatim
1676 2318 1769 2355 ac-

157 2377 426 2433 cedentes
446 2378 506 2433 in
525 2378 724 2445 altum,
755 2396 1048 2451 quousque
1072 2380 1339 2453 attingant
1356 2380 1414 2433 in
1435 2378 1621 2433 finem.
1700 2377 1767 2431 Hi

155 2452 396 2529 quidem
415 2452 625 2508 bonum
647 2454 988 2531 desiderium
1005 2462 1399 2526 prosequentes
1419 2453 1654 2525 dignum
1680 2452 1773 2507 in-
1794 2453 1798 2457 ’

157 2528 400 2583 veniunt
421 2527 683 2583 fructum.
763 2528 1214 2602 Alienigenarum
1235 2546 1366 2583 vero
1386 2546 1543 2583 mens
1561 2545 1661 2600 pro
1680 2528 1770 2582 in-

156 2600 320 2657 vidia
353 2604 740 2674 prosperitatis
769 2605 1028 2676 decipere
1061 2613 1289 2660 conatur
1324 2603 1765 2674 opportunitatiS‚

157 2677 379 2747 quibus
409 2676 691 2733 doctrinae
728 2696 828 2751 pro
866 2680 1136 2751 promptis
1172 2678 1458 2751 gressibus
1498 2686 1768 2737 crescunt,

161 2760 368 2807 terram
395 2757 712 2817 inficientes,
752 2754 855 2808 hoc
882 2762 992 2817 est,
1030 2764 1277 2808 terrenae
1298 2754 1774 2825 concupiscentiae
