<?xml version="1.0" encoding="UTF-8"?>
<!DOCTYPE html PUBLIC "-//W3C//DTD XHTML 1.0 Transitional//EN"
    "http://www.w3.org/TR/xhtml1/DTD/xhtml1-transitional.dtd">
<html xmlns="http://www.w3.org/1999/xhtml" xml:lang="en" lang="en">
 <head>
  <title>
</title>
<meta http-equiv="Content-Type" content="text/html;charset=utf-8" />
  <meta name='ocr-system' content='tesseract 3.04.00' />
  <meta name='ocr-capabilities' content='ocr_page ocr_carea ocr_par ocr_line ocrx_word'/>
</head>
<body>
  <div class='ocr_page' id='page_1' title='image "./philonisiudaeio00alejgoog_0585.png"; bbox 0 0 2125 3084; ppageno 0'>
   <div class='ocr_carea' id='block_1_1' title="bbox 406 163 2068 232">
    <p class='ocr_par' dir='ltr' id='par_1_1' title="bbox 406 163 2068 232">
     <span class='ocr_line' id='line_1_1' title="bbox 406 163 2068 232; baseline -0.002 -8"><span class='ocrx_word' id='word_1_1' title='bbox 406 169 501 224; x_wconf 75' lang='grc'><strong>112</strong></span> <span class='ocrx_word' id='word_1_2' title='bbox 848 173 1220 220; x_wconf 69' lang='lat' dir='ltr'><strong>nunonis</strong></span> <span class='ocrx_word' id='word_1_3' title='bbox 1257 171 1531 218; x_wconf 64' lang='lat' dir='ltr'><strong>mnam</strong></span> <span class='ocrx_word' id='word_1_4' title='bbox 1691 163 1766 230; x_wconf 82' lang='grc' dir='ltr'><strong>[Ι.</strong></span> <span class='ocrx_word' id='word_1_5' title='bbox 1781 172 1916 218; x_wconf 75' lang='lat'><strong>120.</strong></span> <span class='ocrx_word' id='word_1_6' title='bbox 1935 169 2068 232; x_wconf 53' lang='lat'><strong>1213</strong></span> 
     </span>
    </p>
   </div>
   <div class='ocr_carea' id='block_1_2' title="bbox 398 271 2068 1235">
    <p class='ocr_par' dir='ltr' id='par_1_2' title="bbox 398 271 2068 1235">
     <span class='ocr_line' id='line_1_2' title="bbox 400 271 2068 348; baseline -0.001 -18"><span class='ocrx_word' id='word_1_7' title='bbox 400 283 606 348; x_wconf 88' lang='lat' dir='ltr'><strong>ptatem</strong></span> <span class='ocrx_word' id='word_1_8' title='bbox 646 271 817 328; x_wconf 74' lang='lat' dir='ltr'><strong>factae</strong></span> <span class='ocrx_word' id='word_1_9' title='bbox 854 281 1009 328; x_wconf 87' lang='lat' dir='ltr'><strong>sunt:</strong></span> <span class='ocrx_word' id='word_1_10' title='bbox 1092 271 1377 343; x_wconf 74' lang='lat' dir='ltr'><strong>simplices</strong></span> <span class='ocrx_word' id='word_1_11' title='bbox 1415 272 1564 326; x_wconf 89' lang='lat' dir='ltr'><strong>enim</strong></span> <span class='ocrx_word' id='word_1_12' title='bbox 1599 279 1740 326; x_wconf 87' lang='lat' dir='ltr'><strong>sunt</strong></span> <span class='ocrx_word' id='word_1_13' title='bbox 1781 274 2068 328; x_wconf 82' lang='lat' dir='ltr'><strong>istarum</strong></span> 
     </span>
     <span class='ocr_line' id='line_1_3' title="bbox 400 345 2066 420; baseline -0.001 -16"><span class='ocrx_word' id='word_1_14' title='bbox 400 352 633 404; x_wconf 80' lang='lat' dir='ltr'><strong>virtutes</strong></span> <span class='ocrx_word' id='word_1_15' title='bbox 652 356 710 403; x_wconf 89' lang='lat' dir='ltr'><strong>et</strong></span> <span class='ocrx_word' id='word_1_16' title='bbox 722 347 1053 420; x_wconf 72' lang='lat' dir='ltr'><strong>singillatim</strong></span> <span class='ocrx_word' id='word_1_17' title='bbox 1071 363 1174 419; x_wconf 81' lang='lat' dir='ltr'><strong>per</strong></span> <span class='ocrx_word' id='word_1_18' title='bbox 1189 346 1386 402; x_wconf 84' lang='lat' dir='ltr'><strong>odores</strong></span> <span class='ocrx_word' id='word_1_19' title='bbox 1403 354 1634 417; x_wconf 85' lang='lat' dir='ltr'><strong>prosunt</strong></span> <span class='ocrx_word' id='word_1_20' title='bbox 1645 387 1660 410; x_wconf 86' lang='lat'>‚</span> <span class='ocrx_word' id='word_1_21' title='bbox 1706 345 2066 419; x_wconf 79' lang='lat' dir='ltr'><strong>fragrantia</strong></span> 
     </span>
     <span class='ocr_line' id='line_1_4' title="bbox 400 421 2058 495; baseline -0.002 -15"><span class='ocrx_word' id='word_1_22' title='bbox 400 423 767 495; x_wconf 70' lang='lat' dir='ltr'><strong>adimplentes</strong></span> <span class='ocrx_word' id='word_1_23' title='bbox 786 423 1003 476; x_wconf 79' lang='lat' dir='ltr'><strong>vicinos</strong></span> <span class='ocrx_word' id='word_1_24' title='bbox 1016 461 1030 486; x_wconf 85' lang='lat'><strong>‚</strong></span> <span class='ocrx_word' id='word_1_25' title='bbox 1069 421 1242 476; x_wconf 87' lang='lat' dir='ltr'><strong>multo</strong></span> <span class='ocrx_word' id='word_1_26' title='bbox 1261 430 1444 476; x_wconf 87' lang='lat' dir='ltr'><strong>autem</strong></span> <span class='ocrx_word' id='word_1_27' title='bbox 1461 421 1644 493; x_wconf 78' lang='lat' dir='ltr'><strong>magis</strong></span> <span class='ocrx_word' id='word_1_28' title='bbox 1663 421 1730 478; x_wconf 87' lang='lat' dir='ltr'><strong>in</strong></span> <span class='ocrx_word' id='word_1_29' title='bbox 1753 423 2058 478; x_wconf 81' lang='lat' dir='ltr'><strong>mixturis</strong></span> 
     </span>
     <span class='ocr_line' id='line_1_5' title="bbox 400 495 2054 568; baseline -0.002 -13"><span class='ocrx_word' id='word_1_30' title='bbox 400 498 730 555; x_wconf 75' lang='lat' dir='ltr'><strong>medicinae.</strong></span> <span class='ocrx_word' id='word_1_31' title='bbox 807 497 947 551; x_wconf 87' lang='lat' dir='ltr'><strong>Nam</strong></span> <span class='ocrx_word' id='word_1_32' title='bbox 974 513 1063 551; x_wconf 82' lang='lat' dir='ltr'><strong>res</strong></span> <span class='ocrx_word' id='word_1_33' title='bbox 1101 495 1378 568; x_wconf 84' lang='lat' dir='ltr'><strong>quaedam</strong></span> <span class='ocrx_word' id='word_1_34' title='bbox 1415 497 1558 550; x_wconf 86' lang='lat' dir='ltr'><strong>inter</strong></span> <span class='ocrx_word' id='word_1_35' title='bbox 1593 511 1656 550; x_wconf 85' lang='lat' dir='ltr'><strong>se</strong></span> <span class='ocrx_word' id='word_1_36' title='bbox 1694 499 2054 567; x_wconf 78' lang='lat' dir='ltr'><strong>permixtae</strong></span> 
     </span>
     <span class='ocr_line' id='line_1_6' title="bbox 400 569 2048 642; baseline -0.002 -13"><span class='ocrx_word' id='word_1_37' title='bbox 400 576 520 630; x_wconf 75' lang='lat' dir='ltr'><strong>vim</strong></span> <span class='ocrx_word' id='word_1_38' title='bbox 538 589 697 628; x_wconf 87' lang='lat' dir='ltr'><strong>suam</strong></span> <span class='ocrx_word' id='word_1_39' title='bbox 716 570 1033 626; x_wconf 82' lang='lat' dir='ltr'><strong>evidentius</strong></span> <span class='ocrx_word' id='word_1_40' title='bbox 1052 569 1345 626; x_wconf 75' lang='lat' dir='ltr'><strong>exhibent:</strong></span> <span class='ocrx_word' id='word_1_41' title='bbox 1405 571 1552 626; x_wconf 87' lang='lat' dir='ltr'><strong>sicut</strong></span> <span class='ocrx_word' id='word_1_42' title='bbox 1568 570 1628 629; x_wconf 80' lang='lat' dir='ltr'><strong>in</strong></span> <span class='ocrx_word' id='word_1_43' title='bbox 1649 573 2048 642; x_wconf 66' lang='lat' dir='ltr'><strong>generatione</strong></span> 
     </span>
     <span class='ocr_line' id='line_1_7' title="bbox 404 644 2042 715; baseline -0.001 -11"><span class='ocrx_word' id='word_1_44' title='bbox 404 648 661 704; x_wconf 81' lang='lat' dir='ltr'><strong>animalis</strong></span> <span class='ocrx_word' id='word_1_45' title='bbox 678 647 993 702; x_wconf 87' lang='lat' dir='ltr'><strong>coniunctio</strong></span> <span class='ocrx_word' id='word_1_46' title='bbox 1010 646 1180 700; x_wconf 85' lang='lat' dir='ltr'><strong>maris</strong></span> <span class='ocrx_word' id='word_1_47' title='bbox 1199 653 1256 700; x_wconf 90' lang='lat' dir='ltr'><strong>et</strong></span> <span class='ocrx_word' id='word_1_48' title='bbox 1273 644 1512 700; x_wconf 78' lang='lat' dir='ltr'><strong>feminae</strong></span> <span class='ocrx_word' id='word_1_49' title='bbox 1527 685 1539 708; x_wconf 84' lang='lat'><em>‚</em></span> <span class='ocrx_word' id='word_1_50' title='bbox 1569 661 1758 715; x_wconf 87' lang='lat' dir='ltr'><strong>quum</strong></span> <span class='ocrx_word' id='word_1_51' title='bbox 1779 649 2042 702; x_wconf 81' lang='lat' dir='ltr'><strong>seorsim</strong></span> 
     </span>
     <span class='ocr_line' id='line_1_8' title="bbox 398 718 2041 796; baseline -0.002 -17"><span class='ocrx_word' id='word_1_52' title='bbox 398 739 511 779; x_wconf 83' lang='lat' dir='ltr'><strong>non</strong></span> <span class='ocrx_word' id='word_1_53' title='bbox 532 723 707 796; x_wconf 79' lang='lat' dir='ltr'><strong>possit</strong></span> <span class='ocrx_word' id='word_1_54' title='bbox 722 720 941 776; x_wconf 76' lang='lat' dir='ltr'><strong>efficere</strong></span> <span class='ocrx_word' id='word_1_55' title='bbox 966 736 1112 776; x_wconf 81' lang='lat' dir='ltr'><strong>unus</strong></span> <span class='ocrx_word' id='word_1_56' title='bbox 1141 719 1232 776; x_wconf 81' lang='lat' dir='ltr'><strong>vel</strong></span> <span class='ocrx_word' id='word_1_57' title='bbox 1263 720 1460 784; x_wconf 83' lang='lat' dir='ltr'><strong>altera,</strong></span> <span class='ocrx_word' id='word_1_58' title='bbox 1499 718 1652 790; x_wconf 87' lang='lat' dir='ltr'><strong>quod</strong></span> <span class='ocrx_word' id='word_1_59' title='bbox 1677 719 1864 782; x_wconf 81' lang='lat' dir='ltr'><strong>ambo</strong></span> <span class='ocrx_word' id='word_1_60' title='bbox 1893 739 2041 778; x_wconf 84' lang='lat' dir='ltr'><strong>oon-</strong></span> 
     </span>
     <span class='ocr_line' id='line_1_9' title="bbox 400 793 2032 870; baseline -0.001 -16"><span class='ocrx_word' id='word_1_61' title='bbox 400 800 687 854; x_wconf 83' lang='lat' dir='ltr'><strong>venientas</strong></span> <span class='ocrx_word' id='word_1_62' title='bbox 706 794 1015 870; x_wconf 80' lang='lat' dir='ltr'><strong>(efficiunt).</strong></span> <span class='ocrx_word' id='word_1_63' title='bbox 1078 796 1224 850; x_wconf 84' lang='lat' dir='ltr'><strong>Haec</strong></span> <span class='ocrx_word' id='word_1_64' title='bbox 1241 795 1550 852; x_wconf 79' lang='lat' dir='ltr'><strong>necessario</strong></span> <span class='ocrx_word' id='word_1_65' title='bbox 1569 793 1726 854; x_wconf 75' lang='lat' dir='ltr'><strong>dicta</strong></span> <span class='ocrx_word' id='word_1_66' title='bbox 1745 806 1894 854; x_wconf 82' lang='lat' dir='ltr'><strong>sunt</strong></span> <span class='ocrx_word' id='word_1_67' title='bbox 1907 837 1925 861; x_wconf 85' lang='lat'>‚</span> <span class='ocrx_word' id='word_1_68' title='bbox 1957 799 2032 852; x_wconf 88' lang='lat' dir='ltr'><strong>ita</strong></span> 
     </span>
     <span class='ocr_line' id='line_1_10' title="bbox 400 867 2026 942; baseline 0 -14"><span class='ocrx_word' id='word_1_69' title='bbox 400 882 463 929; x_wconf 88' lang='lat' dir='ltr'><strong>ut</strong></span> <span class='ocrx_word' id='word_1_70' title='bbox 490 873 657 927; x_wconf 87' lang='lat' dir='ltr'><strong>etiam</strong></span> <span class='ocrx_word' id='word_1_71' title='bbox 682 871 919 942; x_wconf 86' lang='lat' dir='ltr'><strong>reliquis</strong></span> <span class='ocrx_word' id='word_1_72' title='bbox 944 871 1057 924; x_wconf 81' lang='lat' dir='ltr'><strong>tuis</strong></span> <span class='ocrx_word' id='word_1_73' title='bbox 1087 868 1528 926; x_wconf 74' lang='lat' dir='ltr'><strong>dubitationibus</strong></span> <span class='ocrx_word' id='word_1_74' title='bbox 1542 867 1942 928; x_wconf 82' lang='lat' dir='ltr'><strong>sufficientem</strong></span> <span class='ocrx_word' id='word_1_75' title='bbox 1961 872 2026 928; x_wconf 83' lang='lat' dir='ltr'><strong>fi-</strong></span> 
     </span>
     <span class='ocr_line' id='line_1_11' title="bbox 402 943 2020 1018; baseline -0.002 -16"><span class='ocrx_word' id='word_1_76' title='bbox 402 948 531 1004; x_wconf 85' lang='lat' dir='ltr'><strong>dem</strong></span> <span class='ocrx_word' id='word_1_77' title='bbox 550 947 767 1002; x_wconf 85' lang='lat' dir='ltr'><strong>efficere</strong></span> <span class='ocrx_word' id='word_1_78' title='bbox 785 947 999 1018; x_wconf 84' lang='lat' dir='ltr'><strong>possint</strong></span> <span class='ocrx_word' id='word_1_79' title='bbox 1016 943 1164 1018; x_wconf 87' lang='lat' dir='ltr'><strong>apud</strong></span> <span class='ocrx_word' id='word_1_80' title='bbox 1186 944 1314 999; x_wconf 85' lang='lat' dir='ltr'><strong>illos</strong></span> <span class='ocrx_word' id='word_1_81' title='bbox 1327 983 1340 1008; x_wconf 86' lang='lat'><strong>‚</strong></span> <span class='ocrx_word' id='word_1_82' title='bbox 1379 946 1480 1014; x_wconf 85' lang='lat' dir='ltr'><strong>qui</strong></span> <span class='ocrx_word' id='word_1_83' title='bbox 1499 943 1642 1000; x_wconf 86' lang='lat' dir='ltr'><strong>nihil</strong></span> <span class='ocrx_word' id='word_1_84' title='bbox 1665 947 2020 1008; x_wconf 76' lang='lat' dir='ltr'><strong>contentiose</strong></span> 
     </span>
     <span class='ocr_line' id='line_1_12' title="bbox 401 1015 2016 1095; baseline -0.002 -17"><span class='ocrx_word' id='word_1_85' title='bbox 401 1039 533 1095; x_wconf 88' lang='lat' dir='ltr'><strong>prae</strong></span> <span class='ocrx_word' id='word_1_86' title='bbox 550 1039 613 1077; x_wconf 93' lang='lat' dir='ltr'><strong>se</strong></span> <span class='ocrx_word' id='word_1_87' title='bbox 630 1021 815 1076; x_wconf 78' lang='lat' dir='ltr'><strong>ferunt</strong></span> <span class='ocrx_word' id='word_1_88' title='bbox 830 1019 901 1075; x_wconf 83' lang='lat' dir='ltr'><strong>de</strong></span> <span class='ocrx_word' id='word_1_89' title='bbox 930 1019 1033 1076; x_wconf 89' lang='lat' dir='ltr'><strong>boc</strong></span> <span class='ocrx_word' id='word_1_90' title='bbox 1046 1061 1061 1085; x_wconf 88' lang='lat'>‚</span> <span class='ocrx_word' id='word_1_91' title='bbox 1094 1018 1248 1090; x_wconf 85' lang='lat' dir='ltr'><strong>quod</strong></span> <span class='ocrx_word' id='word_1_92' title='bbox 1271 1015 1344 1092; x_wconf 77' lang='lat'><strong>[*]</strong></span> <span class='ocrx_word' id='word_1_93' title='bbox 1369 1017 1510 1074; x_wconf 84' lang='lat' dir='ltr'><strong>deus</strong></span> <span class='ocrx_word' id='word_1_94' title='bbox 1529 1018 1914 1076; x_wconf 82' lang='lat' dir='ltr'><strong>humanarum</strong></span> <span class='ocrx_word' id='word_1_95' title='bbox 1931 1039 2016 1074; x_wconf 87' lang='lat' dir='ltr'><strong>re-</strong></span> 
     </span>
     <span class='ocr_line' id='line_1_13' title="bbox 403 1092 2012 1168; baseline -0.001 -16"><span class='ocrx_word' id='word_1_96' title='bbox 403 1115 527 1154; x_wconf 83' lang='lat' dir='ltr'><strong>rum</strong></span> <span class='ocrx_word' id='word_1_97' title='bbox 554 1113 717 1152; x_wconf 80' lang='lat' dir='ltr'><strong>curae</strong></span> <span class='ocrx_word' id='word_1_98' title='bbox 748 1095 1007 1151; x_wconf 84' lang='lat' dir='ltr'><strong>attendat.</strong></span> <span class='ocrx_word' id='word_1_99' title='bbox 1083 1093 1241 1162; x_wconf 87' lang='lat' dir='ltr'><strong>Quod</strong></span> <span class='ocrx_word' id='word_1_100' title='bbox 1271 1092 1322 1150; x_wconf 89' lang='lat' dir='ltr'><strong>si</strong></span> <span class='ocrx_word' id='word_1_101' title='bbox 1342 1092 1524 1150; x_wconf 88' lang='lat' dir='ltr'><strong>adhuc</strong></span> <span class='ocrx_word' id='word_1_102' title='bbox 1540 1092 1776 1150; x_wconf 80' lang='lat' dir='ltr'><strong>dubitas</strong></span> <span class='ocrx_word' id='word_1_103' title='bbox 1795 1095 2012 1168; x_wconf 84' lang='lat' dir='ltr'><strong>aliqua·</strong></span> 
     </span>
     <span class='ocr_line' id='line_1_14' title="bbox 402 1179 921 1235; baseline -0.004 -8"><span class='ocrx_word' id='word_1_104' title='bbox 402 1181 565 1228; x_wconf 81' lang='lat' dir='ltr'><strong>tenus</strong></span> <span class='ocrx_word' id='word_1_105' title='bbox 578 1211 592 1235; x_wconf 81' lang='grc'>,</span> <span class='ocrx_word' id='word_1_106' title='bbox 624 1188 697 1226; x_wconf 87' lang='lat' dir='ltr'><strong>ne</strong></span> <span class='ocrx_word' id='word_1_107' title='bbox 720 1179 921 1226; x_wconf 81' lang='lat' dir='ltr'><strong>taceas.</strong></span> 
     </span>
    </p>
   </div>
   <div class='ocr_carea' id='block_1_3' title="bbox 401 1277 2002 1726">
    <p class='ocr_par' dir='ltr' id='par_1_3' title="bbox 401 1277 2002 1726">
     <span class='ocr_line' id='line_1_15' title="bbox 516 1277 2002 1334; baseline 0.001 -1"><span class='ocrx_word' id='word_1_108' title='bbox 516 1281 631 1333; x_wconf 86' lang='grc'><strong>113.</strong></span> <span class='ocrx_word' id='word_1_109' title='bbox 680 1278 804 1334; x_wconf 70' lang='lat' dir='ltr'><strong>Ata</strong></span> <span class='ocrx_word' id='word_1_110' title='bbox 818 1295 1074 1334; x_wconf 58' lang='lat' dir='ltr'><strong>xssnsa.</strong></span> <span class='ocrx_word' id='word_1_111' title='bbox 1131 1277 1378 1332; x_wconf 88' lang='lat' dir='ltr'><strong>Poenitet</strong></span> <span class='ocrx_word' id='word_1_112' title='bbox 1413 1293 1501 1331; x_wconf 88' lang='lat' dir='ltr'><strong>me</strong></span> <span class='ocrx_word' id='word_1_113' title='bbox 1533 1277 1603 1332; x_wconf 88' lang='lat' dir='ltr'><strong>de</strong></span> <span class='ocrx_word' id='word_1_114' title='bbox 1634 1280 2002 1334; x_wconf 80' lang='lat' dir='ltr'><strong>anterioribus</strong></span> 
     </span>
     <span class='ocr_line' id='line_1_16' title="bbox 401 1345 2001 1428; baseline 0.001 -21"><span class='ocrx_word' id='word_1_115' title='bbox 401 1369 622 1426; x_wconf 90' lang='lat' dir='ltr'><strong>quoque</strong></span> <span class='ocrx_word' id='word_1_116' title='bbox 644 1351 901 1426; x_wconf 86' lang='lat' dir='ltr'><strong>(dubiis),</strong></span> <span class='ocrx_word' id='word_1_117' title='bbox 942 1345 1076 1428; x_wconf 87' lang='lat' dir='ltr'><strong>quia</strong></span> <span class='ocrx_word' id='word_1_118' title='bbox 1096 1351 1166 1407; x_wconf 91' lang='lat' dir='ltr'><strong>ad</strong></span> <span class='ocrx_word' id='word_1_119' title='bbox 1187 1352 1406 1426; x_wconf 82' lang='lat' dir='ltr'><strong>singula</strong></span> <span class='ocrx_word' id='word_1_120' title='bbox 1425 1354 1648 1424; x_wconf 83' lang='lat' dir='ltr'><strong>copioso</strong></span> <span class='ocrx_word' id='word_1_121' title='bbox 1669 1353 1864 1414; x_wconf 87' lang='lat' dir='ltr'><strong>studio</strong></span> <span class='ocrx_word' id='word_1_122' title='bbox 1881 1371 2001 1427; x_wconf 80' lang='lat' dir='ltr'><strong>pro-</strong></span> 
     </span>
     <span class='ocr_line' id='line_1_17' title="bbox 401 1427 1999 1500; baseline 0 -18"><span class='ocrx_word' id='word_1_123' title='bbox 401 1428 579 1482; x_wconf 87' lang='lat' dir='ltr'><strong>tulisti</strong></span> <span class='ocrx_word' id='word_1_124' title='bbox 600 1427 851 1500; x_wconf 89' lang='lat' dir='ltr'><strong>opposita</strong></span> <span class='ocrx_word' id='word_1_125' title='bbox 871 1445 941 1483; x_wconf 86' lang='lat' dir='ltr'><strong>ex</strong></span> <span class='ocrx_word' id='word_1_126' title='bbox 960 1429 1125 1482; x_wconf 88' lang='lat' dir='ltr'><strong>rectis</strong></span> <span class='ocrx_word' id='word_1_127' title='bbox 1146 1428 1257 1482; x_wconf 86' lang='lat' dir='ltr'><strong>tuis</strong></span> <span class='ocrx_word' id='word_1_128' title='bbox 1277 1427 1796 1484; x_wconf 83' lang='lat' dir='ltr'><strong>ratiocinationibus</strong></span> <span class='ocrx_word' id='word_1_129' title='bbox 1809 1471 1823 1494; x_wconf 88' lang='lat'>‚</span> <span class='ocrx_word' id='word_1_130' title='bbox 1847 1430 1925 1484; x_wconf 88' lang='lat' dir='ltr'><strong>ita</strong></span> <span class='ocrx_word' id='word_1_131' title='bbox 1943 1437 1999 1483; x_wconf 88' lang='lat' dir='ltr'><strong>ut</strong></span> 
     </span>
     <span class='ocr_line' id='line_1_18' title="bbox 402 1501 1994 1576; baseline 0.001 -19"><span class='ocrx_word' id='word_1_132' title='bbox 402 1502 544 1557; x_wconf 83' lang='lat' dir='ltr'><strong>nihil</strong></span> <span class='ocrx_word' id='word_1_133' title='bbox 567 1502 938 1576; x_wconf 81' lang='lat' dir='ltr'><strong>superaddere</strong></span> <span class='ocrx_word' id='word_1_134' title='bbox 960 1501 1122 1558; x_wconf 87' lang='lat' dir='ltr'><strong>liceat</strong></span> <span class='ocrx_word' id='word_1_135' title='bbox 1139 1503 1259 1557; x_wconf 91' lang='lat' dir='ltr'><strong>sine</strong></span> <span class='ocrx_word' id='word_1_136' title='bbox 1279 1502 1620 1558; x_wconf 84' lang='lat' dir='ltr'><strong>discrimine.</strong></span> <span class='ocrx_word' id='word_1_137' title='bbox 1671 1503 1779 1558; x_wconf 88' lang='lat' dir='ltr'><strong>Pro</strong></span> <span class='ocrx_word' id='word_1_138' title='bbox 1799 1504 1994 1560; x_wconf 88' lang='lat' dir='ltr'><strong>bonore</strong></span> 
     </span>
     <span class='ocr_line' id='line_1_19' title="bbox 402 1569 1990 1654; baseline 0.001 -22"><span class='ocrx_word' id='word_1_139' title='bbox 402 1579 588 1651; x_wconf 89' lang='lat' dir='ltr'><strong>itaque</strong></span> <span class='ocrx_word' id='word_1_140' title='bbox 604 1620 616 1644; x_wconf 87' lang='lat'>‚</span> <span class='ocrx_word' id='word_1_141' title='bbox 658 1586 719 1632; x_wconf 90' lang='lat' dir='ltr'><strong>ut</strong></span> <span class='ocrx_word' id='word_1_142' title='bbox 746 1577 891 1633; x_wconf 80' lang='lat' dir='ltr'><strong>dixit</strong></span> <span class='ocrx_word' id='word_1_143' title='bbox 908 1578 1042 1632; x_wconf 90' lang='lat' dir='ltr'><strong>olim</strong></span> <span class='ocrx_word' id='word_1_144' title='bbox 1060 1577 1356 1648; x_wconf 75' lang='lat' dir='ltr'><strong>Pindarus,</strong></span> <span class='ocrx_word' id='word_1_145' title='bbox 1401 1569 1688 1654; x_wconf 79' lang='lat' dir='ltr'><strong>silentium</strong></span> <span class='ocrx_word' id='word_1_146' title='bbox 1710 1577 1990 1634; x_wconf 88' lang='lat' dir='ltr'><strong>laetabun-</strong></span> 
     </span>
     <span class='ocr_line' id='line_1_20' title="bbox 404 1651 1442 1726; baseline -0.002 -18"><span class='ocrx_word' id='word_1_147' title='bbox 404 1651 509 1708; x_wconf 91' lang='lat' dir='ltr'><strong>dus</strong></span> <span class='ocrx_word' id='word_1_148' title='bbox 531 1653 853 1726; x_wconf 76' lang='lat' dir='ltr'><strong>suscipiam.</strong></span> <span class='ocrx_word' id='word_1_149' title='bbox 1412 1667 1442 1686; x_wconf 80' lang='grc'><strong>“</strong></span> 
     </span>
    </p>
   </div>
   <div class='ocr_carea' id='block_1_4' title="bbox 402 1760 1984 2136">
    <p class='ocr_par' dir='ltr' id='par_1_4' title="bbox 402 1760 1984 2136">
     <span class='ocr_line' id='line_1_21' title="bbox 520 1760 1984 1836; baseline -0.001 -19"><span class='ocrx_word' id='word_1_150' title='bbox 520 1765 633 1818; x_wconf 75' lang='grc'><strong>114.</strong></span> <span class='ocrx_word' id='word_1_151' title='bbox 673 1763 881 1818; x_wconf 71' lang='lat' dir='ltr'><strong>Pauo.</strong></span> <span class='ocrx_word' id='word_1_152' title='bbox 930 1763 1047 1836; x_wconf 84' lang='lat' dir='ltr'><strong>Ego</strong></span> <span class='ocrx_word' id='word_1_153' title='bbox 1075 1771 1258 1824; x_wconf 85' lang='lat' dir='ltr'><strong>tamen</strong></span> <span class='ocrx_word' id='word_1_154' title='bbox 1285 1779 1394 1820; x_wconf 88' lang='lat' dir='ltr'><strong>non</strong></span> <span class='ocrx_word' id='word_1_155' title='bbox 1421 1760 1648 1816; x_wconf 83' lang='lat' dir='ltr'><strong>cessabo</strong></span> <span class='ocrx_word' id='word_1_156' title='bbox 1677 1761 1864 1832; x_wconf 84' lang='lat' dir='ltr'><strong>adhuc</strong></span> <span class='ocrx_word' id='word_1_157' title='bbox 1897 1779 1984 1818; x_wconf 87' lang='lat' dir='ltr'><strong>ne-</strong></span> 
     </span>
     <span class='ocr_line' id='line_1_22' title="bbox 406 1835 1980 1910; baseline -0.002 -17"><span class='ocrx_word' id='word_1_158' title='bbox 406 1839 706 1894; x_wconf 89' lang='lat' dir='ltr'><strong>cessarium</strong></span> <span class='ocrx_word' id='word_1_159' title='bbox 738 1838 807 1893; x_wconf 92' lang='lat' dir='ltr'><strong>de</strong></span> <span class='ocrx_word' id='word_1_160' title='bbox 834 1838 1182 1910; x_wconf 85' lang='lat' dir='ltr'><strong>providentia</strong></span> <span class='ocrx_word' id='word_1_161' title='bbox 1212 1837 1483 1909; x_wconf 82' lang='lat' dir='ltr'><strong>adaugere</strong></span> <span class='ocrx_word' id='word_1_162' title='bbox 1511 1835 1778 1902; x_wconf 83' lang='lat' dir='ltr'><strong>verbum,</strong></span> <span class='ocrx_word' id='word_1_163' title='bbox 1821 1854 1980 1909; x_wconf 86' lang='lat' dir='ltr'><strong>quon-</strong></span> 
     </span>
     <span class='ocr_line' id='line_1_23' title="bbox 406 1911 1976 1982; baseline -0.004 -13"><span class='ocrx_word' id='word_1_164' title='bbox 406 1917 516 1969; x_wconf 89' lang='lat' dir='ltr'><strong>iam</strong></span> <span class='ocrx_word' id='word_1_165' title='bbox 554 1915 796 1968; x_wconf 88' lang='lat' dir='ltr'><strong>anterius</strong></span> <span class='ocrx_word' id='word_1_166' title='bbox 834 1920 1019 1978; x_wconf 88' lang='lat' dir='ltr'><strong>contra</strong></span> <span class='ocrx_word' id='word_1_167' title='bbox 1059 1912 1423 1967; x_wconf 90' lang='lat' dir='ltr'><strong>obiectionem</strong></span> <span class='ocrx_word' id='word_1_168' title='bbox 1471 1919 1846 1982; x_wconf 85' lang='lat' dir='ltr'><strong>comparatum</strong></span> <span class='ocrx_word' id='word_1_169' title='bbox 1889 1911 1976 1966; x_wconf 83' lang='lat' dir='ltr'><strong>suit</strong></span> 
     </span>
     <span class='ocr_line' id='line_1_24' title="bbox 402 1986 1976 2060; baseline -0.002 -17"><span class='ocrx_word' id='word_1_170' title='bbox 402 1989 559 2044; x_wconf 86' lang='lat' dir='ltr'><strong>velut</strong></span> <span class='ocrx_word' id='word_1_171' title='bbox 580 1988 846 2044; x_wconf 81' lang='lat' dir='ltr'><strong>contraria</strong></span> <span class='ocrx_word' id='word_1_172' title='bbox 866 1987 1168 2060; x_wconf 83' lang='lat' dir='ltr'><strong>persuasio.</strong></span> <span class='ocrx_word' id='word_1_173' title='bbox 1229 1986 1385 2053; x_wconf 88' lang='lat' dir='ltr'><strong>Quod</strong></span> <span class='ocrx_word' id='word_1_174' title='bbox 1412 1994 1592 2040; x_wconf 89' lang='lat' dir='ltr'><strong>autem</strong></span> <span class='ocrx_word' id='word_1_175' title='bbox 1613 1995 1879 2058; x_wconf 79' lang='lat' dir='ltr'><strong>superest,</strong></span> <span class='ocrx_word' id='word_1_176' title='bbox 1901 2003 1976 2040; x_wconf 81' lang='lat' dir='ltr'><strong>se-</strong></span> 
     </span>
     <span class='ocr_line' id='line_1_25' title="bbox 404 2061 1876 2136; baseline -0.002 -18"><span class='ocrx_word' id='word_1_177' title='bbox 404 2064 636 2136; x_wconf 87' lang='lat' dir='ltr'><strong>paratim</strong></span> <span class='ocrx_word' id='word_1_178' title='bbox 659 2072 949 2135; x_wconf 88' lang='lat' dir='ltr'><strong>apparatus</strong></span> <span class='ocrx_word' id='word_1_179' title='bbox 970 2064 1075 2118; x_wconf 82' lang='lat' dir='ltr'><strong>erit</strong></span> <span class='ocrx_word' id='word_1_180' title='bbox 1091 2063 1428 2133; x_wconf 83' lang='lat' dir='ltr'><strong>quaestionis</strong></span> <span class='ocrx_word' id='word_1_181' title='bbox 1447 2067 1706 2132; x_wconf 87' lang='lat' dir='ltr'><strong>certaque</strong></span> <span class='ocrx_word' id='word_1_182' title='bbox 1727 2061 1876 2116; x_wconf 86' lang='lat' dir='ltr'><strong>fides.</strong></span> 
     </span>
    </p>
   </div>
   <div class='ocr_carea' id='block_1_5' title="bbox 402 2169 2059 2768">
    <p class='ocr_par' dir='ltr' id='par_1_5' title="bbox 405 2169 2059 2305">
     <span class='ocr_line' id='line_1_26' title="bbox 518 2169 2059 2244; baseline 0.001 -18"><span class='ocrx_word' id='word_1_183' title='bbox 518 2174 632 2227; x_wconf 85' lang='grc'><strong>115.</strong></span> <span class='ocrx_word' id='word_1_184' title='bbox 672 2169 1062 2234; x_wconf 58' lang='lat' dir='ltr'><strong>Auximon.</strong></span> <span class='ocrx_word' id='word_1_185' title='bbox 1111 2171 1257 2244; x_wconf 84' lang='lat' dir='ltr'><strong>Ergo</strong></span> <span class='ocrx_word' id='word_1_186' title='bbox 1277 2179 1492 2242; x_wconf 87' lang='lat' dir='ltr'><strong>tempus</strong></span> <span class='ocrx_word' id='word_1_187' title='bbox 1519 2171 1602 2224; x_wconf 81' lang='lat' dir='ltr'><strong>es&#39;t</strong></span> <span class='ocrx_word' id='word_1_188' title='bbox 1627 2180 1970 2244; x_wconf 85' lang='lat' dir='ltr'><strong>opportunum</strong></span> <span class='ocrx_word' id='word_1_189' title='bbox 2058 2203 2059 2227; x_wconf 48' lang='grc' dir='ltr'>ι</span> 
     </span>
     <span class='ocr_line' id='line_1_27' title="bbox 405 2243 1377 2305; baseline -0.002 -3"><span class='ocrx_word' id='word_1_190' title='bbox 405 2247 546 2305; x_wconf 89' lang='lat' dir='ltr'><strong>mihi</strong></span> <span class='ocrx_word' id='word_1_191' title='bbox 567 2245 915 2305; x_wconf 79' lang='lat' dir='ltr'><strong>auscultandi</strong></span> <span class='ocrx_word' id='word_1_192' title='bbox 934 2253 988 2302; x_wconf 84' lang='lat' dir='ltr'><strong>et</strong></span> <span class='ocrx_word' id='word_1_193' title='bbox 1006 2245 1111 2301; x_wconf 90' lang='lat' dir='ltr'><strong>tibi</strong></span> <span class='ocrx_word' id='word_1_194' title='bbox 1133 2243 1377 2300; x_wconf 89' lang='lat' dir='ltr'><strong>dicendi.</strong></span> 
     </span>
    </p>

    <p class='ocr_par' dir='ltr' id='par_1_6' title="bbox 402 2318 2057 2768">
     <span class='ocr_line' id='line_1_28' title="bbox 514 2318 2057 2394; baseline -0.001 -18"><span class='ocrx_word' id='word_1_195' title='bbox 514 2323 721 2378; x_wconf 70' lang='lat' dir='ltr'><strong>Pauo.</strong></span> <span class='ocrx_word' id='word_1_196' title='bbox 762 2319 900 2390; x_wconf 81' lang='lat' dir='ltr'><strong>Mihi</strong></span> <span class='ocrx_word' id='word_1_197' title='bbox 921 2318 1150 2394; x_wconf 84' lang='lat' dir='ltr'><strong>quidem</strong></span> <span class='ocrx_word' id='word_1_198' title='bbox 1169 2337 1385 2393; x_wconf 88' lang='lat' dir='ltr'><strong>semper</strong></span> <span class='ocrx_word' id='word_1_199' title='bbox 1403 2328 1620 2392; x_wconf 83' lang='lat' dir='ltr'><strong>tempus</strong></span> <span class='ocrx_word' id='word_1_200' title='bbox 1642 2328 1725 2386; x_wconf 82' lang='lat' dir='ltr'><strong>est</strong></span> <span class='ocrx_word' id='word_1_201' title='bbox 1749 2319 1970 2392; x_wconf 87' lang='lat' dir='ltr'><strong>philoso-</strong></span> <span class='ocrx_word' id='word_1_202' title='bbox 2055 2343 2057 2354; x_wconf 68' lang='lat'>2</span> 
     </span>
     <span class='ocr_line' id='line_1_29' title="bbox 403 2394 1965 2466; baseline -0.003 -16"><span class='ocrx_word' id='word_1_203' title='bbox 403 2395 645 2466; x_wconf 83' lang='lat' dir='ltr'><strong>phandi,</strong></span> <span class='ocrx_word' id='word_1_204' title='bbox 688 2397 779 2450; x_wconf 89' lang='lat' dir='ltr'><strong>cui</strong></span> <span class='ocrx_word' id='word_1_205' title='bbox 812 2394 1070 2456; x_wconf 82' lang='lat' dir='ltr'><strong>dedicavi</strong></span> <span class='ocrx_word' id='word_1_206' title='bbox 1096 2395 1269 2450; x_wconf 88' lang='lat' dir='ltr'><strong>vitam</strong></span> <span class='ocrx_word' id='word_1_207' title='bbox 1298 2413 1478 2451; x_wconf 87' lang='lat' dir='ltr'><strong>meam</strong></span> <span class='ocrx_word' id='word_1_208' title='bbox 1495 2394 1680 2450; x_wconf 87' lang='lat' dir='ltr'><strong>studio</strong></span> <span class='ocrx_word' id='word_1_209' title='bbox 1700 2395 1965 2450; x_wconf 79' lang='lat' dir='ltr'><strong>addictam.</strong></span> 
     </span>
     <span class='ocr_line' id='line_1_30' title="bbox 404 2469 2055 2542; baseline 0.002 -20"><span class='ocrx_word' id='word_1_210' title='bbox 404 2469 575 2524; x_wconf 79' lang='lat' dir='ltr'><strong>Multa</strong></span> <span class='ocrx_word' id='word_1_211' title='bbox 593 2478 793 2534; x_wconf 89' lang='lat' dir='ltr'><strong>tamen,</strong></span> <span class='ocrx_word' id='word_1_212' title='bbox 816 2480 925 2525; x_wconf 88' lang='lat' dir='ltr'><strong>tam</strong></span> <span class='ocrx_word' id='word_1_213' title='bbox 945 2471 1311 2525; x_wconf 88' lang='lat' dir='ltr'><strong>inconstantia</strong></span> <span class='ocrx_word' id='word_1_214' title='bbox 1329 2487 1495 2542; x_wconf 89' lang='lat' dir='ltr'><strong>quam</strong></span> <span class='ocrx_word' id='word_1_215' title='bbox 1517 2470 1775 2536; x_wconf 79' lang='lat' dir='ltr'><strong>iucunda,</strong></span> <span class='ocrx_word' id='word_1_216' title='bbox 1797 2479 1970 2526; x_wconf 83' lang='lat' dir='ltr'><strong>vocant</strong></span> <span class='ocrx_word' id='word_1_217' title='bbox 2053 2509 2055 2526; x_wconf 65' lang='lat'><em>2</em></span> 
     </span>
     <span class='ocr_line' id='line_1_31' title="bbox 404 2544 1968 2617; baseline 0.004 -25"><span class='ocrx_word' id='word_1_218' title='bbox 404 2557 493 2594; x_wconf 88' lang='lat' dir='ltr'><strong>me</strong></span> <span class='ocrx_word' id='word_1_219' title='bbox 508 2579 522 2601; x_wconf 82' lang='lat'>‚</span> <span class='ocrx_word' id='word_1_220' title='bbox 562 2558 704 2612; x_wconf 89' lang='lat' dir='ltr'><strong>quae</strong></span> <span class='ocrx_word' id='word_1_221' title='bbox 733 2561 841 2598; x_wconf 93' lang='lat' dir='ltr'><strong>non</strong></span> <span class='ocrx_word' id='word_1_222' title='bbox 860 2545 989 2600; x_wconf 89' lang='lat' dir='ltr'><strong>licet</strong></span> <span class='ocrx_word' id='word_1_223' title='bbox 1005 2552 1372 2600; x_wconf 88' lang='lat' dir='ltr'><strong>contemnere.</strong></span> <span class='ocrx_word' id='word_1_224' title='bbox 1449 2545 1590 2600; x_wconf 87' lang='lat' dir='ltr'><strong>Veni</strong></span> <span class='ocrx_word' id='word_1_225' title='bbox 1609 2545 1792 2617; x_wconf 87' lang='lat' dir='ltr'><strong>itaque</strong></span> <span class='ocrx_word' id='word_1_226' title='bbox 1809 2544 1866 2601; x_wconf 86' lang='lat' dir='ltr'><strong>ad</strong></span> <span class='ocrx_word' id='word_1_227' title='bbox 1882 2562 1968 2599; x_wconf 90' lang='lat' dir='ltr'><strong>ae-</strong></span> 
     </span>
     <span class='ocr_line' id='line_1_32' title="bbox 402 2616 2053 2694; baseline 0.008 -33"><span class='ocrx_word' id='word_1_228' title='bbox 402 2619 681 2668; x_wconf 85' lang='lat' dir='ltr'><strong>ternorum</strong></span> <span class='ocrx_word' id='word_1_229' title='bbox 707 2616 1199 2688; x_wconf 86' lang='lat' dir='ltr'><strong>dispensationem,</strong></span> <span class='ocrx_word' id='word_1_230' title='bbox 1241 2628 1303 2675; x_wconf 91' lang='lat' dir='ltr'><strong>ut</strong></span> <span class='ocrx_word' id='word_1_231' title='bbox 1331 2617 1403 2694; x_wconf 71' lang='lat'><strong>[¹¹⁶]</strong></span> <span class='ocrx_word' id='word_1_232' title='bbox 1427 2620 1592 2675; x_wconf 88' lang='lat' dir='ltr'><strong>etiam</strong></span> <span class='ocrx_word' id='word_1_233' title='bbox 1609 2636 1818 2675; x_wconf 89' lang='lat' dir='ltr'><strong>mecum</strong></span> <span class='ocrx_word' id='word_1_234' title='bbox 1833 2621 1970 2675; x_wconf 85' lang='lat' dir='ltr'><strong>inso-</strong></span> <span class='ocrx_word' id='word_1_235' title='bbox 2051 2655 2053 2660; x_wconf 90' lang='lat'><em>-</em></span> 
     </span>
     <span class='ocr_line' id='line_1_33' title="bbox 405 2681 1970 2768; baseline 0.011 -35"><span class='ocrx_word' id='word_1_236' title='bbox 405 2681 635 2740; x_wconf 76' lang='lat' dir='ltr'><strong>labilem</strong></span> <span class='ocrx_word' id='word_1_237' title='bbox 654 2689 858 2746; x_wconf 87' lang='lat' dir='ltr'><strong>babeas</strong></span> <span class='ocrx_word' id='word_1_238' title='bbox 878 2693 971 2765; x_wconf 87' lang='lat' dir='ltr'><strong>(te)</strong></span> <span class='ocrx_word' id='word_1_239' title='bbox 990 2692 1293 2749; x_wconf 85' lang='lat' dir='ltr'><strong>auditorem</strong></span> <span class='ocrx_word' id='word_1_240' title='bbox 1309 2735 1321 2758; x_wconf 84' lang='lat'><em>‚</em></span> <span class='ocrx_word' id='word_1_241' title='bbox 1352 2695 1450 2766; x_wconf 88' lang='lat' dir='ltr'><strong>qui</strong></span> <span class='ocrx_word' id='word_1_242' title='bbox 1469 2695 1692 2755; x_wconf 85' lang='lat' dir='ltr'><strong>interim</strong></span> <span class='ocrx_word' id='word_1_243' title='bbox 1709 2697 1924 2768; x_wconf 84' lang='lat' dir='ltr'><strong>respiret</strong></span> <span class='ocrx_word' id='word_1_244' title='bbox 1941 2713 1970 2750; x_wconf 90' lang='lat' dir='ltr'><strong>a</strong></span> 
     </span>
    </p>
   </div>
   <div class='ocr_carea' id='block_1_6' title="bbox 2048 2371 2059 2943">
    <p class='ocr_par' dir='ltr' id='par_1_7' title="bbox 2048 2371 2059 2943">
     <span class='ocr_line' id='line_1_34' title="bbox 2048 2371 2059 2943; baseline 0 0"><span class='ocrx_word' id='word_1_245' title='bbox 2048 2371 2059 2943; x_wconf 95' lang='lat' dir='ltr'><strong> </strong></span> 
     </span>
    </p>
   </div>
  </div>
 </body>
</html>
