2125 3084
334 145 431 197 646
828 152 1067 197 PHILO
1102 146 1445 197 mDAEUs
1721 148 1810 213 [ιι
1837 152 1960 216 605]

332 260 452 305 tura
480 267 657 322 aquae
684 268 747 305 se
776 268 880 307 non
900 253 1149 307 solvente
1160 246 1239 325 *);
1285 250 1564 323 quomodo
1579 268 1828 308 oceanus
1849 272 1962 310 ex-

332 329 505 381 terius
528 334 727 380 terram
758 329 903 383 muri
930 328 1115 382 instar·
1129 327 1544 390 circumcludit,
1591 335 1761 404 atque
1782 346 1958 402 agre-

333 410 445 456 stes
474 409 723 465 naturas,
767 418 907 473 quae
936 403 1082 457 ultra
1111 419 1232 457 eam
1260 402 1508 459 habitare
1535 402 1832 469 dicuntur,
1887 406 1953 461 in

334 486 573 531 nostram
592 486 791 532 terram
810 479 1043 532 transire
1073 478 1387 549 prohibuit,
1421 478 1573 531 'circa
1603 486 1810 533 terram
1839 496 1950 533 au-

332 562 443 607 tem
466 550 642 607 fluens
655 594 668 616 ‚
694 568 801 606 non
822 554 882 606 in
902 569 1049 607 mare
1069 554 1340 608 convertit
1357 552 1586 608 aridam.
1653 552 1817 618 Quod
1835 572 1946 608 au·-

332 636 443 681 tem
458 628 711 681 omnium
732 637 818 682 est·
831 628 1332 693 mirabilissimum‚
1363 633 1600 691 nostram
1619 625 1944 684 fluctuatio-

334 718 460 757 nem
488 702 753 757 divinitas
784 703 1027 767 sedavit,
1079 705 1378 758 terminum
1415 702 1770 775 separationis
1799 706 1940 758 uni-

332 779 537 850 cuique
554 794 837 850 opponens
856 778 1175 835 violentiam
1197 787 1250 833 et
1267 777 1558 833 moderans
1578 780 1930 843 immensum,

332 870 425 909 ore
444 854 610 909 maris
630 854 989 909 concludente
1010 863 1251 909 atomum
1267 894 1280 917 ‚
1319 856 1534 909 cunetis
1565 863 1743 908 autem
1769 867 1936 924 prae-

332 937 547 1001 postere
562 926 634 1003 [Ἴ
648 928 979 1002 vagantibus
1001 928 1310 983 firmitatem
1331 928 1583 983 stationis
1605 928 1932 984 concedens.

332 1004 393 1058 In
418 1004 650 1059 istorum
676 1004 1112 1059 testificationem
1143 1004 1260 1076 fugi
1277 1036 1302 1067 ‚·
1330 1004 1390 1059 in
1420 1004 1619 1059 horum
1647 1012 1940 1075 spectacu-

334 1080 449 1133 lum
479 1079 779 1151 perductus
808 1079 918 1143 fui,
950 1088 1011 1134 ut
1036 1079 1140 1135 deo
1169 1078 1608 1151 reprehendente
1637 1078 1708 1133 de
1734 1096 1824 1134 me
1843 1096 1940 1134 ao—

334 1155 673 1209 cusationem
692 1156 1016 1227 reciperem.
1411 1156 1416 1163 ’

447 1242 530 1297 44.
570 1240 807 1312 Fugisti‚
832 1258 863 1295 o
885 1240 1142 1295 divinum
1164 1246 1344 1310 caput,
1368 1246 1428 1293 tu
1449 1239 1570 1311 ipse
1590 1241 1936 1295 reviviscens

239 1306 247 1311 ⁵
336 1316 585 1385 loquere3
620 1314 815 1387 fugisti
845 1332 875 1369 a
906 1316 1035 1370 deo:
1071 1332 1236 1386 quem
1263 1322 1444 1368 tamen
1467 1314 1640 1369 situm
1661 1332 1691 1369 a
1712 1316 1817 1370 deo
1839 1334 1939 1371 va-

336 1406 501 1444 cuum
521 1390 847 1445 inventurus
870 1386 1027 1445 eras?
1052 1392 1172 1445 Non
1185 1390 1438 1463 legistiin
1451 1389 1602 1462 lege:
1628 1392 1938 1446 Nonnema-

334 1482 431 1518 nus
443 1480 553 1519 mea
561 1469 1005 1534 sundavitterram
1018 1476 1065 1519 et
1077 1470 1294 1522 dextera
1305 1483 1414 1519 mea
1435 1476 1493 1519 ut
1511 1472 1938 1535 manufactus-am

332 1544 453 1609 revit
466 1538 701 1595 caelum?
712 1548 815 1605 (Pe.
830 1550 942 1607 102,
956 1546 1060 1606 26.)
1093 1540 1249 1606 Qu'od
1260 1541 1309 1593 si
1319 1549 1471 1595 extra
1481 1550 1680 1595 terram
1692 1551 1938 1596 transtu-

336 1616 495 1670 lisses
516 1622 568 1670 te
589 1624 641 1669 et
660 1615 803 1669 ultra
824 1617 1113 1671 caelestem
1125 1615 1415 1693 sphaeram
1425 1616 1785 1681 transilisseS,
1803 1633 1936 1671 num

334 1692 499 1746 etiam
520 1690 586 1764 (s,
608 1690 855 1764 fortasse)
877 1692 945 1746 ab
976 1692 1170 1747 horum
1200 1691 1479 1745 conditore
1507 1691 1684 1745 celare
1706 1701 1761 1746 te
1781 1702 1936 1763 pote-

336 1766 459 1822 ras‘?
496 1766 721 1823 Scilicet
740 1784 840 1821 nec
860 1767 1146 1823 hominum
1169 1766 1305 1820 fines
1327 1776 1441 1821 erat
1459 1766 1563 1820 tibi
1583 1769 1818 1821 transire
1840 1786 1936 1822 ne·-

334 1859 443 1914 que
473 1841 541 1896 ab
554 1843 755 1897 ‘omnia
780 1852 1033 1897 cernente
1052 1842 1213 1896 oculo
1233 1842 1419 1913 aliquo
1438 1840 1728 1915 diffugere.
1813 1843 1932 1897 Sic—

332 1926 394 1972 ut
422 1934 551 1990 ergo
571 1919 813 1989 optimus
832 1926 1057 1973 venator
1079 1918 1210 1986 artis
1227 1919 1540 1980 venatoriae
1561 1919 1775 1989 peritus
1793 1960 1805 1981 ‚
1839 1919 1934 1974 ab·

334 1994 659 2048 errationem
687 1993 927 2048 venandi
956 1994 1136 2047 i’ocose
1167 1992 1323 2065 fingit
1342 2000 1395 2047 et
1414 1994 1684 2063 permittit
1705 1993 1928 2049 animali

334 2068 482 2140 quod
504 2069 691 2122 venari
713 2068 850 2132 vult,
875 2068 1084 2140 fugere,
1109 2066 1373 2122 claudens
1395 2078 1550 2122 antea
1571 2085 1764 2123 omnes
1785 2086 1930 2123 mea-

336 2140 422 2196 tu's
454 2142 521 2197 ad
550 2142 740 2215 fugam
768 2140 1001 2215 pestque
1036 2158 1262 2198 cursum
1297 2143 1687 2198 circumcludit
1725 2144 1929 2199 instru-

333 2219 536 2272 mentis
564 2218 905 2274 venandum:
950 2219 1208 2272 similiter
1223 2218 1522 2279 hominum
1555 2228 1784 2274 venator
1813 2228 1928 2292 post

333 2293 569 2346 multum
588 2293 756 2347 maris
778 2306 1001 2347 cursum
1022 2292 1328 2347 retroduxit
1349 2301 1402 2348 et
1423 2293 1615 2347 eduxit
1644 2295 1702 2347 in
1735 2304 1925 2349 terram

286 2408 301 2421 .
334 2364 632 2436 fugitivum
649 2408 661 2429 ‚
713 2374 875 2437 atque
911 2369 988 2423 ita
1024 2369 1406 2451 instrumentis
1442 2369 1769 2441 prophetiae
1805 2386 1927 2441 eum

333 2448 563 2493 venatus
584 2448 686 2494 est.
1127 2496 1134 2505 ,
1245 2442 1250 2449 ’

447 2514 528 2563 45.
572 2512 687 2583 (Ille
711 2531 837 2569 vero
857 2532 1045 2569 rursus
1067 2515 1211 2570 fatus
1231 2516 1364 2589 θέτε)
1398 2518 1517 2573 Non
1534 2518 1724 2572 inanis
1747 2536 1930 2574 cursor

1046 2608 1084 2623 a

436 2645 475 2688 *)
528 2646 696 2695 Anceps
724 2656 815 2691 erat
839 2664 1011 2699 sensns.
1058 2656 1117 2691 ita
1144 2660 1192 2695 ut
1217 2661 1302 2697 tam
1331 2658 1384 2697 ad
1413 2660 1566 2699 molem
1601 2670 1762 2709 aquae,
1810 2672 1932 2711 quam

334 2692 387 2729 ad
414 2696 567 2732 terram
594 2698 741 2737 referri
764 2708 924 2748 posset.
977 2702 1136 2743 Auch-
1605 2722 1612 2727 ·
1831 2712 1834 2714 Α
