2125 3084
190 192 253 259 [1,
278 191 367 257 26.]
461 198 559 243 DE
599 196 1146 246 PROVIDENTIA
1181 202 1434 247 SERMO
1473 203 1510 245 ῐ.
1715 197 1778 251 35

188 300 438 354 omnium
474 298 724 362 omnim,
768 315 909 370 quae
942 305 1071 353 sunt
1100 299 1156 352 in
1187 307 1354 363 terra,
1397 318 1516 355 eam
1545 320 1664 357 esse
1695 305 1782 358 vi-

186 372 355 429 vendi
396 390 638 428 oausam.

298 500 384 552 54.
424 497 493 551 Et
512 497 652 569 quid
672 498 927 571 imperite
947 499 1063 570 agit
1083 497 1455 568 providentia,
1499 501 1556 554 in
1581 501 1779 573 impios

182 588 390 647 paucos
429 588 657 627 numero
689 572 919 627 fulmine
949 572 1418 637 animadvertens,
1461 583 1522 629 ut
1549 576 1678 629 mali
1709 578 1782 630 ti-

182 664 334 703 more
364 648 470 702 acti
510 646 913 719 providentiam
950 646 1198 702 ediscant
1226 678 1301 689 -
1327 650 1538 721 quippe
1575 651 1672 721 qui
1712 668 1780 706 ex

182 732 379 777 natura
407 722 524 776 sint
545 722 795 778 rationali
817 753 919 786 —‚
950 739 1021 777 ne
1050 738 1334 777 servorum
1367 740 1541 789 more,
1587 725 1698 779 imo
1728 736 1780 781 et

181 799 498 861 brutorum,
541 814 672 869 prae
698 798 916 851 inscitia
938 797 1136 851 acriter
1154 798 1432 870 castigati,
1476 798 1779 855 universim

178 873 343 927 morti
375 871 682 937 tradantur,
716 889 890 945 quum
916 872 1094 926 nolint
1111 888 1324 927 cessare
1345 890 1372 927 a
1397 873 1644 929 malitia?
1681 876 1781 931 Ni-

178 946 264 1002 hil
287 947 435 1001 enim
456 955 563 1011 est,
595 947 744 1019 quod
763 946 1112 1019 providentia
1133 946 1422 1017 despiciat.
1497 950 1568 1003 Et
1597 948 1780 1020 profe-

178 1028 271 1077 cto
291 1021 646 1095 benignitatis
666 1030 749 1077 est
769 1030 1152 1095 argumentum
1172 1020 1232 1075 id
1253 1038 1490 1094 quoque,
1513 1025 1661 1095 quod
1683 1042 1781 1079 su-

177 1112 285 1169 per
304 1106 436 1149 saxa
457 1096 717 1170 lignaque
738 1096 1040 1152 identidem
1061 1095 1258 1151 cadant
1278 1095 1536 1167 fulmina3
1601 1101 1779 1154 moni—

176 1172 353 1227 tionis
392 1171 539 1225 enim
577 1190 739 1227 causa
778 1173 851 1227 ita
892 1171 1140 1243 disponit
1163 1172 1536 1244 providentia,
1588 1174 1778 1229 nolens

176 1246 406 1319 penitus
442 1245 625 1302 delere
660 1264 835 1321 genus
864 1246 1196 1310 humanum,
1239 1262 1304 1301 ac
1332 1256 1589 1303 terrorem
1618 1266 1778 1321 prae-

179 1322 278 1376 bet
292 1362 304 1385 ,
336 1336 492 1375 suam
512 1321 980 1395 longanimitatem
1000 1320 1357 1377 manifestans
1381 1320 1454 1398 [Ἴ
1477 1324 1636 1379 elatis
1657 1326 1779 1379 ani-

178 1412 300 1460 mo,
342 1404 505 1467 atque
542 1406 603 1451 ut
640 1398 965 1471 vigilantem
1002 1396 1454 1453 deliberationem
1493 1400 1771 1471 arripiant,

180 1470 468 1527 evidenter
497 1472 792 1527 ostendens
826 1472 884 1525 in
912 1471 1240 1529 visibilibus
1271 1473 1556 1530 elementis
1583 1484 1777 1547 poten-

178 1548 315 1602 tiam
342 1564 520 1602 suam.

292 1676 378 1727 55.
418 1672 543 1728 Noli
566 1680 748 1727 autem
768 1672 1039 1739 dubitare,
1069 1685 1273 1731 amator
1291 1677 1558 1738 veritatiS,
1584 1674 1652 1729 de
1673 1674 1773 1730 do-

177 1747 356 1803 ctrina
386 1763 561 1819 nuper
591 1747 865 1819 exposita,
914 1766 1088 1821 quum
1119 1752 1281 1805 etiam
1313 1768 1382 1806 ex
1412 1749 1596 1819 lapide
1625 1750 1772 1821 ignis

177 1838 290 1877 non
320 1821 573 1892 prodeat,
616 1823 664 1875 si
696 1822 866 1894 lapidi
894 1824 1098 1895 aliquis
1120 1824 1282 1879 homo
1303 1841 1409 1879 non
1433 1822 1652 1877 accedat
1673 1840 1775 1877 nec

178 1896 326 1952 adsit
346 1896 444 1967 qui
463 1914 589 1951 eum
610 1897 812 1951 eliciat.
892 1898 1184 1969 Siquidem
1205 1899 1367 1953 debet
1387 1898 1612 1951 materia
1643 1914 1774 1953 exa-

176 1972 350 2027 nimis
371 1971 699 2042 obsequium
720 1982 992 2044 praestare
1024 1974 1249 2027 animali
1281 1972 1560 2036 rationali,
1605 1970 1772 2028 huius

174 2045 449 2102 voluntati
470 2046 799 2119 obsequens.
877 2048 1108 2115 Quando
1127 2049 1274 2103 enim
1295 2066 1364 2102 ex
1384 2047 1608 2101 materia
1632 2046 1775 2120 lapi—

174 2122 268 2177 dis
286 2121 473 2193 ignem
494 2123 790 2178 accendere
810 2124 938 2195 quis
957 2124 1105 2187 vult,
1133 2140 1201 2178 ex
1222 2124 1343 2195 ipso
1364 2122 1600 2177 naturali
1621 2131 1771 2177 motu

173 2197 263 2252 illi
296 2197 487 2261 insito,
531 2199 629 2270 qui
658 2198 866 2254 ratione
897 2198 1179 2270 praeditus
1209 2206 1291 2252 est
1321 2198 1387 2271 (s.
1418 2198 1625 2252 ratione
1652 2214 1772 2252 cer-

172 2269 392 2326 nendus
420 2273 549 2344 est),
592 2275 741 2345 ignis
772 2275 830 2328 in
862 2290 1026 2344 opera
1055 2274 1216 2328 utilia
1247 2290 1276 2328 e
1309 2272 1492 2345 lapide
1529 2272 1766 2326 elicitur.

169 2349 362 2417 Itaque
410 2348 689 2404 continent
734 2348 1278 2420 quidem.elementa
1317 2347 1620 2403 naturalem
1658 2346 1768 2401 sibi

172 2421 386 2494 ignem,
430 2430 483 2477 at
510 2424 855 2493 providentia
885 2430 1093 2478 motum
1119 2432 1430 2495 praestanS,
1473 2440 1541 2477 ex
1579 2421 1769 2477 subie-

172 2497 277 2551 ctis
300 2497 641 2569 corporibuS‚
666 2506 728 2553 ut
746 2500 927 2553 anima
948 2515 1019 2553 ex
1039 2498 1362 2570 corporibus
1383 2496 1761 2562 sensibilibuS,

173 2570 459 2627 visibilem
496 2572 749 2627 effectum
782 2572 1055 2643 producit.
1135 2573 1341 2629 Eodem
1372 2573 1533 2628 modo
1560 2590 1658 2646 per
1686 2582 1769 2628 to-

173 2653 291 2701 tum
320 2646 593 2701 mundum
622 2646 875 2702 dilatabit
904 2647 1252 2718 providentia
1281 2649 1624 2704 invisibilem
1655 2650 1769 2705 ele-

174 2730 482 2778 mentorum
512 2723 699 2796 ignem
730 2722 797 2777 ad
826 2723 1025 2794 impios
1054 2724 1262 2778 iudicio
1296 2724 1590 2791 obnoxioS,
1632 2726 1765 2797 quin

1267 2802 1306 2851 C
1327 2801 1358 2849 2
