2125 3084
370 176 435 229 78
586 178 783 225 PHIL.
826 176 978 222 1110.
1022 174 1349 231 QUAEST.
1389 172 1488 217 ET
1528 171 1691 217 801..
1735 166 1820 232 [IL
1846 167 1976 232 25⁶]

370 279 631 342 verbum,
694 279 837 331 sicut
876 282 929 329 et
963 272 1150 327 vitalis
1187 270 1360 345 pa'rtis
1401 272 1616 326 animae
1661 272 1983 341 unusquis-

372 372 481 427 que
510 368 803 419 sensuum;
857 350 1121 420 quoniam
1141 354 1304 419 prout
1322 347 1467 401 illud
1487 346 1554 417 (a.
1575 344 1694 417 illa)
1715 346 1980 416 proxime

374 430 555 493 adest,
589 442 813 483 necesse
833 432 915 479 est
928 464 941 486 ‚
970 429 1035 477 ut
1052 430 1108 476 et
1128 422 1276 477 dicat
1297 422 1450 476 licita
1469 428 1522 475 et
1541 421 1759 475 sentiat.

380 594 541 651 Quare
584 592 723 641 dicit.-
784 588 1079 653 „Abraham
1123 597 1169 637 et
1203 586 1367 636 Sarra
1407 584 1613 635 seniores
1656 596 1815 648 erant,
1857 602 1984 650 pro-

458 670 621 711 vectae
655 659 849 720 aetalia,
896 656 1152 706 transactis
1185 654 1346 703 diebus
1372 652 1610 718 pleni⁸“?
1641 655 1746 719 (18,
1780 656 1890 714 11.)

490 781 571 832 ⁴4.
630 777 815 832 Annos
856 776 1133 847 legitimos
1173 773 1334 828 nobis
1373 773 1660 835 enunciat,
1711 771 1976 837 edonem,

375 852 525 924 quod
545 868 683 922 puer
702 853 1029 905 immaturus
1048 857 1134 903 est
1151 848 1330 903 omnis
1359 847 1659 918 insipiens;
1713 863 1842 901 nam
1870 850 1982 902 etsi

376 945 475 998 per
520 933 857 981 senectutem
902 932 1193 997 provectae
1235 924 1309 976 sit
1356 921 1575 985 aetatiS,
1650 920 1983 992 insipientia

375 1004 564 1074 ipsum
582 1017 732 1054 more
752 1016 987 1071 puerum
1013 997 1229 1070 facist).
1307 996 1542 1068 Sapiens
1569 1004 1752 1050 autem
1779 997 1889 1050 etsi
1919 998 1982 1051 in

377 1078 664 1133 iuventute
683 1075 756 1129 sit
776 1075 887 1129 iam
908 1073 1096 1128 adulta
1109 1114 1122 1137 ‚
1165 1088 1337 1127 senex
1363 1079 1471 1138 est3
1509 1068 1582 1145 [*]
1619 1071 1764 1125 sicut
1784 1078 1840 1125 et
1859 1072 1982 1127 vir-

377 1161 467 1207 tus
497 1152 653 1205 senio
671 1149 918 1221 praedita
938 1156 1021 1203 est
1038 1165 1104 1201 ac
1123 1146 1486 1209 venerabilia,
1531 1162 1594 1199 eo
1622 1144 1773 1214 quod
1799 1147 1982 1201 maio-

378 1229 537 1281 ritate
568 1233 621 1279 et
648 1224 919 1295 dignitate
948 1222 1232 1292 superiore
1262 1219 1433 1292 digna
1461 1220 1554 1274 sit.
1641 1218 1820 1285 Quare
1857 1239 1982 1275 me-

378 1301 482 1354 rito
515 1298 652 1352 dicit
679 1304 805 1369 post
828 1312 1047 1351 senem:
1101 1304 1372 1363 provectae
1397 1299 1609 1357 aetatis,
1649 1295 1770 1349 sive
1799 1304 1982 1350 tram—

379 1379 513 1428 aotis
538 1376 739 1433 diebtw,
783 1372 914 1441 quia
942 1370 1209 1424 nimirum
1238 1368 1358 1423 dies
1380 1375 1434 1424 et
1453 1385 1670 1423 menses
1691 1386 1982 1441 annosque

381 1455 434 1501 et
477 1446 661 1499 omnia
709 1445 885 1515 spatia
931 1444 1418 1517 longitudinesque
1465 1444 1670 1499 solares
1719 1446 1984 1500 convenit

381 1520 609 1574 minime
650 1519 889 1574 diminui
919 1536 950 1575 a
977 1521 1211 1583 virtute,
1255 1536 1421 1589 quam
1462 1525 1654 1573 natura
1692 1519 1983 1589 prioritate

380 1595 687 1649 honoravit.
767 1592 989 1649 Adhaec
1010 1603 1063 1650 et
1085 1594 1226 1649 lucis
1248 1594 1481 1648 essentia
1506 1592 1684 1656 adest,
1727 1593 1899 1649 immo
1925 1605 1984 1649 et

382 1669 592 1724 lumine
620 1670 819 1741 plenus
849 1678 931 1725 est
960 1669 1272 1725 intellectus
1301 1670 1455 1722 iuxta
1487 1667 1737 1739 singulas
1766 1668 1983 1723 intelli-

380 1744 599 1817 gentiae
630 1744 983 1816 disciplinas:
1046 1746 1169 1800 vult
1195 1744 1381 1814 itaque
1412 1742 1513 1796 hoc
1543 1741 1858 1814 symbolum
1879 1743 1983 1797 de-

382 1821 616 1885 clarare,
660 1819 809 1891 quod
838 1822 1015 1877 virtus
1050 1828 1134 1875 est
1161 1817 1410 1873 universi
1443 1816 1656 1889 ingenii
1695 1825 1982 1888 tamquam

383 1896 482 1951 lux
517 1896 765 1951 luminis.

442 2048 570 2104 Quid
602 2059 669 2097 est
704 2048 1043 2113 „Defecerant
1078 2049 1264 2099 Sarrae
1284 2048 1407 2111 fieri
1438 2046 1759 2098 muliebria“?
1805 2051 1923 2115 (ib.)

498 2168 578 2219 ⁴5.
638 2165 841 2219 Littera
872 2166 1073 2237 liquet3
1143 2184 1273 2221 nam
1299 2166 1592 2221 muliebria
1621 2168 1842 2222 vocavit
1879 2168 1985 2223 de-

384 2240 529 2294 centi
558 2239 827 2293 vocabulo
860 2240 1200 2295 mensualem
1237 2242 1621 2313 purgationem
1657 2242 1979 2297 mulierum.

386 2314 470 2369 Ad
500 2321 738 2368 mentem
768 2330 897 2368 vero
927 2314 1189 2386 allegoria
1217 2316 1535 2387 usurpanda
1573 2316 1677 2369 erit
1715 2316 1984 2372 huiusce-

384 2388 561 2444 modi:
611 2387 839 2443 Animae
855 2429 867 2453 ,
900 2396 961 2443 ut
982 2388 1205 2452 domne,
1239 2406 1366 2461 pars
1388 2398 1470 2444 est
1489 2390 1870 2445 habitaculum
1891 2393 1984 2445 vi·-

384 2482 597 2527 rorum,
640 2480 767 2535 pars
799 2471 980 2517 autem
1010 2463 1326 2517 mulierum.
1405 2465 1661 2519 Virorum
1693 2464 1984 2520 habitacu-

387 2539 503 2592 lum
522 2546 653 2609 puta
677 2538 859 2593 locum
872 2578 884 2601 ,
918 2537 1017 2592 ubi
1040 2536 1242 2609 degant
1260 2538 1454 2592 viriles
1475 2540 1832 2611 cogitationes
1847 2581 1859 2603 ‚
1891 2558 1984 2595 sa-

486 2710 529 2756 *)
564 2720 600 2750 ι.
631 2720 711 2758 per
744 2710 1023 2759 intumentium
1050 2710 1274 2759 pueriliter
1305 2708 1429 2757 wite.
1482 2708 1640 2748 Auoh.

2081 28 2095 206 1

2083 244 2095 340 Q—

2087 718 2096 955 j
