2125 3084
358 190 424 245 22
812 191 1181 236 PRILONIS
1219 190 1494 237 IUDAEI
1773 184 1840 251 [1,
1867 187 1994 253 13.]

358 311 533 351 unum
570 308 773 363 corpus
808 300 892 347 est
930 308 961 345 e
990 291 1182 346 multis
1213 290 1465 363 partibus
1493 307 1524 345 a
1551 288 1654 345 deo
1681 293 1996 362 composi-

360 380 499 425 tum.
516 376 553 399 ‘⁴
632 369 745 422 Nec
772 374 1044 431 tamen,ut
1073 366 1169 421 alii
1197 364 1428 437 quidam
1455 366 1768 438 sapientum
1786 406 1800 429 ,
1841 368 1990 421 ani-

358 445 467 500 mal
490 460 611 499 esse
632 440 873 497 mundus
892 440 1202 497 censendus
1223 450 1332 505 est,
1375 440 1475 496 sed
1501 439 1796 495 artificiosa
1825 456 1990 512 qua-

359 519 487 575 dam
511 519 793 574 harmonia
808 526 1146 589 compactus.

473 633 561 686 23.
612 629 815 683 Verum
851 627 1001 681 enim
1038 642 1170 680 vero
1207 621 1500 680 creationis
1539 626 1660 679 eius
1696 625 1981 697 pulchras

363 706 644 759 asseruere
673 718 894 757 causas:
958 717 1156 773 nempe
1183 700 1378 765 deum,
1419 719 1456 755 a
1483 718 1609 769 quc,
1649 702 1971 763 materiam,

360 798 428 835 σω
447 796 574 849 quo,
596 781 1020 832 instrumentum
1036 817 1049 841 ,
1069 794 1166 844 per
1185 780 1335 845 quod.
1406 777 1845 831 Instrumentum
1867 794 1975 830 au-

359 864 470 910 tem
491 853 584 909 dei
602 862 685 907 est
701 851 964 907 Verbum.
1038 855 1122 907 Ad
1147 856 1272 921 quid
1301 848 1577 922 denique?
1621 859 1684 905 ut
1701 852 1778 905 sit
1797 868 1972 923 argu-

362 938 607 985 mentum
626 927 689 1001 (i.
710 944 761 982 e.
784 932 845 983 ut
862 944 924 983 se
942 925 1081 981 deus
1100 924 1511 997 manifestaret).
1573 924 1965 981 creaturarum

360 1022 490 1077 ergo
508 1020 671 1059 causa
690 1011 773 1057 est
792 1001 929 1058 deus
944 1043 957 1066 ,
999 1010 1061 1056 ut
1089 1010 1321 1069 creator:
1386 1002 1756 1072 corruptionis
1777 1010 1964 1056 autem

359 1078 529 1147 (idem
558 1078 741 1150 deus).
788 1086 845 1132 ut
874 1076 1066 1131 iudex.

470 1190 557 1241 24.
597 1186 755 1252 Quod
782 1202 911 1240 vero
940 1185 1140 1239 habeat
1163 1194 1372 1239 creator
1399 1193 1646 1239 naturam
1665 1185 1960 1255 providam

360 1261 723 1331 creandisque
743 1261 909 1316 rebus
929 1269 1109 1331 aptam
1131 1262 1188 1315 vi
1209 1260 1512 1332 sapientiae
1531 1276 1664 1315 suae
1678 1300 1692 1323 ,
1719 1260 1781 1313 id
1803 1261 1962 1316 solli-

360 1337 466 1390 cite
488 1335 797 1405 disquirere
822 1352 1172 1407 nequaquam
1201 1352 1423 1390 necesse
1453 1342 1555 1389 est.
1633 1336 1776 1389 Nam
1809 1352 1961 1390 crea-

358 1419 512 1465 turae
541 1410 695 1481 ipsae
722 1404 1021 1465 effectrices
1050 1420 1106 1465 et
1141 1410 1336 1465 mundi
1373 1418 1556 1481 partes
1593 1411 1960 1481 sapientiores

361 1493 523 1555 atque
554 1485 856 1555 particulae
886 1487 1020 1540 satis
1050 1486 1210 1540 nobis
1244 1486 1548 1541 insinuant.
1626 1484 1736 1539 Ubi
1775 1493 1959 1561 tamen

356 1560 561 1614 intueri
580 1576 769 1614 rursus
780 1560 1037 1625 velimus,
1062 1578 1172 1632 qua
1194 1563 1401 1616 ratione
1417 1577 1784 1632 unaquaeque
1805 1578 1960 1615 crea-

357 1644 605 1690 turarum
624 1634 1009 1706 perfectarum,
1036 1654 1066 1691 a
1085 1630 1322 1708 sapienti
1339 1634 1687 1707 providentia
1699 1644 1868 1707 atque
1878 1635 1959 1690 ef·
2080 1662 2081 1730 1

361 1709 515 1768 ficaci
535 1711 900 1785 intelligentia
928 1711 1210 1783 procedat,
1253 1728 1523 1782 quaenam
1553 1720 1636 1765 est
1661 1728 1733 1765 ex
1761 1711 1954 1765 mundi

357 1787 637 1859 partibuS,
698 1804 839 1859 quae
888 1804 997 1859 non
1037 1795 1132 1841 aut
1167 1787 1436 1858 sapientia
1475 1794 1570 1841 aut
1589 1785 1952 1857 providentia

357 1862 606 1934 praedita
642 1863 740 1918 sit!
1879 1878 1894 1893 ·
2077 1874 2079 1934 ᾗ

470 1976 556 2029 25.
602 1970 674 2048 [³¹⁶]
695 1974 835 2029 Eum
856 1974 1039 2043 itaque
1055 2013 1068 2034 ,
1090 1972 1188 2042 qui
1209 1971 1484 2025 universis
1507 1970 1747 2024 maxime
1768 1987 1948 2025 curam
2075 2010 2077 2021 .

360 2048 659 2120 impendit,
719 2047 1014 2121 providum
1054 2046 1325 2100 dicamuS.
1416 2045 1673 2100 Providet
1711 2048 1860 2100 enim
1899 2055 1946 2098 et
2075 2022 2078 2137 l

358 2124 522 2177 homo
543 2122 695 2187 filiis,
720 2131 774 2177 et
794 2122 1154 2178 armentarius
1174 2121 1485 2193 pecoribuS,
1512 2128 1565 2175 et
1585 2137 1750 2193 agaso
1772 2122 1941 2191 equis,

360 2206 413 2253 et
432 2198 588 2271 gregi
609 2206 792 2269 pastor
806 2239 819 2262 ,
850 2196 1141 2252 nauclerus
1159 2197 1318 2259 navi,
1344 2204 1396 2251 et
1415 2195 1649 2250 infirmis
1669 2196 1940 2250 medicus:

358 2273 482 2345 ipsa
520 2289 741 2344 quoque
778 2272 897 2343 apis
937 2266 1159 2343 sapiens
1198 2278 1251 2325 et
1295 2270 1519 2327 formica
1569 2271 1801 2343 provida
1847 2278 1943 2325 est.

356 2348 500 2402 Haec
542 2356 724 2401 autem
760 2354 942 2419 partes
980 2354 1110 2401 sunt
1152 2355 1204 2405 et
1227 2345 1529 2417 particulae
1557 2346 1800 2417 partium
1823 2345 1948 2400 uni-

359 2439 670 2486 versorum,
712 2430 893 2493 partes
912 2430 1094 2475 tamen
1115 2423 1390 2493 sapientes
1419 2429 1473 2476 et
1503 2421 1735 2493 provide
1765 2436 1946 2476 curam

360 2494 644 2548 habentes.
724 2496 894 2550 Cuius
915 2496 1100 2566 itaque
1119 2512 1246 2566 pars
1265 2498 1488 2568 sapiens
1509 2504 1592 2551 est
1612 2514 1675 2551 ac
1696 2495 1939 2567 provida,

359 2582 538 2618 nonne
560 2576 613 2620 et
630 2577 802 2623 totum
824 2568 1205 2640 sapiens-erit?
1241 2570 1410 2642 Atqui
1430 2570 1566 2625 haec
1585 2572 1787 2635 omnia,
1809 2587 1949 2641 quae

360 2642 763 2705 recensuimus,
805 2641 1009 2697 habent
1043 2644 1386 2715 principium
1423 2646 1742 2700 creationis:
1802 2646 1948 2715 quod

360 2724 488 2760 vero
518 2709 683 2765 habet
708 2716 1074 2785 principium,
1109 2719 1342 2789 incepit:
1403 2730 1456 2775 et
1480 2719 1631 2792 quod
1651 2721 1884 2793 incepit,
1919 2740 1948 2776 a
