2125 3084
147 188 400 257 [11,424.]
443 154 455 159 ³
524 163 999 239 mssGENEsm.
1048 193 1303 238 SERMO
1340 195 1429 242 iv.
1676 191 1777 245 269

241 332 381 391 Quid
413 342 484 383 est
515 328 811 396 „Benedim‘
841 332 967 393 dum,
1007 340 1054 379 et
1088 331 1177 379 erit
1212 331 1555 382 benedictus“?
1590 336 1711 401 (ib.)

281 438 407 493 226.
452 434 556 502 Qui
581 439 690 489 iam
714 450 844 501 opus
860 436 1095 501 peremit,
1122 438 1293 502 futuri
1310 450 1445 501 prae
1468 450 1523 487 se
1540 439 1642 503 fert
1656 453 1781 503 per-

155 516 464 583 sectionem,
512 525 644 564 vere
683 508 905 579 proprie
945 505 1157 561 dictum
1197 516 1279 562 est
1318 506 1389 563 de
1419 524 1568 562 nunc
1597 507 1775 563 factis,

157 588 330 641 Unus
354 584 506 639 enim
525 582 783 639 indoctus
807 590 892 637 est
909 588 964 636 et
981 580 1435 652 indisciplinatus
1449 623 1463 646 ‚
1508 581 1577 636 ad
1597 586 1781 637 omnia

160 662 324 715 iusta
341 658 596 729 bonaque
616 658 778 729 piger
797 665 850 711 et
872 656 1089 723 tardus3
1152 656 1289 711 alter
1309 665 1493 711 autem
1506 697 1519 721 ‚
1562 673 1781 712 omnem

163 734 534 805 disciplinam
565 731 776 787 habens
798 732 859 785 in
877 747 938 785 se
953 772 966 795 ‚
999 728 1283 785 stud-iosus
1304 739 1386 785 est
1406 739 1461 786 et
1478 731 1651 795 celer,
1680 748 1783 804 pro

160 809 387 883 pudore
413 807 526 862 sibi
556 806 766 861 ducens
794 821 1150 877 progressum
1179 804 1415 865 alicuius
1438 805 1575 877 ,plus
1614 820 1782 877 quam

162 902 255 940 se.
339 881 520 949 Quare
547 880 730 937 adhuc
759 878 1044 935 confirmat
1074 878 1125 933 ei
1154 878 1596 935 benedictionem
1620 896 1783 952 aegre

161 958 363 1015 ferens
391 956 766 1029 apparentiam
793 952 1025 1014 indocti.
1104 954 1185 1008 Ita
1216 971 1349 1008 sane
1379 955 1668 1010 consuevit
1693 972 1783 1010 res
1840 972 1853 979 ·

161 1050 234 1089 se
264 1029 492 1086 habere.
567 1029 837 1097 Quoniam
867 1028 1003 1083 dum
1033 1026 1217 1082 adhuc
1244 1030 1344 1083 vix
1372 1030 1659 1101 irrepserit
1678 1030 1783 1084 ali-

163 1106 321 1180 quid
339 1105 600 1161 saevitiae
619 1101 708 1161 vel
731 1103 1002 1159 malarum
1021 1118 1208 1157 rerum
1217 1102 1631 1169 velverborum‚
1658 1112 1781 1159 ante

163 1180 366 1239 omnia
401 1178 842 1235 benedictionem
880 1184 1113 1249 usurpat
1149 1178 1395 1243 animuS,
1442 1195 1541 1250 per
1570 1179 1780 1251 regiam

172 1258 335 1311 viam
375 1270 634 1327 pergens;
694 1262 989 1327 postquam
1029 1268 1161 1306 vero
1202 1251 1416 1324 aliquid
1446 1252 1579 1308 mali
1608 1248 1782 1309 inter-

168 1332 452 1393 mittetur,
495 1328 804 1384 dimovetur
825 1326 1141 1398 corruitque
1160 1335 1305 1382 totus
1327 1328 1543 1382 animus
1558 1369 1572 1392 ‚
1618 1337 1670 1383 et
1697 1326 1781 1382 af·-

171 1404 356 1463 fectus
396 1406 519 1460 eius
558 1402 810 1459 infensus
851 1410 1036 1457 contra
1076 1402 1285 1459 malum
1320 1403 1599 1462 intumens
1628 1402 1781 1459 indi-

318 1642 448 1701 Quid
479 1653 548 1693 est
579 1678 612 1706 „
627 1641 887 1691 Bencdixit
920 1658 1049 1707 eum,
1096 1652 1141 1692 et
1177 1642 1265 1692 erit
1301 1641 1565 1693 benedictus
1579 1645 1646 1691 “1¹

289 1746 413 1801 226.
451 1742 922 1814 Sic'proverbium
939 1744 1232 1799 cuiusdam
1252 1744 1491 1815 legimus
1510 1742 1775 1795 dicentis:

175 1819 289 1887 Qui
311 1825 598 1873 antecessu
619 1818 1046 1889 egeritmenturi
1065 1818 1309 1889 praemia
1330 1814 1596 1885 portando
1616 1813 1785 1869 habet

177 1896 368 1967 (marq.
389 1891 544 1964 abit).
590 1951 596 1959 ⁸
619 1892 720 1945 Hic
736 1895 956 1964 proprie
984 1891 1191 1946 dicitur
1218 1890 1289 1943 de
1317 1890 1407 1943 his
1423 1930 1436 1952 ‚
1486 1890 1587 1959 qui
1616 1888 1781 1944 modo

177 1968 509 2024 consistunt.
585 1966 960 2021 Inertissimus
1000 1968 1151 2021 enim
1179 1965 1277 2019 ille
1296 1980 1395 2035 per
1422 1964 1607 2017 omnia
1636 1964 1781 2016 iusta

177 2052 232 2099 et
250 2042 458 2115 optima
485 2041 938 2113 procrastinando
952 2082 966 2105 ‚
1009 2048 1065 2096 et
1090 2038 1281 2095 tardus
1302 2046 1355 2094 et
1372 2036 1545 2093 hebes
1566 2037 1783 2091 revela-

177 2128 294 2185 tur3
355 2114 454 2171 se'd
490 2115 894 2172 industriarum
932 2122 1167 2171 sectator
1191 2112 1503 2169 tarditatem
1532 2128 1633 2183 pro
1663 2110 1783 2165 dis-

179 2191 383 2263 pendio
418 2191 602 2262 ponit,
653 2192 818 2245 cuius
853 2192 1026 2263 gratia
1057 2188 1343 2245 confirmat
1368 2185 1782 2243 benedictiones

179 2268 302 2321 eius
339 2264 604 2322 adversus
639 2266 1150 2337 praesumptionem
1188 2264 1413 2326 inertis,
1472 2259 1783 2332 spernendo

179 2339 584 2396 difficultatem.
661 2340 734 2395 Et
756 2357 948 2395 revera
975 2339 1081 2393 hoc
1100 2337 1263 2393 modo
1280 2337 1514 2393 habetur
1534 2333 1779 2390 effectus.

179 2414 474 2485 Quousque
507 2414 656 2469 enim
693 2430 804 2469 non
831 2414 1118 2484 irrepserit
1152 2420 1407 2484 aspectus
1433 2410 1622 2483 (mm-9.
1654 2406 1784 2463 affe-

182 2488 322 2562 ctus)
350 2488 588 2543 alicuius
619 2487 1010 2553 abominandi,
1059 2496 1156 2543 aut
1180 2486 1417 2544 verbum
1454 2483 1785 2540 molestissi-

181 2580 333 2619 mum
347 2604 360 2627 ,
412 2562 846 2634 procedentibus
882 2561 1367 2618 benedictionibus
1402 2566 1626 2632 paratur
1654 2574 1787 2630 spa-

183 2638 492 2693 ciosissima
525 2638 620 2693 via
653 2638 726 2693 ad
758 2637 1251 2709 proficiscendum,
1306 2651 1370 2689 eo
1402 2642 1585 2689 tamen
1610 2633 1787 2689 mole-

185 2720 356 2769 stante
376 2712 625 2783 quatitur
654 2714 838 2768 anima
855 2728 955 2783 pro
975 2712 1105 2767 odio
1124 2710 1512 2782 malignitatis}
1558 2707 1787 2765 lacessi-
