2125 3084
362 203 479 257 ‘408
836 204 1210 251 rmnoms
1247 201 1525 251 mnAm
1765 205 1852 270 sn,
1875 209 1987 275 ssa]

380 307 595 364 invenit
616 303 770 363 fortis
790 306 914 361 iste.
986 306 1048 360 In
1069 297 1358 376 utramque
1375 305 1564 376 itaque
1583 307 1698 361 oris
1719 307 1988 384 discerpti

378 391 592 456 partem
610 399 806 436 manus
825 379 1047 442 dividit,
1071 381 1293 435 sinistra
1314 379 1560 436 inferiori
1580 382 1696 436 oris
1714 388 1864 454 parti
1887 389 1993 443 ad-

380 467 552 524 mota,
595 456 786 512 dextra
818 472 945 512 vero
975 456 1122 512 circa
1147 472 1307 510 nares
1337 456 1502 511 catuli
1528 472 1641 509 una
1661 473 1794 512 cum
1817 461 1992 518 labiis

381 531 756 589 circumducta
771 573 783 596 ‚
808 532 999 602 sicque
1020 547 1222 603 cogens
1243 547 1372 587 eum
1392 531 1565 603 magis
1583 529 1869 590 disiunxit
1889 553 1991 592 eas
2082 539 2083 604 f

378 617 562 682 partes
578 649 591 673 ,
626 615 789 678 atque
810 604 945 660 adeo
963 605 1275 676 praevaluit
1294 613 1356 661 ut
1371 623 1470 678 per
1487 604 1733 660 medium
1765 608 1992 665 discer—

378 692 535 756 peret
552 683 743 738 feram.
802 681 1101 735 Dilacerata
1123 687 1304 734 autem
1325 679 1440 736 fera
1454 680 1774 742 ‚dilaceratio
1795 691 1990 739 trans—

379 776 570 832 gressa
590 765 672 813 est
692 757 963 812 cervicem
976 797 990 820 ,
1036 762 1089 810 et
1113 763 1246 810 tunc
1265 755 1490 811 demum
1509 757 1741 811 cessavit
1762 756 1989 815 discer—

380 836 514 906 ptio,
537 849 710 905 quum
728 839 918 886 venter
939 831 1146 886 bestiae
1164 831 1479 903 impediret.
1509 879 1516 886 .
1537 830 1600 886 Id
1618 839 1670 886 et
1689 830 1981 904 Scriptura

380 909 670 982 designare
691 906 881 962 volens
895 947 909 969 ,
943 906 1105 962 dicit:
1167 905 1234 960 Ec
1252 909 1563 962 dilaceravit
1582 910 1794 971 leonem,
1821 917 1983 976 quasi

378 988 597 1040 haedum
622 999 900 1053 caprarum
929 986 1045 1049 quis
1073 985 1451 1050 discerpsisset,
1490 985 1624 1037 nihil
1651 987 1850 1044 omnino
1877 985 1980 1038 ha-

382 1065 501 1116 bens
523 1065 579 1114 in
597 1075 755 1113 manu
776 1064 955 1125 (ludio.
985 1063 1068 1123 14,
1097 1061 1175 1120 6).
1321 1055 1338 1080 '

492 1187 579 1242 28.
641 1181 735 1237 Sic
775 1200 833 1237 er
872 1199 904 1236 o
942 1180 1300 1236 dilaceratum
1341 1181 1555 1236 leonem
1590 1191 1978 1255 mortuumque

381 1259 540 1315 humi
570 1264 799 1312 stratum
868 1256 1152 1328 ereliquit:
1215 1257 1334 1329 ipse
1362 1266 1543 1312 autem
1562 1276 1786 1313 rursum
1802 1259 1980 1316 redux

382 1333 452 1389 ad
470 1340 723 1403 parentes
744 1349 805 1408 se
826 1333 943 1386 suis
962 1332 1166 1386 univit.
1231 1331 1410 1402 Atque
1431 1333 1506 1386 ita
1526 1333 1672 1388 nihil
1693 1351 1754 1389 se
1774 1336 1979 1390 mirum

376 1413 721 1480 perpetrasse
742 1405 998 1461 credebat
1012 1448 1023 1470 ‚
1036 1469 1041 1476 ,
1056 1415 1118 1461 ut
1135 1423 1314 1478 neque
1335 1408 1393 1461 in
1415 1408 1667 1462 notitiam
1686 1418 1980 1480 parentum

377 1481 438 1536 id
468 1479 787 1535 adduxerit:
845 1480 943 1535 sed
971 1488 1096 1552 post
1123 1488 1334 1536 tantum
1362 1483 1710 1554 praeclarum
1735 1492 1974 1557 gestum,

378 1563 633 1612 constans
652 1556 960 1627 tacitusque
982 1558 1234 1627 apparuit
1263 1559 1383 1612 sine
1414 1558 1664 1613 vulnere.
1742 1560 1858 1614 Nec
1885 1577 1981 1614 co-

378 1629 493 1688 loro
530 1630 720 1686 vultus
758 1630 1079 1686 ostendebat
1114 1633 1392 1696 timorem,
1436 1649 1618 1705 neque
1659 1633 1980 1690 alteratione
2082 1659 2083 1666 ¹

380 1706 551 1765 animi
580 1705 854 1762 indicium
883 1706 1047 1776 dahat
1076 1705 1203 1762 faeti
1220 1748 1232 1771 ,
1275 1723 1456 1779 neque
1487 1709 1653 1763 etiam
1683 1709 1830 1764 lasso
1857 1727 1994 1765 cor—a

378 1801 513 1858 pore
550 1771 801 1838 lahorem
830 1780 1174 1850 subindicat3
1237 1781 1335 1837 sed
1377 1800 1438 1837 ao
1476 1783 1525 1837 si
1555 1783 1708 1838 nihil·
1731 1783 1976 1850 fecisset,

376 1862 500 1932 ipse
520 1859 805 1914 silentium
826 1857 1154 1914 observabat
1172 1857 1448 1913 immobili
1467 1859 1825 1915 continentia.
1875 1860 1984 1914 Co-

380 1935 548 1990 lorem
570 1951 700 1989 vero
724 1933 972 1989 virilitati
994 1934 1410 1988 convenientem
1429 1934 1790 2002 monstrabat;
1836 1935 1983 1989 mihi
2082 1969 2083 1972 =

379 2010 626 2073 videtur,
660 2009 810 2080 quod
834 2005 907 2082 [³¹⁶]
932 2009 1098 2062 etiam
1123 2008 1268 2063 sicut
1288 2009 1544 2081 spiritum
1564 2009 1788 2064 virtutis
1809 2009 1986 2065 indu-

381 2102 478 2140 ens
510 2093 563 2139 et
590 2083 801 2140 divinis
828 2084 988 2138 donis
1015 2081 1398 2157 praefulgenS,
1447 2083 1686 2140 futuram
1718 2084 1789 2140 de
1822 2086 1987 2140 leone

378 2159 697 2232 parabolam
745 2160 803 2213 in
846 2166 1027 2213 mente
1065 2159 1424 2225 revolvend0‚
1483 2155 1759 2216 occultare
1797 2161 1990 2217 voluit

377 2234 735 2307 problematis
774 2234 1170 2288 inventionem.
1491 2261 1504 2274 ·

490 2363 578 2418 29.
617 2358 848 2426 Quando
866 2375 996 2414 vero
1015 2375 1270 2418 reversus
1292 2366 1400 2423 est,
1433 2356 1774 2415 desiderium
1795 2361 1998 2432 quod-
2082 2379 2083 2388 ¹

378 2435 509 2490 dam
525 2435 585 2489 in
606 2450 735 2488 eum
754 2433 928 2489 leonis
947 2433 1177 2488 videndi
1199 2433 1532 2508 ingreditur3
1566 2443 1730 2506 atque
1755 2437 1818 2490 in
1841 2453 2004 2491 eun-

378 2510 506 2565 dem
533 2510 765 2566 veniens
781 2508 976 2563 locum
1004 2508 1148 2564 vidit
1174 2511 1416 2564 catulum
1452 2509 1566 2565 fere
1603 2527 1770 2582 apum
1803 2511 2006 2567 cella-

375 2585 523 2637 rium
545 2583 769 2638 factum.
848 2582 1116 2648 Quoniam
1138 2601 1268 2654 apes
1289 2584 1522 2657 figuram
1547 2585 1838 2640 foraminis
1861 2603 2007 2643 cer-

378 2653 569 2710 nentes
599 2656 811 2710 hiatum
839 2657 949 2710 oris
980 2666 1032 2710 et
1059 2657 1433 2714 dilatationem
1460 2660 1615 2716 velut
1639 2661 1698 2714 in
1719 2663 1907 2732 petris
1931 2665 2006 2720 in

374 2736 570 2782 ventre
590 2729 797 2784 bestiae
816 2730 1160 2784 invenientes
1175 2773 1188 2795 ‚
1221 2734 1371 2788 intus
1399 2743 1772 2808 surreptantes
1793 2754 1908 2808 per
1931 2757 2004 2794 os
