2125 3084
333 188 431 244 204
588 192 783 237 PHIL.
819 190 965 238 1151).
1006 188 1327 247 QUAEsT.
1365 189 1464 237 ΕΤ
1503 190 1660 236 801..
1709 186 1928 253 [11,382.]

334 293 570 351 eessario
606 290 782 355 affert,
832 290 976 345 sicut
1012 297 1068 345 et
1107 306 1180 345 ex
1207 290 1458 367 opposito
1485 288 1766 347 discessus
1793 290 1929 363 (dei)

333 368 699 441 privationem
740 364 897 421 verbi
944 363 1022 435 (s.
1069 363 1354 436 rationis):
1431 365 1694 435 quoniam
1745 366 1929 423 maius

335 444 545 501 malum
562 442 779 497 animae
796 439 1118 513 insipientia
1137 446 1192 493 et
1209 437 1487 497 dementia
1506 456 1614 495 non
1641 447 1726 495 est
1739 480 1752 504 .
1794 456 1928 510 pro-

336 520 459 590 pria
474 517 588 575 sihi
608 524 791 573 mente
808 530 983 585 quum
1002 512 1240 571 caruerit
1253 529 1434 586 genus
1451 513 1733 569 rationale.

418 687 547 746 Quid
576 697 647 737 est
678 722 713 750 ,‚
728 685 953 737 Statuam
984 686 1292 735 iuramentum
1324 698 1492 746 mm,
1527 682 1660 746 quod
1687 682 1848 735 iuravi

814 768 917 803 eum
942 762 1088 816 patre
1123 754 1284 801 tuo“?
1316 750 1436 815 (ib.)

455 875 569 927 ⁴80.
617 871 864 927 Primum
892 869 1035 925 illud
1061 866 1389 933 dicendum.
1439 866 1587 939 quod
1623 865 1714 923 dei
1750 866 1925 925 verba

336 945 476 999 nihil
508 943 767 1000 differunt
796 962 825 999 a
851 944 1177 998 iuramento·
1254 943 1324 997 Et
1351 943 1411 996 in
1440 958 1605 1013 quem
1632 958 1760 996 sane
1780 943 1927 997 iurat

337 1019 473 1074 deus
488 1060 500 1083 ,
544 1020 653 1073 nisi
683 1020 741 1072 in
762 1016 1063 1089 seipsum?
1109 1019 1293 1072 Iurare
1312 1024 1492 1071 autem
1513 1017 1716 1072 dicitur
1733 1016 1804 1070 ob
1823 1033 1926 1071 no-

336 1102 505 1149 stram
524 1093 976 1156 imbecillitatem,
998 1093 1211 1163 quippe
1229 1091 1328 1162 qui
1345 1099 1604 1161 putamus
1620 1092 1768 1147 sieut
1775 1090 1925 1161 apud

339 1168 589 1222 homines
628 1166 897 1238 distingui
934 1166 1169 1221 verbum
1205 1182 1236 1219 a
1273 1166 1606 1231 iuramento,
1648 1165 1731 1219 sio
1759 1165 1926 1220 etiam

336 1242 485 1312 apud
526 1241 691 1295 deu-m
728 1256 869 1297 esse.
946 1239 1089 1306 Quia
1111 1254 1244 1295 vero
1271 1238 1409 1294 felix
1435 1247 1520 1294 est
1545 1247 1602 1294 et
1626 1240 1920 1311 propitiae,

338 1332 447 1369 non
466 1314 773 1369 seeundum
792 1315 1132 1371 maiestatem
1153 1330 1309 1369 suam
1327 1313 1540 1369 iudicat
1555 1330 1619 1369 ea
1633 1354 1646 1378 ‚
1677 1330 1822 1385 quae
1841 1313 1926 1368 fa-

336 1397 421 1444 cta
450 1397 603 1451 sunt,
646 1388 746 1443 sed
772 1389 929 1444 iuxta
954 1406 1145 1445 eorum
1173 1387 1743 1461 (pusillanimitatem).
1824 1386 1926 1443 Se-

337 1462 518 1517 cundo
536 1470 717 1517 autem
735 1463 855 1519 vult
872 1464 1035 1521 laude
1054 1463 1333 1521 celebrare
1358 1462 1560 1528 fllium,
1601 1463 1763 1534 quasi
1792 1480 1926 1519 vero

337 1741 634 1799 dictionem
665 1752 720 1799 et
747 1744 1233 1816 complanationem
1270 1745 1616 1816 paratissime
1654 1754 1919 1816 praestat:

334 1817 410 1871 ita
437 1834 536 1887 per
564 1819 867 1875 absentiam
894 1819 1362 1883 maledictionem,
1403 1820 1538 1890 quia
1569 1820 1778 1875 malum
1807 1838 1926 1875 ma-

336 1906 507 1966 gnum
528 1893 847 1969 insipientia
873 1894 1219 1971 eloquentiae
1239 1894 1484 1949 inimica.
1514 1936 1520 1941 .

393 2060 522 2121 Quid
557 2074 626 2114 est
660 2065 1343 2185 „Constituamairugagett‘tgm
1375 2082 1524 2118 meum
1559 2064 1690 2129 quod
1717 2066 1875 2121 iuravi

956 2150 994 2199 p
1179 2151 1206 2187 ο

449 2247 563 2300 180.
605 2245 785 2301 Unum
804 2247 949 2303 illud
967 2250 1188 2307 interim
1213 2250 1454 2316 dicetur,
1495 2249 1646 2323 quod
1673 2249 1766 2305 dei
1795 2266 1924 2306 ver-

332 2320 402 2373 ba
429 2321 857 2377 iuramentorum
886 2322 1126 2379 fortiora.
1204 2324 1304 2382 Vel
1334 2327 1394 2381 in
1423 2342 1588 2397 quem
1627 2324 1925 2380 iuravisset

332 2394 469 2449 deus
489 2396 599 2449 nisi
620 2397 677 2452 in
696 2394 793 2451 se?
835 2397 1045 2452 Dicitur
1062 2405 1246 2454 tamen
1266 2400 1446 2455 iurare
1472 2407 1596 2471 post
1620 2407 1802 2455 nostra
1831 2400 1924 2453 in-

333 2467 604 2525 firmitate.
704 2472 1099 2527 Existimamus
1147 2474 1296 2528 enim
1341 2475 1588 2529 iuracula
1632 2474 1924 2529 hominum

332 2541 551 2625 fortiora
569 2560 689 2599 esse
708 2546 1022 2602 verborum.
1099 2547 1243 2603 Deus
1273 2565 1402 2603 vero
1429 2549 1624 2603 beatus
1653 2555 1706 2604 et
1730 2548 1923 2619 prepi-

330 2623 442 2670 tlus
456 2654 470 2679 2
526 2635 633 2674 non
670 2622 976 2680 secundum
1010 2639 1171 2680 suam
1206 2624 1646 2697 magnitudinem
1685 2622 1916 2687 iudicat,

330 2687 431 2743 sed
453 2688 716 2749 adversus
736 2699 955 2769 generis
976 2698 1422 2770 possibilitatem.
1497 2700 1627 2755 Vult
1645 2714 1777 2753 sane
1798 2698 1922 2756 lau-
