2125 3084
417 166 510 220 ⁴42
701 170 892 215 PHIL.
921 168 1069 214 1111).
1101 168 1421 226 QUAEST.
1450 167 1550 213 ΕΤ
1584 169 1740 214 301..
1783 164 1869 229 [n‚
1895 170 2037 235 327]

412 272 487 325 tia
509 270 575 341 (a.
597 269 962 341 sapientiam),
989 268 1143 323 alteri
1162 284 1382 339 quoque
1402 267 1558 322 dare:
1590 268 1730 323 livor
1748 272 1899 323 enim
1922 273 2031 327 in·-

414 345 598 400 vidiae
617 362 725 399 non
747 344 1005 399 adhaeret
1023 344 1081 396 in
1104 343 1345 396 animam
1364 341 1456 396 dei
1478 351 1769 396 amantem.
1826 346 2031 401 Domi-

413 437 536 473 num
569 428 748 474 autem
786 417 1051 489 appellat,
1106 434 1212 471 non
1242 418 1302 470 in
1328 434 1529 471 vanam
1557 418 1861 487 respiciens
1887 420 2029 491 glo-

415 496 550 547 riam
569 493 853 547 servitutis
875 500 928 545 et
949 490 1236 554 libertatis,
1260 490 1359 544 sed
1379 490 1449 544 ad
1468 492 1785 562 recipientis
1806 492 2029 549 volun-

413 569 536 623 tatis
566 565 638 642 [*]
663 565 1179 638 promptitudinem:
1224 581 1333 619 non
1360 566 1510 619 enim
1533 564 1811 619 doctrinae
1832 566 2029 623 disci-

411 643 706 714 plinaeque
723 640 914 695 odium
937 639 1067 703 fert,
1102 638 1201 693 sed
1230 638 1617 694 admonitionis
1649 648 1813 710 atque
1838 642 2027 697 intel-

413 717 672 789 ligentiae
687 756 699 779 ,
723 731 866 785 quae
886 713 1107 768 domina
1129 722 1236 776 est,
1268 713 1566 786 diligenter
1582 713 1792 777 studet,
1828 730 2025 785 quon-

413 791 522 844 iam
539 798 760 861 propter
780 805 910 844 vera
929 787 1073 842 bona
1092 786 1353 842 elaborat.

511 934 670 994 Quare
696 935 952 1001 festinavit
985 936 1217 1051 deponet?
1250 935 1469 1067 ζιζάςίαω
1503 952 1645 1001 super
1682 936 1921 986 brachium

1035 1020 1167 1052 suum
1273 1020 1291 1052 1
1328 1038 1341 1051 .

524 1108 637 1161 404.
687 1090 799 1160 Hoc
835 1122 962 1159 cum
992 1103 1344 1159 antecedente
1372 1104 1649 1177 congruit;
1704 1103 1825 1157 vult
1854 1105 2012 1157 enim

412 1180 813 1251 reprehendere
832 1179 1196 1251 sophisticum
1219 1196 1449 1243 morem,
1490 1187 1543 1233 et
1563 1177 1787 1231 laudare
1808 1194 2011 1232 verum

409 1263 464 1309 et
481 1255 786 1327 genuinum
805 1254 1107 1324 sapientiae
1128 1253 1413 1324 cupidum.
1454 1252 1743 1324 Siquidem
1762 1252 1879 1315 ille,
1904 1255 2012 1323 qui
2100 1272 2102 1289 ἢ

408 1329 596 1382 verbis
614 1328 913 1381 instructus
934 1336 1016 1382 est
1033 1328 1369 1399 edoctusque
1395 1344 1569 1382 unum
1595 1335 1718 1397 post
1746 1326 2005 1390 alterum,

409 1403 508 1454 uni
539 1402 752 1454 animae
776 1400 950 1464 favet,
992 1419 1052 1455 se
1072 1403 1259 1473 ipsum
1278 1400 1566 1456 erudiens:
1612 1401 1736 1454 aliis
1758 1416 1889 1455 vero
1910 1418 2012 1455 oc-

411 1474 758 1529 currentibus
797 1474 1005 1529 nullam
1043 1475 1148 1531 fert
1176 1477 1496 1537 utilitatem,
1539 1475 1669 1545 quia
1698 1474 1769 1528 ob
1800 1475 2009 1529 celeri—

409 1557 574 1603 tatem
608 1565 806 1603 vocum
851 1567 972 1604 sese
1019 1552 1358 1605 continenter
1409 1549 1804 1620 excipientium
1851 1550 2005 1603 haud

409 1624 685 1678 introeunt
707 1623 854 1680 dicta
874 1625 931 1678 in
951 1641 1109 1679 aures
1124 1666 1136 1688 ‚
1167 1625 1266 1679 sed
1287 1624 1400 1679 fere
1422 1632 1573 1679 extra
1592 1622 2004 1678 diffunduntur.

407 1697 469 1751 Id
502 1697 708 1753 faciunt
736 1699 821 1754 illi
850 1716 1097 1771 quoque,
1136 1700 1236 1769 qui
1271 1700 1329 1753 in
1357 1698 1612 1771 hydriam
1640 1698 1750 1752 oris
1780 1700 2009 1770 angusti
2094 1724 2096 1729 ·

409 1772 796 1829 transfundunt
813 1774 1062 1845 protinus
1086 1789 1282 1844 aquam
1309 1782 1403 1826 aut
1432 1774 1654 1839 vinum;
1698 1772 1829 1843 plus
1852 1774 2006 1826 enim

407 1846 760 1912 diffunditur,
811 1864 977 1919 quam
1003 1848 1153 1902 intus
1190 1848 1503 1902 dimittitur.
1590 1844 1697 1912 Qui
1732 1864 1865 1901 vero
1900 1848 2005 1900 rite

406 1922 851 1993 philosophatur,
901 1923 1203 1992 aequaliter
1234 1930 1287 1975 et
1313 1921 1652 1984 humaniter,
1704 1921 2003 1976 utilitatem

407 2012 478 2048 ex
508 1996 675 2049 verbo
714 1995 868 2057 facit,
919 1995 1192 2049 inclinans
1229 2012 1289 2049 se
1318 2002 1373 2049 et
1400 1994 1805 2049 conniventiam
1837 2013 2004 2050 usur-
2088 2054 2090 2065 Ι

406 2084 543 2137 pans
575 2068 644 2121 ad
673 2066 938 2121 auditoris
957 2070 1211 2139 genium3
1276 2085 1512 2139 namque
1532 2084 1642 2123 non
1660 2069 1805 2124 sicut
1824 2078 2004 2140 potest
2088 2066 2090 2083 ³

407 2140 601 2193 docere
629 2141 917 2211 magister,
949 2142 1030 2195 sic
1059 2144 1225 2197 etiam
1255 2142 1566 2213 discipulus
1595 2141 1810 2197 discere
1831 2144 1995 2204 valet,

406 2229 580 2284 quum
602 2213 696 2267 ille
716 2213 994 2284 perfectus
1012 2217 1103 2280 sit,
1126 2218 1231 2271 iste
1254 2234 1384 2285 vero
1404 2215 1778 2287 imperfectus
1821 2216 2002 2282 Quare

405 2294 613 2358 oportet
638 2287 929 2342 observare
959 2296 1012 2342 et
1039 2291 1341 2360 ponderare
1372 2287 1685 2344 facultatem
1714 2291 1868 2354 eiua,
1902 2292 2000 2361 qui

405 2363 713 2417 instruitur.

511 2498 640 2557 Quid
672 2511 740 2550 est
794 2500 1032 2564 „Potavit
1074 2518 1173 2550 eum
1186 2538 1199 2562 ,
1251 2503 1415 2565 quoad
1446 2519 1590 2566 usque
1630 2504 1831 2553 cessavit
1868 2520 1902 2551 a

979 2569 1175 2617 bibendo
1190 2572 1254 2617 ¹⁴?
1306 2571 1421 2633 (ib.)

523 2669 635 2719 ⁴05.
673 2666 1135 2740 Complacentiam
1157 2669 1619 2740 dilectionemque
1642 2672 1891 2743 magistri
1915 2689 2001 2727 er·-
2076 2698 2078 2711 2
