2125 3084
583 213 947 260 NOMINUM
980 213 1080 259 ET
1117 211 1400 260 RERUM.
1691 207 1792 260 205

191 335 412 393 Dentes,
440 331 671 380 luxuriae
696 329 911 380 ministri
928 328 973 389 Ι,

261 405 344 450 38.
380 399 446 450 ad
460 399 615 449 vitam
634 412 787 462 quam
802 409 977 446 neces-

262 468 381 518 sarii
392 467 463 526 11.
479 471 595 515 332.
615 472 839 528 tempore
858 478 977 513 con-

260 549 387 600 gruo
407 534 527 584 editi
540 533 615 593 11,
637 537 752 581 333.

194 603 468 667 Deposita,
509 607 568 650 ut
602 606 778 648 sancta
812 605 978 647 custo·

262 670 449 720 diendo.
475 667 545 726 11,
572 671 691 717 340.
729 681 761 714 a
786 665 979 714 furibus

260 738 435 787 ablata
454 749 560 784 non
586 733 891 797 praestanda
908 731 977 791 11,

260 809 379 853 341.
434 817 497 852 ea
532 803 781 864 denegate
816 799 980 849 scelus

262 870 615 934 gravissimum
645 869 709 917 ib.

195 938 539 1000 Desponsatio
551 972 565 997 ,
604 936 748 986 cuius
767 935 843 986 rei
860 934 981 985 alle-

265 1005 411 1068 goria
425 1004 469 1065 Ι,
490 1009 609 1056 324.

195 1067 469 1188 Δεῖπὸτης
492 1065 640 1138 παρὰ
663 1069 759 1120 τοῦ
787 1067 982 1134 δεσμοῦ

294 1174 310 1200 ,
335 1143 450 1188 484..

196 1208 343 1258 Deus
358 1239 371 1265 ,
424 1205 641 1254 nominis
692 1210 895 1268 etymon
935 1200 980 1262 1,

264 1277 385 1322 425.
414 1285 531 1322 cum
556 1280 607 1322 et
634 1272 742 1323 sine
769 1269 981 1322 articulo

265 1341 311 1401 1,
324 1343 441 1390 655.
461 1339 716 1390 beneficae
724 1338 983 1403 potentiae

264 1422 453 1458 nomen
484 1407 527 1468 Ι,
568 1412 680 1458 101.
718 1411 834 1456 342.
862 1409 979 1455 498.

267 1480 383 1526 582.
404 1475 473 1536 11,
498 1481 575 1524 19.
615 1475 722 1526 eius
741 1481 921 1524 natura
936 1471 980 1532 1,

266 1549 385 1596 222.
396 1547 575 1592 natura
584 1541 850 1606 simplexI,
864 1545 979 1590 606.

267 1612 428 1662 oculis
462 1610 695 1658 humanis
731 1610 867 1658 cerni
896 1622 983 1658 ne·

268 1679 379 1740 quit
392 1678 437 1736 1,
460 1681 572 1725 578.
604 1675 984 1739 incomprehen-

268 1743 429 1793 sibilis
458 1743 625 1804 quoad
652 1743 922 1792 essentiam
938 1741 982 1801 Ι,

271 1815 389 1860 224.
410 1813 526 1858 281.
551 1813 666 1857 566.
688 1809 757 1868 II,
774 1814 853 1857 12.
866 1813 981 1858 654.

272 1882 389 1927 662.
412 1877 706 1926 exsistentia
717 1891 809 1926 sua
822 1876 987 1926 solum

270 1952 419 1994 notus
436 1945 481 2004 1,
500 1949 617 1995 258.
640 1949 757 1993 282.
776 1943 845 2003 Π,
866 1947 982 1992 218.

269 2015 387 2062 442.
409 2017 523 2061 603.
550 2026 655 2061 non
680 2011 987 2060 enarrandus

272 2081 317 2138 Ι,
349 2084 463 2129 580.
494 2083 609 2128 648.
646 2079 986 2128 innominatus

270 2147 340 2207 Π,
371 2148 485 2196 597.
526 2147 635 2196 eius
671 2143 907 2210 δυνάμεις
941 2145 984 2205 1,

278 2219 389 2264 143.
422 2216 533 2263 173.
568 2218 679 2263 189.
714 2217 829 2262 342.
868 2218 983 2262 401.

273 2287 389 2346 431.
418 2286 534 2332 496.
570 2286 682 2332 581.
722 2295 852 2330 unus
882 2287 989 2330 tan-

272 2357 383 2399 tum
398 2348 441 2408 1,
462 2354 545 2397 41.
570 2353 683 2397 625.
715 2349 805 2398 sed
830 2348 989 2411 tripli-

276 2431 388 2466 cem
416 2416 493 2464 sui
512 2416 831 2478 phantasiam
849 2415 989 2465 exhi-

273 2485 359 2532 bet
376 2483 421 2545 1,
446 2489 467 2532 l
479 2484 557 2532 73.
578 2499 745 2533 rerum
760 2483 991 2533 conditor

274 2559 325 2601 et
350 2564 443 2600 rex
468 2550 537 2610 ΙΙ,
562 2556 677 2601 150.
709 2552 883 2601 mundi
904 2565 988 2600 au-

272 2619 384 2681 riga
400 2625 451 2668 et
466 2618 771 2682 gubernator
786 2618 858 2678 11,
868 2623 985 2667 213.

276 2688 383 2736 eius
427 2686 627 2736 bonitas
672 2687 781 2736 sola
822 2701 989 2736 rerum

276 2769 431 2806 causa
456 2755 499 2816 Ι,
520 2760 567 2804 5.
592 2760 705 2806 585.
748 2755 853 2806 eius
874 2769 988 2818 pro·

1078 328 1297 377 videntia
1344 334 1584 389 reguntur
1626 328 1795 376 omnia

1077 394 1148 455 11,
1179 399 1293 444 601.
1333 393 1469 442 solus
1506 407 1674 442 rerum
1707 395 1794 443 do-

1078 462 1244 511 minus
1263 460 1306 520 1,
1336 463 1576 509 158.160.
1597 459 1666 519 Π,
1679 465 1791 510 258.

1081 528 1204 579 civis
1221 528 1266 588 I,
1291 532 1402 576 161.
1425 527 1641 576 salvator
1656 526 1698 587 Ι,
1711 533 1794 577 41.

1087 599 1198 646 176.
1219 595 1294 644 vir
1312 602 1362 644 et
1379 601 1523 658 pater
1539 593 1736 643 animae
1752 595 1796 656 Ι,

1085 669 1200 714 695.
1230 662 1507 726 sapientiae
1524 661 1732 710 maritus
1753 662 1814 723 1,-

1087 737 1199 782 148.
1239 731 1476 794 splendor
1502 727 1799 792 archetypus

1082 799 1126 858 Ι,
1157 803 1267 848 156.
1291 799 1406 846 579.
1443 796 1575 846 risus
1603 803 1655 845 et
1678 811 1798 858 gau·

1083 866 1154 916 dii
1175 872 1350 915 auctor
1367 864 1411 924 1,
1433 868 1549 913 215.
1570 863 1800 916 immuta·-

1084 933 1198 982 bilis
1215 933 1260 992 1,
1285 937 1395 982 142.
1418 934 1535 982 275.
1553 935 1666 980 582.
1683 935 1796 980 585.

1085 1004 1202 1050 ess.
1221 999 1288 1060 11,
1313 1003 1429 1048 500.
1449 1003 1566 1049 648.
1591 998 1802 1048 immen-

1085 1082 1170 1117 sus
1195 1067 1240 1126 1,
1269 1071 1318 1116 8.
1341 1071 1422 1114 52.
1445 1067 1528 1115 97.
1546 1069 1797 1114 402425.

1085 1133 1538 1193 648.hicetalibi1,
1556 1135 1670 1182 175.
1692 1133 1801 1182 ubi-

1086 1216 1186 1264 que
1228 1208 1278 1251 et
1310 1215 1561 1262 nusquam
1598 1200 1660 1260 1‚‚·
1681 1203 1800 1248 425.

1083 1273 1200 1317 464.
1222 1267 1441 1318 universi
1459 1269 1600 1318 locus
1619 1267 1661 1328 Ι,
1684 1271 1800 1316 557.

1087 1341 1204 1386 630.
1268 1349 1364 1385 nec
1399 1335 1512 1384 1000
1549 1349 1644 1384 nec
1678 1342 1803 1384 tem-

1085 1416 1208 1468 pore
1227 1403 1454 1454 subsistit
1472 1402 1514 1464 1,
1528 1407 1644 1452 228.
1666 1403 1804 1452 idea-

1083 1486 1196 1522 rum
1231 1471 1374 1520 locus
1409 1471 1454 1531 Ι,
1498 1475 1606 1520 148.
1665 1470 1802 1520 solus

1087 1538 1240 1598 stat1‚
1255 1543 1368 1588 656.
1385 1541 1496 1588 687.
1511 1537 1606 1588 sibi
1618 1538 1804 1588 sufficit

1084 1607 1154 1668 ΙΙ,
1179 1611 1291 1656 194.
1313 1607 1430 1656 377.
1468 1607 1603 1656 solus
1625 1605 1803 1656 beatus

1085 1675 1156 1735 Π,
1193 1678 1308 1722 280.
1339 1675 1452 1723 867.
1495 1674 1586 1724 lux
1613 1672 1656 1734 Ι,
1686 1678 1801 1722 882.

1089 1757 1155 1792 ex
1170 1756 1336 1791 rerum
1345 1741 1520 1792 ordine
1529 1755 1806 1803 agnoscen-

1088 1811 1182 1858 dus
1197 1809 1266 1868 Π,
1290 1813 1406 1858 216.
1427 1810 1803 1858 217.414.415.

1089 1876 1209 1925 solis
1229 1875 1305 1925 sol
1322 1876 1392 1936 Π,
1413 1879 1529 1926 254.
1569 1876 1645 1924 801
1663 1876 1806 1938 spiri·

1088 1943 1240 1992 tualis
1274 1943 1343 2002 11,
1374 1949 1492 1993 403.
1533 1943 1612 1992 sui
1646 1943 1805 2006 ipsine

1087 2011 1260 2060 lumen
1288 2011 1359 2071 Π,
1388 2015 1503 2060 415.
1548 2010 1684 2060 solus
1721 2011 1807 2059 dat

1088 2078 1218 2128 vires
1250 2077 1320 2138 11,
1347 2085 1463 2128 403.
1505 2078 1805 2140 cognitionis

1091 2145 1254 2196 omnis
1290 2145 1404 2195 fons
1441 2145 1512 2207 Π,
1555 2149 1668 2194 626.
1707 2145 1805 2194 Dei

1091 2213 1312 2276 cognitio
1349 2213 1603 2264 felicitatis
1639 2213 1804 2262 termi-

1090 2295 1186 2330 nus
1213 2280 1282 2340 11,
1313 2285 1430 2330 264.
1468 2281 1610 2330 Deus
1637 2293 1742 2344 pax
1759 2279 1801 2338 1,

1094 2352 1210 2398 692.
1229 2348 1300 2408 11,
1317 2353 1432 2397 209.
1463 2345 1806 2414 πρεσβύτερος·
1889 2387 1894 2390 -

1089 2415 1134 2475 Ι,
1151 2418 1231 2464 67.
1254 2413 1426 2482 καιρός
1443 2410 1491 2476 I,
1511 2419 1624 2464 018.
1655 2409 1805 2464 ἀνεν-

1091 2479 1206 2545 ᾶεής
1231 2482 1276 2542 1,
1310 2487 1391 2532 52.
1417 2485 1528 2532 147.
1551 2485 1800 2534 202281.

1093 2554 1208 2598 582.
1238 2564 1418 2613 expers
1447 2547 1742 2614 qualitatum
1759 2549 1802 2609 Ι,

1092 2623 1172 2666 53.
1206 2623 1334 2678 281;
1391 2617 1726 2668 membrorum
1757 2624 1807 2665 et

1089 2687 1308 2748 partium
1348 2686 1392 2745 1,
1425 2691 1502 2736 50.
1533 2691 1649 2737 419.
1687 2689 1803 2734 636.

1087 2753 1156 2816 11,
1191 2758 1311 2814 1853
1357 2755 1542 2806 doloris
1569 2754 1650 2804 vel
1685 2749 1806 2802 affe·
