2125 3084
333 185 400 235 70
585 188 788 233 P1111..
828 186 977 233 mn.
1020 184 1344 243 QUAEST.
1380 186 1480 231 ET
1522 185 1676 231 son.
1718 180 1937 247 [11,24⁷.]

335 288 524 344 nitatis
543 287 972 343 similitudinem
992 303 1185 359 gerere
1204 294 1449 341 noverat.
1512 287 1800 342 Caeterum
1820 304 1941 343 ma-

334 381 508 437 gnum
546 362 814 433 quiddam
852 363 1057 435 poscit,
1104 378 1214 416 non
1254 363 1715 432 praetermittere,
1768 380 1871 417 nec
1908 381 1943 418 a

336 440 499 511 longe
519 438 752 493 transire
773 437 941 492 deum
956 478 968 499 ‚
1001 437 1263 491 derelicta
1284 437 1465 491 anima
1487 438 1669 508 ipsius
1694 436 1941 493 desolata

335 531 397 568 ac
436 514 611 567 inani.
691 513 981 567 Terminus
1013 513 1162 565 enim
1190 510 1473 567 felicitatis
1502 520 1587 566 est
1614 512 1706 566 dei
1738 530 1940 584 appro-

334 588 658 660 pinquantis
688 586 958 642 adventus
972 628 984 650 ,
1027 586 1153 641 fuse
1174 585 1487 657 adimplens
1506 596 1674 642 totam
1696 588 1937 642 animam

335 672 443 719 toto
473 680 574 718 suo
605 663 816 717 lumine
844 662 1165 733 incorporeo
1186 669 1239 715 et
1258 662 1620 733 sempiterno;
1680 663 1938 718 miseriae

334 748 516 794 autem
547 735 620 812 [*]
655 736 942 810 (terminus
971 735 1073 809 est)
1102 736 1365 791 transitus
1394 743 1456 791 ut
1482 754 1581 808 per
1608 737 1787 802 viam,
1829 740 1940 793 cito

333 815 483 869 enim
500 814 667 868 citius
693 820 1000 883 sequuntur
1028 811 1259 882 posthac
1288 810 1545 865 tenebrae
1576 810 1779 867 densae
1808 830 1940 884 pro-

335 888 670 959 fundaeque.
757 886 913 941 Unde
944 894 998 940 et
1025 884 1306 941 fratricida
1336 885 1471 941 Cain
1502 886 1748 943 dicebat:
1816 889 1940 944 Ma-

331 981 490 1033 qnum
533 972 608 1017 eat
652 966 897 1017 damnum
933 978 1133 1029 poenae
1185 967 1243 1016 id
1288 964 1425 1030 quod
1478 964 1810 1031 derelinquas
1860 980 1940 1017 me

335 1046 486 1107 (Gen.
516 1045 566 1105 4,
597 1042 712 1101 13),
757 1036 1039 1099 indicans,
1082 1035 1232 1107 quod
1261 1053 1369 1090 non
1400 1043 1484 1090 est
1509 1053 1685 1107 poena
1722 1037 1939 1093 animae

335 1114 509 1167 maior
527 1129 696 1185 quam
724 1111 1038 1183 derelinqui
1061 1129 1093 1165 a
1113 1110 1237 1165 deo.
1317 1113 1495 1166 Moses
1524 1128 1653 1166 vero
1683 1112 1817 1166 alibi
1849 1112 1941 1167 di-

333 1189 435 1242 cit:
505 1189 583 1243 Ne
617 1194 894 1257 auferatur
925 1191 994 1241 ab
1018 1192 1095 1240 eis
1119 1190 1359 1240 dominus
1384 1195 1555 1254 (Num.
1582 1194 1665 1253 14,
1694 1194 1776 1253 9),
1818 1184 1941 1242 mo-

334 1279 470 1316 nens
485 1304 496 1325 ,
541 1261 690 1331 quod
713 1260 917 1315 distare
939 1262 1180 1315 animam
1210 1259 1279 1315 ab
1298 1260 1457 1315 Entis
1477 1262 1938 1332 contemplatione

331 1336 799 1408 perfectissimum
824 1336 1093 1391 malorum
1115 1343 1215 1401 est,
1243 1334 1599 1407 quamobrem
1621 1337 1816 1391 nititur
1836 1355 1941 1408 po-

333 1411 530 1481 pulum
559 1409 762 1464 ducere
792 1411 849 1464 in
877 1410 1318 1477 occursum'dei3
1380 1410 1573 1482 nequit
1603 1412 1751 1465 enim
1792 1412 1934 1476 fieri,

333 1494 394 1539 ut
424 1485 520 1538 alii
547 1484 800 1539 homines
821 1485 1138 1541 satisfacere
1158 1486 1291 1541 huic
1311 1486 1551 1558 possint,
1588 1486 1695 1540 nisi
1720 1488 1938 1543 animae

335 1560 425 1615 dei
448 1560 857 1616 amantissimae
872 1603 885 1627 ‚
922 1579 1063 1635 quas
1085 1561 1322 1617 caeleste
1342 1560 1683 1616 desiderium
1703 1578 1938 1634 praeve-

333 1636 492 1690 niens
512 1637 823 1708 occupavit.

336 1842 431 1892 Cur
464 1845 628 1895 iterum
657 1844 911 1909 pluraliter
945 1842 1083 1906 dicit,
1140 1840 1273 1905 quod
1303 1876 1337 1904 „
1355 1840 1586 1891 Sumatur
1618 1856 1751 1903 aqua
1784 1850 1833 1889 et
1866 1840 1937 1890 la-

465 1922 574 1963 vent
608 1913 759 1976 pedes
806 1922 1012 1974 vestros,
1078 1919 1124 1959 et
1163 1910 1331 1975 fi-iyus
1382 1918 1575 1974 captate
1627 1908 1713 1957 sub
1765 1910 1937 1959 arbore

466 1980 693 2028 densa“?
727 1981 836 2043 (18,
875 1980 952 2043 4.)

1392 2066 1409 2095 ἱ

444 2114 497 2164 5.
549 2112 660 2165 Hoc
689 2128 910 2167 rursum
937 2112 1093 2165 iuxta
1126 2112 1352 2169 alteram
1374 2113 1771 2185 apparitionem
1792 2112 1939 2167 dici-

331 2194 420 2239 tur
435 2226 447 2247 ,
481 2193 753 2256 quatenus
774 2188 1095 2259 peregrinos
1118 2204 1209 2242 eos
1231 2197 1413 2261 putat,
1447 2206 1557 2243 non
1577 2186 1765 2243 habita
1791 2197 1935 2243 certa

333 2260 556 2327 notitia,
598 2261 698 2317 sed
728 2262 930 2316 iterum
958 2262 1097 2317 illuc
1131 2262 1396 2319 violenter
1418 2271 1677 2319 attractus
1700 2262 1771 2318 de
1790 2264 1937 2335 opti-

334 2352 420 2390 ma
443 2335 746 2409 divinaque
767 2335 929 2391 facie.
1007 2336 1377 2405 Quamobrem
1406 2356 1587 2410 neque
1608 2338 1825 2393 iussum
1845 2337 1939 2393 dat

332 2413 651 2467 auctoritate
681 2412 932 2485 propria,
977 2413 1077 2468 vix
1103 2430 1463 2486 praesumens
1494 2411 1688 2468 liberis
1708 2413 1798 2468 vel
1820 2430 1938 2467 ser-

329 2488 419 2541 vis
459 2487 724 2542 exhibere
765 2486 1024 2543 lotionem
1051 2488 1288 2560 pedum,
1337 2488 1435 2543 sed
1465 2487 1731 2551 eundem,
1776 2489 1937 2543 cuius

331 2560 530 2616 faciem
572 2562 856 2619 visibilem
895 2564 1005 2619 sibi
1044 2560 1379 2625 crediderat,
1441 2571 1720 2616 auctorem
1759 2560 1937 2616 voluit

331 2653 453 2689 esse
479 2637 621 2689 iussi
653 2636 844 2693 dandi.
931 2640 1131 2693 Dicens
1161 2642 1369 2689 autem:
1434 2637 1744 2702 Accipiatur
1770 2652 1930 2703 aqua,

331 2726 439 2764 non
472 2708 698 2778 adiecit,
743 2730 774 2767 a
801 2714 1091 2784 quopiam3
1152 2708 1297 2761 sicut
1316 2708 1481 2762 etiam
1501 2724 1601 2778 per
1619 2707 1831 2763 dictum
1854 2711 1937 2763 let-2
