2125 3084
216 208 309 273 [IL
334 204 457 269 320]
582 210 663 254 IN
704 210 1057 255 GENESIN.
1099 212 1350 256 SERMO
1388 212 1473 258 lv.
1735 208 1831 261 {35

218 321 279 367 et
298 310 439 366 urbs
459 310 885 380 Mesopotamiae
907 309 1165 365 conclusa
1175 318 1454 381 tamquam
1473 313 1828 379 torrentibus,

216 386 469 459 propriis
496 381 795 438 fluentibus
812 425 824 449 ,
870 384 1045 439 libero
1062 400 1258 456 gressu
1283 385 1532 456 procedit
1552 388 1828 460 expedite.

220 461 382 527 Quae
411 458 552 531 (qui)
580 475 710 513 vero
739 466 1025 529 opponunt
1052 475 1112 513 se
1139 458 1382 512 motibus
1409 462 1712 517 secundum
1733 481 1834 517 na-

218 546 407 590 turam
435 533 597 588 factis
622 534 683 587 in
703 534 887 587 anima
906 533 1218 587 illuminata
1237 550 1337 604 per
1363 534 1650 589 scientiam
1671 545 1724 591 et
1743 556 1832 592 sa-

216 611 524 682 pientiam,
577 608 639 661 in
674 608 746 661 iis
782 608 957 662 multa
990 616 1121 662 sunt
1155 607 1402 679 negotia,
1458 610 1730 678 quaedam
1764 612 1831 665 de

219 685 419 747 nobis,
472 681 745 753 quaedam
785 699 854 735 ex
895 700 1060 736 causa
1097 691 1349 747 externa,
1404 699 1548 753 quae
1591 681 1832 740 fluvialis

216 759 487 815 torrentis
506 766 693 812 tenore
713 756 1162 812 circumcludunt
1179 765 1439 812 mentem.

225 915 329 965 Gur
377 915 521 977 dia-it,
588 914 804 965 Camelos
841 917 1021 981 ficte-re
1077 915 1348 965 accumbere
1403 924 1540 965 extra
1599 914 1832 965 civitatem

366 982 501 1031 iuxta
534 992 729 1046 puteum
775 1000 933 1046 aquae
972 983 1041 1032 ad
1072 999 1336 1047 vesperum,
1396 982 1587 1047 quando
1623 983 1832 1047 eqo-edie-

368 1051 539 1098 bantm·
574 1067 751 1113 aquam
788 1051 1059 1099 haurientes
1097 1052 1166 1113 (a.
1206 1050 1538 1114 aquam-icesfl
1574 1054 1680 1114 (24,
1726 1052 1829 1113 ll.)

343 1160 429 1212 94.
486 1158 733 1213 Evidens
773 1167 855 1213 est
892 1156 1240 1230 significatus
1275 1156 1514 1221 litterae,
1557 1173 1685 1211 nam
1715 1172 1832 1210 mos

226 1240 317 1287 est
336 1233 605 1287 viatorum
627 1232 777 1304 apud
798 1232 975 1287 fontes
995 1241 1153 1286 nocte
1180 1232 1451 1286 diversari
1483 1231 1551 1285 ad
1580 1230 1834 1285 reficien-

228 1307 333 1362 dos
353 1324 411 1361 se
442 1316 495 1363 et
523 1310 767 1363 iumenta
797 1315 1018 1379 propter
1046 1307 1400 1373 necessitates
1431 1308 1668 1361 itineris.
1746 1306 1830 1360 Ad

225 1391 470 1437 mentem
491 1399 621 1437 vero
642 1384 778 1438 haec
801 1384 1008 1453 accipe.
1060 1384 1320 1439 Memoria
1341 1398 1516 1453 quum
1536 1376 1829 1453 quiescens

226 1466 437 1521 cessat,
480 1459 639 1528 quasi
668 1458 964 1512 dormitum
996 1473 1054 1511 se
1071 1466 1294 1513 vertens
1313 1466 1463 1513 extra
1485 1457 1680 1511 urbem
1699 1458 1830 1529 qui-

226 1533 368 1589 escit
406 1534 559 1588 velut
592 1533 650 1586 in
682 1549 873 1587 somno
902 1532 969 1604 (s.
1002 1532 1171 1605 domi)
1201 1550 1272 1587 ex
1301 1542 1522 1597 natura,
1565 1532 1828 1604 quoniam

226 1608 618 1678 unusquisque
646 1624 718 1662 ex
745 1607 907 1661 nobis
936 1616 1214 1678 tamquam
1233 1608 1430 1661 civitas
1453 1604 1526 1681 [*]
1551 1607 1825 1678 apparuit,

228 1682 473 1737 aedificii
494 1681 921 1737 similitudinem
942 1682 1282 1753 praeferente
1308 1698 1560 1752 corpore3
1613 1681 1832 1735 habita-

226 1758 344 1813 trix
362 1767 545 1812 autem
564 1758 749 1811 anima
774 1758 895 1829 ipsa
914 1765 1016 1811 est.
1085 1755 1269 1822 Quum
1287 1756 1427 1826 vigil
1448 1764 1698 1813 occurrat
1715 1772 1833 1807 me-

229 1833 431 1895 moria,
494 1831 868 1904 expergefacit
912 1840 1180 1894 mentem,
1242 1832 1386 1883 intra
1426 1830 1706 1882 civitatem
1746 1829 1834 1881 in-

231 1924 448 1980 gressa,
493 1909 637 1962 intra
664 1923 764 1962 nos
793 1907 1059 1962 videlicet
1088 1904 1367 1959 habitans.
1446 1901 1676 1967 Quando
1709 1919 1835 1956 vero

231 1999 458 2037 somnus
481 1983 891 2054 supervenerit,
927 1996 1184 2035 somnum
1205 1977 1500 2033 memoriae
1529 1984 1663 2047 puta
1690 1976 1835 2031 obli-

230 2058 452 2111 vionem
468 2099 480 2121 ,
515 2058 719 2129 migrat
746 2057 1048 2111 habitatrix
1075 2057 1230 2108 iuxta
1251 2054 1561 2107 necessaria
1584 2052 1652 2107 de
1674 2052 1834 2107 nobis

230 2133 371 2203 ipsis
391 2148 616 2206 quoque
632 2173 644 2196 ,
679 2131 852 2186 donec
872 2148 1094 2186 rursum
1115 2136 1324 2202 surgat.
1401 2126 1548 2195 Quid
1577 2128 1726 2183 enim
1753 2137 1836 2182 est

230 2206 468 2271 oblivio,
521 2207 634 2262 nisi
677 2223 933 2279 egressus
974 2204 1138 2260 forae.
1237 2203 1519 2275 Optimum
1561 2221 1689 2259 vero
1731 2212 1831 2265 est,

230 2280 380 2352 quod
420 2298 529 2336 non
565 2281 747 2336 solum
777 2290 930 2336 extra
958 2280 1228 2352 oppidum
1256 2279 1398 2334 dixit
1425 2280 1746 2333 memoriam
1778 2278 1834 2329 in

231 2372 487 2411 somnum
508 2374 570 2411 se
589 2356 824 2410 vertisse
839 2397 852 2420 ,
893 2355 991 2410 sed
1021 2357 1188 2409 etiam
1214 2356 1370 2408 iuxta
1387 2361 1618 2424 puteum
1640 2368 1832 2421 aquae,

230 2432 555 2503 significans
587 2448 697 2485 non
728 2446 849 2485 esse
867 2438 1188 2501 perpetuam
1211 2445 1274 2482 ac
1294 2425 1674 2499 quotidianam
1693 2423 1839 2477 obli-

229 2507 481 2574 vionem;
543 2506 809 2576 quoniam
829 2507 984 2560 iuxta
1005 2504 1161 2559 adest
1188 2501 1336 2565 fons,
1377 2501 1446 2555 de
1473 2515 1585 2570 quo
1613 2499 1837 2570 irrigata

230 2582 546 2654 ingreditur
566 2582 625 2633 in
648 2581 887 2635 animam
909 2580 1124 2651 species
1153 2572 1632 2631 commemorativa
1663 2581 1716 2625 et
1742 2590 1841 2626 ex-

229 2658 436 2711 cutitur
456 2671 708 2717 somnus,
731 2655 829 2725 qui
852 2654 959 2708 alio
979 2654 1203 2707 nomine
1223 2648 1433 2703 oblivio
1453 2654 1702 2702 vocatur:
1745 2665 1842 2700 su-

230 2748 328 2802 per
348 2748 487 2803 ergo
506 2731 743 2786 veniens
764 2728 1056 2801 vigilantia
1073 2768 1085 2790 ,
1129 2726 1290 2779 cuius
1320 2730 1402 2779 est
1429 2739 1628 2777 nomen
1649 2736 1843 2791 reapse
