2125 3084
329 194 395 246 56
566 196 767 242 rim„
808 194 955 240 mn.
996 193 1322 251 QuAns‘r.
1359 194 1459 239 ΕΤ
1507 193 1664 238 son.
1705 187 1790 253 m,
1813 187 1934 256 2312]

330 298 429 369 qui
470 302 875 350 consueverunt
913 310 1140 367 surgere
1179 312 1244 347 ac
1272 294 1474 367 corrigi
1504 294 1661 348 iuxta
1688 294 1936 365 primiti-

329 388 457 427 vam
487 369 705 425 faciem.
780 370 905 424 Iure
934 376 1118 423 autem
1145 369 1269 423 risit
1298 368 1583 422 exsultans
1604 367 1673 422 de
1693 369 1936 440 promis-

328 446 511 509 sione,
556 460 754 515 magna
775 460 875 515 spe
893 443 1228 515 adimpletus
1244 484 1256 508 ,
1300 442 1450 513 quod
1471 450 1784 515 exspectata
1802 460 1935 514 per-

329 520 649 574 ficerentur:
712 519 954 573 maxime
982 518 1134 589 quod
1163 517 1554 573 revelationem
1583 515 1933 573 manifestam

330 601 615 667 acceperat
662 610 735 648 ex
778 593 1148 665 apparitione,
1209 600 1482 663 quatenus
1522 592 1738 646 firmius
1776 594 1934 648 novit

328 686 457 725 eum
472 711 485 734 ,
509 670 608 742 qui
628 675 735 723 stat
754 684 973 740 semper
992 674 1277 733 constans,
1301 675 1356 722 et
1371 667 1542 723 istum
1561 668 1663 739 qui
1683 667 1822 723 solet
1841 668 1934 722 in-

330 745 527 800 clinari
548 761 611 798 ac
630 742 846 798 cadere.

336 900 495 957 Quare
558 900 699 962 quasi
760 898 1001 949 haesitare
1054 899 1182 949 vim
1232 907 1304 948 eet
1353 896 1413 947 de
1453 898 1794 962 promissione?
1861 899 1932 947 ait

464 966 613 1015 enim:
665 964 855 1028 „Dixit
887 967 935 1016 in
968 975 1150 1015 mente.-
1202 964 1267 1015 Si
1299 966 1567 1015 centenario
1589 965 1730 1027 filius
1763 965 1852 1015 erit
1886 974 1932 1015 et

462 1032 625 1083 San-a
658 1034 986 1099 nonaqenwia
1012 1034 1252 1099 ραν-ἱειτῖ(ι
1290 1034 1410 1097 (ib.)

441 1146 527 1199 56.
568 1144 727 1200 Haud
756 1144 925 1218 gratis
955 1142 1043 1199 vel
1076 1142 1276 1197 frustra
1307 1142 1584 1199 adiectum
1613 1142 1720 1198 fuit
1753 1142 1927 1199 illud:

332 1220 482 1275 Dixit
521 1227 577 1275 in
610 1230 792 1274 mente.
869 1219 1009 1274 Nam
1040 1218 1232 1290 lingua
1259 1225 1314 1271 et
1338 1235 1430 1272 ore
1459 1219 1671 1291 prolata
1697 1217 1930 1291 indigna

329 1291 538 1365 (verba)
579 1294 685 1347 sub
724 1300 877 1347 reatu
916 1307 1205 1363 poenaque
1243 1291 1472 1362 cadunt3
1536 1310 1679 1365 quae
1707 1309 1838 1348 vero
1869 1295 1930 1349 in

328 1375 511 1421 mente
540 1366 708 1431 fiunt,
748 1366 891 1422 nihil
917 1366 1158 1421 obnoxia
1187 1375 1342 1432 sunt,
1387 1370 1520 1441 quia
1559 1367 1930 1424 involuntarie

330 1441 626 1497 deducitur
655 1458 811 1496 mens
838 1440 907 1496 ab
928 1442 1375 1507 enormitatibus,
1417 1444 1747 1498 introductis
1769 1444 1931 1517 cupi—

330 1516 597 1572 ditatibus
620 1516 844 1573 aliunde
866 1516 991 1571 aliis
1006 1557 1019 1581 ,
1063 1518 1273 1588 quibus
1291 1518 1589 1590 aliquando
1610 1519 1817 1574 resistit
1837 1536 1932 1573 ae-

327 1608 425 1663 gre
455 1589 636 1646 ferens
666 1608 730 1647 ac
758 1593 989 1664 cupiens
1016 1591 1296 1648 declinare
1326 1593 1396 1647 ab
1421 1593 1646 1649 illorum
1665 1594 1932 1666 imagini-

328 1666 455 1721 bus,
536 1666 648 1721 Sed
668 1666 897 1724 fortasse
925 1684 1106 1740 neque
1136 1668 1394 1733 haesitat,
1438 1668 1538 1723 sed
1567 1669 1931 1725 admiratione

329 1750 633 1798 commotus
653 1742 723 1798 oh
744 1760 1034 1799 excessum
1055 1743 1187 1799 doni
1209 1743 1372 1799 dicit:
1431 1743 1574 1799 Ecce
1603 1760 1802 1816 corpus
1829 1762 1932 1799 no-

327 1826 503 1873 strum
533 1827 854 1891 provectum
883 1828 966 1875 est
994 1826 1047 1875 et
1077 1828 1480 1892 transgressum
1507 1827 1737 1875 aetatem
1759 1836 1932 1893 gene-

326 1893 582 1959 rationis;
634 1894 738 1952 deo
756 1904 938 1951 tamen
957 1896 1143 1951 omnia
1161 1893 1456 1967 possibilia
1473 1903 1628 1959 sunt,
1663 1896 1736 1949 ita
1758 1904 1820 1950 ut
1840 1912 1932 1950 se-

326 1976 603 2023 nectutem
630 1987 853 2040 quoque
880 1972 940 2025 in
969 1971 1315 2025 iuventutem
1345 1969 1591 2025 demutet
1610 1977 1664 2024 et
1683 1978 1932 2025 carentes

326 2043 541 2096 semine
585 2042 877 2113 fructuque
924 2045 985 2097 in
1035 2043 1514 2100 fructificationem
1558 2046 1932 2117 generationis

326 2114 613 2187 perducat.
691 2115 850 2181 Quod
888 2118 936 2171 si
966 2118 1156 2189 itaque
1189 2117 1260 2193 [⁴¹⁹]
1295 2121 1643 2175 centenarius
1674 2127 1729 2174 et
1755 2137 1933 2176 nona-

328 2188 555 2263 genaria
584 2191 954 2261 generabunt,
998 2192 1342 2249 ordinarium
1363 2203 1418 2250 et
1435 2195 1646 2249 similia
1665 2212 1767 2251 sua
1787 2194 1933 2251 facta

328 2262 663 2393 migrantur,
692 2272 746 2319 et
766 2266 882 2321 sola
902 2265 995 2321 dei
1014 2268 1194 2323 virtus
1215 2286 1280 2324 ac
1297 2270 1472 2343 gratia
1487 2270 1656 2325 simul
1669 2279 1934 2343 appareat
1957 2334 1962 2337 ,

324 2354 416 2394 evi
460 2354 528 2393 en
554 2354 631 2393 er.

437 2414 722 2469 Caeterum
752 2415 1022 2486 quicquid
1050 2417 1276 2472 virtutis
1305 2418 1473 2475 habet
1502 2436 1768 2475 numerus
1797 2438 1936 2475 een—

326 2490 599 2552 tenariuS‚
643 2489 1032 2561 exponendum
1060 2498 1163 2545 est.
1241 2493 1489 2547 Primum
1517 2495 1696 2549 virtus
1727 2504 1809 2548 est
1830 2495 1933 2549 de-

328 2564 470 2615 narii
508 2565 875 2619 centenarius.
972 2563 1228 2620 Secundo
1267 2566 1436 2621 huius
1475 2569 1656 2638 ipsius
1695 2570 1923 2641 myriae,

329 2636 535 2708 myriae
565 2646 749 2692 autem
778 2638 944 2694 frater
971 2648 1056 2693 est
1083 2641 1336 2709 unitatis;
1401 2642 1549 2695 sicut
1576 2644 1725 2695 enim
1753 2643 1928 2697 semel

327 2726 500 2766 unum
540 2726 713 2765 unum
754 2722 862 2777 est,
916 2713 997 2767 sic
1036 2714 1201 2769 etiam
1240 2714 1444 2787 myries
1483 2730 1656 2769 unum
1694 2717 1926 2786 myrias.
