2125 3084
357 159 425 213 64
569 161 763 208 1²111L.
801 159 948 205 nm.
989 158 1313 216 QUAEST.
1346 158 1445 203 ET
1484 105 1648 205 soi„
1728 146 1814 224 [¹1,
1838 147 1957 226 πω]

359 263 550 320 efficit.
625 261 694 316 Et
709 259 860 316 oliva
879 275 1099 330 semper
1122 258 1356 330 virginis
1424 257 1667 328 purioris
1684 259 1962 314 essentiae

359 348 469 403 est,
524 352 694 408 quam
727 335 952 389 sortitus
991 341 1075 388 est
1114 333 1314 406 globus
1350 331 1695 400 inerrabilis3
1770 332 1963 388 oleum

361 414 512 469 enim
542 409 772 466 luminis
797 409 1026 463 materia
1047 414 1157 462 eut:
1208 407 1423 462 caelum
1444 415 1627 460 autem
1646 405 1963 478 splendoris

359 488 594 560 figuram
615 485 784 558 gerit,
808 484 868 538 iu
887 499 1000 554 quo
1019 491 1075 538 et
1094 481 1311 538 lucidae
1330 480 1522 536 stellae
1540 489 1689 538 sunt.
1756 481 1885 537 Ideo
1906 491 1963 538 et

359 562 678 634 pluritatem
713 574 900 614 earum
943 556 1241 630 (arborum)
1278 555 1618 612 consuetudo
1648 555 1751 610 fert
1779 559 1962 612 nomi·-

363 654 494 692 nare
509 677 522 702 ‚
551 651 662 690 non
681 651 753 689 ex
771 632 1012 704 propriis
1031 631 1145 686 sibi
1167 630 1389 686 dotibus
1402 671 1417 696 ,
1448 630 1549 686 sed
1569 647 1641 686 ex
1658 631 1958 704 principali

361 728 554 768 eorum
571 725 782 781 quercu
804 707 951 778 (nam
971 706 1069 762 Gr.
1090 705 1223 780 δρῦς
1250 714 1333 761 est
1360 721 1597 778 quercus
1625 712 1680 760 et
1706 705 1870 778 silva)
1900 708 1962 761 in

363 788 530 851 locis,
578 784 679 838 ubi
705 783 885 854 magis
913 779 1223 836 condensae
1254 780 1475 836 arbores
1504 797 1569 835 ac
1592 779 1739 836 silva
1774 782 1962 836 consi-

361 868 540 923 stunt,
581 858 686 912 etsi
723 873 960 928 quercus
997 855 1211 912 nullam
1248 852 1326 984 ff]
1369 855 1635 910 ultionem
1668 862 1843 926 petut3
1908 865 1962 911 et

363 933 714 1006 quercisecae
753 929 868 1002 (Gr.
899 929 1210 1004 δρυοκόποι)
1289 931 1509 984 icuntur
1522 969 1535 994 ,
1582 929 1681 1000 qui
1710 945 1962 986 caesores

358 1017 491 1064 sunt
515 1009 682 1063 etiam
703 1005 970 1070 abietum,
1011 1005 1303 1061 cedrorum
1322 1021 1387 1059 ac
1404 1003 1806 1069 consimilium,
1848 1005 1962 1059 imo

363 1084 530 1140 etiam
559 1081 809 1146 illarum,
851 1096 923 1135 ex
947 1079 1157 1151 quibus
1194 1079 1451 1135 convenit
1484 1080 1625 1151 erigi
1662 1079 1957 1144 cancellos,

364 1157 642 1231 ὄρύφακτα
669 1156 867 1211 dictos.
945 1156 1059 1210 Nec
1086 1171 1196 1210 non
1224 1154 1484 1210 arborum
1500 1153 1713 1208 fructus
1734 1155 1963 1210 univer-

363 1235 491 1297 sim,
516 1240 628 1287 tam
647 1230 1075 1286 domesticarum
1090 1245 1261 1300 quum
1280 1229 1599 1302 agrestium,
1620 1229 1821 1299 querni
1842 1227 1963 1284 fru-

365 1315 486 1362 ctus
523 1305 787 1360 dicuntur
825 1320 890 1358 ac
921 1303 1060 1360 olivi
1071 1344 1089 1369 >,
1142 1304 1289 1360 sicut
1324 1312 1377 1358 et
1414 1320 1681 1376 quercum
1719 1311 1965 1359 matura-

365 1389 478 1436 tam
497 1381 618 1435 sive
637 1378 828 1452 fagum
845 1378 1194 1449 primitivum
1212 1379 1497 1434 nominant
1514 1377 1677 1432 illum
1697 1376 1961 1444 fructum,

363 1455 464 1527 qui
493 1469 662 1526 super
685 1454 932 1525 plantam
959 1455 1297 1511 maturescit.
1374 1451 1494 1508 Uno
1522 1453 1718 1520 verbo,
1761 1470 1965 1509 nomen

368 1545 607 1602 quercus
628 1536 682 1584 et
699 1527 880 1585 olivae
898 1537 960 1584 ut
981 1529 1380 1602 principalium
1406 1529 1619 1584 cunctis
1649 1529 1961 1601 imponunt.

477 1633 687 1688 Sodoma·
705 1649 836 1688 vero
855 1633 1179 1706 apparuisse
1198 1633 1320 1688 iure
1338 1631 1550 1688 dictum
1567 1640 1671 1697 est,
1694 1633 1965 1704 quoniam

368 1708 590 1764 habitus
631 1716 684 1765 et
721 1710 882 1781 quies
915 1708 1335 1781 tranquillitatis
1364 1714 1451 1762 est
1476 1708 1718 1780 corporis
1755 1708 1961 1763 sessio:

367 1801 526 1840 mens
549 1793 731 1840 autem
751 1785 1017 1857 sapientis
1037 1782 1261 1857 quando
1280 1783 1339 1837 in
1357 1784 1547 1854 quiete
1570 1791 1625 1838 et
1646 1797 1781 1853 pace
1800 1799 1968 1838 secu·-

365 1877 425 1915 η
445 1860 632 1916 sedeat
645 1903 658 1926 ‚
687 1861 840 1917 illam
867 1875 1010 1934 quae
1029 1858 1339 1915 secundum
1357 1857 1771 1930 intelligibilem
1788 1858 1965 1912 vitam

369 1934 576 1990 laboris
590 1937 838 1990 nesciam
852 1975 866 2001 ,
907 1933 1337 1990 similitudinem
1356 1934 1473 1990 veri
1496 1933 1637 1988 entis
1658 1931 1749 1987 dei
1770 1933 1965 1987 volens

367 2009 602 2071 imitari,
641 2018 913 2078 quantum
943 2008 1062 2063 fieri
1086 2010 1288 2081 possit,
1332 2008 1571 2063 humans
1590 2015 1781 2062 natura
1802 2008 1967 2061 simi-

369 2081 480 2134 lem
509 2081 768 2152 origimli
797 2081 1065 2138 describit
1090 2083 1383 2138 obscuram
1410 2082 1661 2137 formam.
1739 2083 1821 2135 Aa
1838 2086 1966 2136 osti-

367 2171 456 2207 um
481 2169 612 2208 vero
647 2155 970 2208 tabernaculi
1005 2161 1181 2211 sedero
1210 2175 1239 2211 s
1336 2157 1525 2213 bolum
1565 2173 1686 2210 esse
1721 2155 1961 2219 videtur,

368 2226 518 2299 quod
539 2243 738 2298 corpus
755 2228 920 2298 qussi
939 2231 1126 2285 tunica
1142 2232 1236 2302 pel
1261 2233 1405 2296 icea,
1446 2239 1509 2286 ut
1528 2229 1664 2285 alias
1690 2245 1844 2286 sacra
1864 2230 1966 2284 do-

369 2302 510 2358 mini
539 2301 792 2357 mandata
821 2312 1236 2375 nuncuparunt,
1288 2307 1503 2360 animae
1538 2312 1648 2373 est;
1699 2305 1833 2376 quin
1871 2305 1964 2359 via

369 2376 608 2433 efficitur
635 2377 905 2442 colorum,
945 2377 1273 2450 figurarum,
1322 2395 1547 2444 vocum,
1589 2379 1884 2434 humorum
1912 2388 1966 2433 et

368 2469 636 2525 vaporum
649 2494 662 2518 ‚
691 2460 1123 2524 cunctorumque
1146 2454 1520 2509 sensibilium.
1596 2453 1763 2509 Decet
1782 2461 1966 2510 autem

368 2529 574 2583 virtute
593 2528 809 2600 pollens
831 2526 1125 2582 consilium
1146 2527 1337 2584 sedere
1355 2545 1528 2599 prope
1548 2527 1616 2582 ad
1634 2545 1835 2583 sensus
1848 2567 1862 2591 ,
1904 2536 1967 2582 ut

369 2602 594 2665 ianitor,
656 2619 726 2656 ne
759 2603 1059 2673 quicquam
1102 2604 1287 2657 nocivi
1324 2606 1621 2659 introrsum
1656 2601 1965 2670 surripiens

369 2689 534 2728 causa
563 2691 738 2730 noxae
766 2677 840 2730 sit
869 2679 1110 2741 animae,
1161 2691 1335 2746 quum
1365 2691 1587 2744 compos
1617 2682 1698 2728 est
1729 2689 1848 2727 eam
1877 2675 1966 2728 in-
