2125 3084
167 172 250 235 [IL
275 168 394 231 396]
506 172 586 216 IN
627 172 979 217 GENESIN.
1026 172 1285 219 SERMO
1322 176 1406 222 IV.
1660 174 1759 227 223

165 274 338 331 dubie
369 273 648 344 sapientes
676 278 832 336 sunt,
873 280 1138 343 ponentes
1166 290 1297 337 sane
1323 277 1542 347 nomina
1578 296 1763 336 rerum

169 348 530 411 declarativa,
571 346 780 417 quibus
818 354 1098 419 tamquam
1135 364 1205 402 ex
1242 350 1467 419 speculo
1496 360 1607 407 tam
1634 372 1763 426 pro-

167 426 426 497 prietates
447 438 632 477 rerum
654 430 933 493 apparent,
955 438 1123 493 quam
1144 422 1353 495 figurae
1372 425 1757 485 evidentiores,

167 501 354 555 Priora
375 499 564 568 itaque
583 506 836 568 repetens
857 497 982 551 dico
997 538 1009 561 ‚
1032 496 1181 569 quod
1201 499 1332 569 quia
1354 500 1761 559 eruditissimus

165 583 320 647 pater
347 572 747 644 appellaverat,
789 579 1077 627 contentus
1103 582 1157 643 et
1175 574 1297 643 ipse
1318 572 1424 628 fuit
1444 577 1761 633 nominibus

168 650 236 704 ab
253 648 416 704 initio
437 646 658 701 inditis:
710 648 864 701 novit
883 647 1059 711 enim,
1092 648 1268 719 quod,
1302 650 1349 702 si
1372 658 1636 706 mutasset
1665 670 1763 708 no—

166 726 315 779 mina
329 765 342 787 ‚
360 720 724 777 'commutaret
743 722 908 776 etiam
928 739 1016 776 res
1037 723 1208 793 ipsas.
1286 722 1761 789 Quemadmodum

163 818 222 855 se
253 799 461 853 habent
491 798 656 851 etiam
683 796 892 870 figurae
911 798 1311 870 geometricam,
1346 800 1477 870 quia
1495 802 1543 855 si
1566 801 1761 875 singu-

165 876 346 929 larum
365 890 436 927 ex
463 872 604 943 ipsis
632 871 910 943 propriam
941 872 1364 944 appellationem
1393 876 1520 947 quis
1549 887 1760 933 mutare

163 948 308 1005 velit
323 989 336 1012 ‚
369 946 604 1002 mutabit
624 955 678 1002 et
695 947 933 1003 subiecti
945 948 998 1020 *)
1020 956 1289 1004 naturam.

280 1122 377 1175 Gur
408 1124 460 1173 in
491 1120 615 1172 valle
653 1118 938 1171 Gerarorum
975 1124 1140 1186 (erat)
1168 1129 1369 1189 puteus?
1403 1127 1508 1188 (26,
1546 1130 1647 1190 19.)
1734 1198 1741 1205 .

283 1244 402 1296 495.
453 1241 656 1297 Gerar-a
681 1242 990 1313 explicatur
1015 1244 1599 1317 peregrinatio**);
1653 1247 1755 1301 hoc

161 1327 354 1373 autem
382 1316 690 1390 symbolum
717 1326 800 1372 est
825 1326 878 1373 et
901 1315 974 1391 [*]
999 1318 1281 1391 duplicem
1309 1336 1439 1391 prae
1466 1338 1526 1376 se
1544 1321 1648 1377 fert
1667 1340 1754 1377 ra-

261 1496 308 1541 ¹)
337 1492 442 1533 Cod.
471 1491 526 1533 0:
572 1492 806 1531 subiectam.
859 1490 1015 1532 Auch-

267 1562 337 1608 ⁸·)
380 1559 496 1602 Alibi
537 1558 724 1598 dixerat:
787 1558 904 1607 Aaou·
944 1562 1243 1609 interpretatur
1280 1565 1663 1613 peregrinatio,
1710 1570 1751 1603 et

165 1614 330 1653 Germ-a
363 1614 585 1659 septum.
637 1609 799 1649 Auch.

159 1886 318 1942 sunt‚
341 1884 600 1947 tanquam
615 1877 684 1933 de
703 1877 928 1950 speculo
947 1877 1289 1931 declarantes
1308 1891 1529 1930 suarum
1552 1877 1753 1932 forma-

159 1972 289 2011 rum
311 1952 669 2008 conditiones.
747 1952 882 2008 Inde
899 1952 1041 2023 patri
1062 1950 1269 2005 directa
1290 1951 1633 2023 singulorum
1652 1970 1753 2006 vo-

160 2029 366 2085 cabula
393 2026 644 2083 sufficere
673 2035 880 2090 certus,
923 2026 1201 2099 praevidit
1224 2042 1295 2080 ne
1314 2025 1541 2081 imitatis
1562 2025 1747 2099 (mar-9.

159 2104 408 2177 mutatis)
445 2103 760 2159 nominibus
799 2102 1157 2157 imitationem
1194 2100 1377 2174 (mar-9.
1415 2101 1754 2156 immutatio-

160 2180 308 2253 nem)
327 2195 416 2233 res
435 2180 616 2251 capiat
629 2220 642 2244 ,
671 2187 735 2233 ut
753 2176 892 2233 solet
909 2177 970 2231 in
1001 2177 1329 2250 geometriae
1350 2176 1569 2250 liguria,
1614 2192 1757 2247 qua—,

159 2273 282 2310 rum
303 2254 558 2327 singulae
581 2254 700 2309 suis
730 2261 993 2308 vocantur
1021 2253 1309 2307 momentis
1325 2294 1337 2317 ‚
1377 2266 1515 2323 quas
1546 2252 1594 2305 si
1624 2252 1751 2322 quis

161 2339 372 2385 mutare
393 2329 658 2392 voluerit,
691 2335 932 2383 mutatur
949 2328 1114 2383 etiam
1135 2344 1329 2382 sensus
1350 2336 1561 2383 natura.

339 2502 526 2568 thuid
554 2504 603 2553 in
637 2502 761 2554 valle
801 2502 1015 2553 Gerar-ae
1042 2504 1179 2568 putei
1209 2519 1307 2552 esse
1341 2502 1585 2553 dicuntur?

277 2626 394 2677 ⁴95.
435 2623 826 2692 Interpretatur
849 2622 1054 2677 Germ-a
1080 2620 1435 2677 incolatus,
1514 2624 1623 2679 Hoo
1654 2639 1752 2677 au-

164 2697 436 2769 spicabile
453 2696 664 2751 dictum
694 2698 914 2769 gemino
939 2713 1106 2752 sensu
1134 2696 1582 2752 nanciscendum.
1662 2698 1753 2751 In·-
