2125 3084
388 200 480 252 ⁴26
824 204 1196 250 PHILONIS
1242 203 1513 250 1UDAEI
1765 200 1846 268 [1,
1879 205 2024 269 ηπ]

382 320 603 377 quoque
636 320 795 359 suam
828 303 1037 359 haedus
1065 304 1344 369 movebat,
1385 305 1540 359 iuxta
1575 313 1778 373 nutus,
1849 326 2016 381 quos

382 380 588 437 Calliae
606 395 801 435 manus
820 378 1017 434 edebat
1026 378 1100 451 ⁴¹²).

494 458 581 513 25.
624 453 763 509 Sunt
783 455 945 509 etiam
966 454 1152 525 aliqua
1171 453 1534 527 (animantia),
1559 472 1704 527 quae
1725 466 1785 512 et
1805 461 2006 515 servi-

386 531 437 585 le
454 530 703 587 officium
719 528 1000 593 ediscunt,
1024 529 1321 601 diligenter
1339 528 1572 601 obsequi
1595 532 2001 589 ministrorum

384 622 531 661 more
547 645 559 668 ,
584 602 807 658 assidue
826 604 967 659 inter
985 620 1043 658 se
1062 603 1438 659 contendendo
1453 646 1466 669 ,
1497 613 1551 659 et
1571 606 1730 662 hisce
1752 609 1998 681 plenum

382 689 497 737 erat
522 678 923 751 spectaculum3
976 687 1140 749 atque
1175 679 1501 751 singillatim
1544 684 1838 753 propriam
1878 685 1995 739 sihi

380 753 794 810 ostentationem
814 753 1152 808 exhibebant
1167 753 1372 824 populo
1391 754 1601 810 bestiae
1621 758 1768 812 istae
1783 798 1798 822 ,
1823 761 1993 829 quasi

382 829 591 885 dixeris
620 828 871 883 ludentes
904 827 973 882 ad
1003 836 1196 882 nutum
1236 828 1627 901 ludimagistri.
1709 830 1880 898 Quod
1909 842 1994 887 ta-

384 922 507 960 men
536 921 643 959 non
676 902 794 958 ludi
820 920 907 959 res
934 911 1043 965 est,
1099 902 1198 957 sed
1231 902 1415 957 studio
1453 904 1680 959 virtutis
1720 906 1984 980 dignum.

382 979 670 1051 Siquidem
700 978 873 1033 risum
902 978 961 1033 id
985 986 1168 1031 movet
1197 977 1617 1048 insipientibuS,
1667 982 1982 1051 quioculos

381 1055 551 1109 animi
586 1054 973 1117 obcaecarunt,
1034 1052 1134 1107 sed
1171 1051 1416 1107 studium
1457 1055 1562 1107 erit
1600 1056 1974 1127 sapientibus»,

380 1145 613 1200 quorum
641 1137 849 1183 mentes
880 1127 1096 1183 lucidae
1123 1135 1252 1181 sunt
1273 1135 1326 1182 et
1347 1135 1536 1181 acutae
1556 1129 1709 1184 visu.
1793 1132 1978 1203 Itaque

382 1202 819 1274 magnitudinem
848 1211 1072 1258 naturae
1097 1201 1376 1257 rationalis
1396 1200 1698 1275 diligenter
1717 1206 1848 1260 sine
1865 1208 1976 1260 risu

380 1278 605 1331 honeste
626 1278 1019 1341 examinantes,
1046 1276 1360 1348 opinionem
1381 1276 1656 1348 deponite,
1684 1282 1975 1335 veritatem

378 1352 604 1415 discite,
642 1360 705 1405 ut
728 1349 781 1425 [*
826 1353 1156 1407 instauretur
1183 1352 1494 1421 persuasio,
1537 1369 1742 1423 nempe
1771 1358 1973 1427 pretio-

379 1442 503 1480 sum
524 1442 645 1479 esse
665 1442 773 1496 apu
832 1426 995 1480 deum
1010 1468 1024 1489 ,
1046 1434 1102 1481 et
1126 1424 1444 1481 honoratum
1465 1435 1520 1481 et
1541 1426 1707 1483 laude
1729 1430 1970 1485 celebra-
2042 1423 2052 1433 ’

378 1510 495 1555 tum
516 1500 663 1645 apuu}
695 1500 943 1555 homines
974 1500 1140 1555 deum
1169 1499 1464 1573 diligentes
1492 1517 1669 1573 genus
1703 1504 1811 1559 hoc
1838 1504 1969 1578 (ani-

378 1574 645 1629 mantium
673 1616 683 1627 .

484 1668 572 1723 26.
620 1666 689 1721 At
716 1664 1063 1737 praelaudata
1094 1666 1378 1731 animalia,
1419 1667 1683 1739 inquiunt
1717 1670 1958 1740 quidam,

380 1741 601 1797 discunt
616 1741 841 1813 quidem
860 1740 1074 1812 aliquid
1088 1783 1100 1806 ,
1125 1742 1223 1796 sed
1245 1758 1307 1797 eo
1328 1744 1504 1814 magis
1519 1782 1531 1806 ,
1565 1752 1774 1813 quanto
1795 1746 1962 1817 magis

382 1819 591 1873 cicures
621 1819 757 1883 sint;
809 1819 1041 1889 agrestia
1083 1834 1211 1872 vero
1245 1834 1352 1871 non
1381 1818 1569 1888 polite.
1647 1818 1794 1873 Ecce
1825 1822 1960 1874 enim

380 1894 544 1948 etiam
572 1892 756 1964 aliqua
786 1893 1017 1965 agrestia
1058 1898 1112 1945 et
1148 1893 1375 1946 minime
1412 1891 1788 1947 mansuefacta
1815 1894 1959 1947 vide-

380 1976 505 2022 runt
526 1967 750 2038 quidam
769 1967 827 2021 in
850 1966 1062 2023 scholas
1083 1967 1301 2021 venisse
1316 2007 1329 2030 ,
1361 1965 1730 2022 familiaritate
1753 1968 1952 2039 adepta.

488 2058 575 2114 27.
615 2058 1037 2129 Elephantorum
1071 2075 1206 2130 gens
1240 2074 1420 2113 nonne
1450 2056 1688 2113 ferarum
1729 2061 1953 2115 maxime

379 2132 608 2205 agrestis
634 2132 750 2187 est‘?
788 2133 1035 2187 Attamen
1066 2150 1135 2187 ex
1163 2133 1336 2205 Libya
1363 2133 1596 2196 BaobaS‚
1641 2134 1952 2189 Germanico

377 2208 594 2264 Caesari
624 2206 869 2278 undique
898 2207 967 2262 ad
994 2224 1250 2279 pompam
1281 2207 1399 2262 ludi
1430 2217 1752 2279 apparatum
1780 2210 1952 2280 dispo-

378 2284 555 2346 nenti,
581 2300 644 2337 eo
664 2291 905 2353 tempore
924 2298 1033 2353 quo
1057 2281 1126 2335 de
1146 2282 1431 2336 consulatu
1450 2284 1746 2337 certamina
1767 2300 1951 2355 propo-

378 2358 567 2421 nebat,
618 2374 814 2411 novam
852 2374 965 2411 rem
1002 2358 1290 2429 magnifice
1321 2367 1602 2429 praestans
1631 2358 1778 2413 dono
1815 2358 1950 2415 misit

376 2448 600 2502 gregem
629 2430 979 2501 elephantum
998 2432 1146 2486 domi
1171 2432 1664 2487 mansuefactorum
1687 2433 1756 2489 ad
1777 2434 1948 2487 cibum

376 2511 429 2555 et
449 2513 636 2573 potum
656 2504 1027 2578 deliciose**).
1057 2507 1126 2561 Et
1146 2506 1284 2576 quid
1303 2515 1512 2577 oportet
1533 2506 1719 2562 dicere
1739 2508 1806 2563 de
1823 2508 1943 2570 illis,

472 2636 540 2732 a)
559 2644 1135 2741 ”Siirffiliacoagxrxmdld
1155 2647 1844 2739 &ggfflmpuxt'ffaamfieflffnffiffltn
1887 2699 1933 2737 11

371 2732 605 2775 Martialem
631 2740 704 2779 lib.
736 2741 771 2779 1.
804 2744 937 2791 epigr.
971 2746 1083 2783 1025.
1145 2744 1368 2788 Ancher.
1449 2726 1462 2745 ³
1517 2725 1526 2737 ι
1845 2724 1855 2745 ¹
1941 2728 1950 2739 ⁸
