2125 3084
324 186 393 237 74
570 186 768 234 PHIL.
804 186 955 233 IUD.
996 186 1322 245 QUAEST.
1359 185 1459 231 ET
1499 186 1664 233 SOL.
1713 182 1946 251 [11,252·.]

325 300 487 347 tenus
502 330 515 353 ‚
556 305 657 360 per
686 287 1076 360 castigationes
1098 285 1316 341 debitas
1341 287 1734 341 correctionem
1759 286 1948 343 refor-

326 373 557 432 matam;
608 363 841 417 caeteris
878 378 1011 418 vero
1048 362 1322 415 immenso
1357 370 1412 416 et
1449 360 1732 417 indicibili
1769 363 1946 419 modo

326 438 838 512 praevaricantibus
852 478 866 502 ‚
918 436 1228 492 absolutam
1267 435 1686 493 retributionem
1721 455 1944 509 poenae

326 532 390 569 ac
416 513 705 586 supplicii.

438 590 629 661 ltaque
642 629 658 653 ‚
701 587 971 643 veraciter
998 604 1063 641 ac
1084 587 1308 658 proprie
1328 586 1606 658 loquendo
1619 627 1632 652 ,
1675 603 1942 642 mensura

326 665 743 728 universorum,
786 670 898 717 tam
927 662 1404 735 intelligibilium,
1451 679 1620 733 quam
1647 662 1943 717 sensibili-

327 758 423 794 um
438 782 451 805 ,
483 757 629 795 unus
652 748 735 794 est
756 737 894 795 deus
908 778 922 802 ‚
947 738 1046 809 qui
1069 738 1126 791 in
1149 738 1271 809 ipsa
1288 738 1498 792 unitate
1517 737 1752 792 trinitati
1771 738 1942 791 simi-

328 815 400 869 lis
422 821 649 887 apparet
665 813 737 870 ob
759 812 1073 868 videntium
1084 812 1478 867 infirmitatem.
1517 811 1942 878 Quoniamocu-

330 890 418 945 lus
459 890 632 943 animi
661 905 831 960 quam
860 886 1084 942 lucidus
1113 887 1438 943 obscuratur
1465 895 1760 959 antequam
1788 886 1941 943 fixus

329 963 576 1019 fueritin
598 963 761 1018 illum
784 962 1093 1018 secundum
1114 963 1400 1026 unitatem,
1424 963 1710 1033 incompos
1730 961 1940 1018 viden-

328 1038 390 1094 di
427 1038 607 1094 solum
646 1039 769 1094 sine
808 1038 918 1093 alio
956 1037 1220 1109 quodam.
1307 1036 1466 1093 Sicut
1499 1038 1650 1092 enim
1687 1040 1937 1108 corporis

329 1114 525 1169 oculus
555 1114 761 1169 debilis
792 1112 967 1169 factus
996 1130 1162 1184 saepe
1185 1129 1255 1166 ex
1273 1128 1382 1167 una
1403 1112 1626 1168 lucerna
1648 1111 1936 1183 duplicem

330 1190 551 1261 attingit
572 1189 989 1261 apparitionem,
1014 1188 1098 1241 sic
1118 1187 1284 1241 etiam
1306 1188 1522 1243 animae
1541 1186 1736 1243 oculus
1755 1203 1935 1258 quum

328 1271 567 1335 nequeat
594 1280 770 1317 unum
798 1263 945 1317 sicut
974 1277 1152 1315 unum
1185 1262 1679 1333 comprehendere,
1729 1262 1934 1316 trinam

326 1339 740 1411 perceptionem
761 1335 921 1399 facit,
960 1336 1117 1390 iuxta
1138 1335 1416 1393 adstantes
1436 1339 1536 1394 uni
1557 1336 1934 1409 apparitiones

328 1410 726 1485 principalium
746 1412 1017 1465 virtutum
1042 1412 1440 1468 ministrarum.

438 1496 779 1568 Quapropter
808 1502 863 1551 et
884 1497 1146 1569 princeps
1167 1498 1558 1571 prophetarum
1581 1499 1933 1554 nuntiorum-

328 1590 439 1643 que
449 1571 502 1646 *)
534 1573 713 1628 Moses
741 1580 891 1643 optat
910 1589 1086 1627 unum
1107 1573 1268 1629 illum
1287 1574 1497 1647 absque
1517 1574 1820 1629 virtutibus
1841 1573 1934 1628 vi-

329 1647 489 1712 dere,
539 1655 821 1719 tamquam
856 1664 1031 1701 unum
1069 1649 1378 1704 secundum
1414 1649 1708 1705 unitatem:
1761 1664 1930 1720 quem

328 1740 491 1777 nemo
512 1732 653 1788 arte,
696 1724 969 1795 sapientia
998 1724 1089 1779 vel
1119 1724 1308 1795 aliquo
1335 1726 1390 1779 in
1423 1726 1689 1779 creaturis
1713 1722 1786 1799 [Ἴ
1813 1740 1932 1777 me-

331 1798 689 1875 diqsperavit
710 1800 1005 1872 attingere,
1047 1801 1334 1871 superiora
1358 1798 1668 1871 pervadens
1695 1799 1764 1853 ab
1785 1796 1930 1852 infra

330 1892 553 1929 sursum
606 1874 973 1947 procedendo.
1072 1876 1212 1931 Nam
1248 1875 1297 1928 is
1342 1873 1575 1947 (Moses)
1621 1871 1929 1946 principale

327 1949 473 2005 illud
501 1951 887 2005 universorum
922 1950 1142 2006 volebat
1177 1950 1290 2004 sibi
1324 1966 1632 2014 assumere,
1677 1966 1840 2003 orans
1867 1956 1930 2003 ut

328 2025 589 2077 misertus
618 2025 790 2077 animi
822 2024 991 2079 deum
1022 2026 1258 2079 amantis
1287 2022 1404 2095 (vel
1433 2041 1464 2080 a
1484 2023 1588 2080 deo
1615 2024 1810 2097 amati)
1841 2022 1930 2078 di-

328 2104 590 2167 gnaretur
630 2113 893 2167 apparere
932 2099 1043 2152 sibi
1085 2100 1236 2153 solus
1273 2100 1396 2155 sine
1435 2099 1570 2167 alio;
1627 2100 1706 2154 ait
1749 2099 1924 2153 enim:

326 2170 567 2226 Monstra
593 2174 719 2223 mihi
746 2180 816 2233 te,
860 2181 917 2225 ut
934 2177 1272 2240 familiariter
1292 2179 1492 2229 videam
1513 2184 1559 2228 te
1579 2182 1729 2241 (Gen.
1755 2182 1835 2240 18,
1853 2178 1926 2238 3).

444 2243 727 2299 Caeterum
750 2245 957 2315 optime
965 2256 1102 2317 -post
1113 2256 1221 2301 tres
1235 2265 1522 2305 mensuras
1530 2252 1930 2303 subcinericium

328 2318 501 2385 dixit,
536 2336 645 2373 non
666 2317 845 2375 solum
865 2320 1017 2390 quod
1037 2321 1358 2377 abscondita
1380 2332 1464 2379 est
1483 2341 1514 2380 a
1534 2323 1726 2378 multis
1747 2324 1928 2379 scien-

326 2396 400 2449 tia
434 2402 487 2449 et
515 2394 815 2450 intellectio
840 2396 1144 2465 sapientiae
1170 2398 1343 2467 patris
1365 2406 1418 2453 et
1437 2398 1786 2470 superiorum
1807 2398 1926 2453 eius

326 2469 563 2549 duarum
603 2470 899 2533 virtutum,
960 2486 1155 2524 verum
1195 2471 1362 2525 etiam
1405 2472 1557 2543 quod
1604 2471 1924 2527 huiusmodi

326 2545 707 2613 quaestionem
742 2544 1008 2599 abscondi
1040 2550 1252 2615 oportet
1286 2553 1340 2600 et
1373 2562 1483 2601 non
1519 2548 1738 2601 cunctis
1771 2564 1928 2601 mon-

428 2684 471 2730 ·)
514 2694 550 2723 s.
596 2686 923 2735 uectorumque,
993 2684 1049 2724 ad
1082 2684 1282 2723 verbum:
1326 2686 1646 2735 arctabo-opheta
1679 2691 1717 2727 et
1749 2689 1927 2728 mehan-

326 2734 455 2781 9elm.
508 2734 728 2774 Aucher.
