2125 3084
191 200 411 275 [trus]
558 208 643 253 IN
682 174 1334 257 GEfins1N.'sEnmo
1370 210 1458 259 ιν.
1731 208 1796 259 69

130 297 147 309 “
190 310 329 375 „Dii
348 316 537 363 tamen
556 309 868 381 peregrinis
889 309 1104 363 similes
1131 308 1262 365 facti
1289 310 1647 385 alienigenis,
1687 313 1795 367 sub

185 386 339 441 omni
380 384 571 456 specie
606 384 965 439 ambulabant
990 386 1199 459 ignoti,
1247 382 1583 457 multiplices
1613 386 1796 442 homi-

184 478 321 516 num
342 460 581 514 iniurias
594 499 609 523 ,
653 460 975 531 iniquitates
996 476 1061 515 ac
1080 460 1320 533 optimas
1337 461 1490 535 leges
1505 462 1686 517 oculis
1705 463 1796 517 vi-

186 535 387 591 dentes
405 534 649 607 propriis
659 532 735 608 ³¹⁵).
752 541 789 565 “

232 690 401 749 Quoee
434 689 575 741 dicim·
631 728 669 755 „
692 690 870 742 Videas
894 693 1141 756 procurret
1173 694 1360 744 obviam
1393 692 1512 755 illie,
1559 702 1606 743 et
1639 693 1756 744 ado-

606 759 737 809 ravit
767 760 819 809 in
854 763 1110 811 terram“?
1149 766 1260 827 (18,
1297 763 1374 827 2.)

300 866 356 917 3.
414 860 551 927 Eos,
596 862 697 933 qui
726 860 1035 917 inconsulto
1065 863 1187 917 sine
1215 864 1442 936 praevia
1477 863 1797 919 considera-

181 938 339 993 tione
360 936 687 1009 visioneque
709 937 977 1009 impetum
1000 936 1212 993 faciunt
1226 955 1450 1011 quoquo
1465 980 1478 1004 ,
1501 947 1686 994 monet
1706 938 1796 993 in-

184 1021 411 1067 struens
425 1053 438 1075 ‚
482 1028 591 1065 non
614 1008 687 1085 [³¹¹²]
715 1020 873 1066 antea
892 1012 1286 1069 incurrendum
1308 1031 1428 1069 esse
1449 1016 1608 1086 prius
1625 1032 1795 1085 quam

184 1095 337 1143 certe
358 1085 599 1143 viderint
628 1103 691 1141 ac
718 1088 973 1159 persuasi
1002 1086 1230 1142 fuerint.
1309 1087 1676 1155 Quamobrem
1706 1087 1796 1142 di·-

186 1164 301 1217 xit:
349 1162 517 1227 Quum
542 1166 780 1226 vidisset,
814 1168 1073 1227 cucurrit,
1116 1170 1304 1235 utpote
1323 1161 1687 1235 praecedente
1708 1162 1798 1218 vi-

186 1254 288 1292 sus
317 1237 670 1308 perceptione
699 1244 1068 1309 consequatur
1094 1254 1235 1310 opus
1265 1236 1696 1311 invituperabile
1735 1255 1798 1291 ac

186 1320 428 1387 gratum.
495 1312 659 1367 Porro
678 1314 884 1385 optime
906 1312 1138 1368 dicitur:
1179 1314 1456 1383 Postquam
1479 1317 1700 1376 viderat,
1724 1312 1796 1367 il-

188 1388 300 1443 lico
328 1392 566 1442 cucurrit
586 1392 643 1442 in
662 1402 934 1443 occursum
942 1408 961 1456 ,·
1014 1390 1116 1461 qui
1139 1389 1287 1444 enim
1307 1387 1546 1443 necdum
1568 1387 1789 1453 viderit,

188 1480 317 1518 eum
339 1462 617 1527 cunctari,
658 1464 757 1535 qui
786 1480 914 1517 vero
933 1463 1046 1517 iam
1066 1463 1272 1519 viderit
1291 1464 1591 1539 condigna,
1635 1462 1795 1519 festi-

188 1556 320 1593 nare
350 1555 414 1593 ac
445 1554 664 1593 currere
692 1554 932 1610 aequum
960 1547 1062 1594 est.
1143 1538 1430 1595 Caeterum
1458 1540 1629 1594 nimis
1659 1539 1795 1593 dili-

187 1622 381 1688 genter
402 1612 775 1667 adorationem
804 1619 860 1667 in
890 1622 1084 1670 terram
1113 1615 1190 1669 ait
1219 1616 1426 1688 egisse3
1480 1632 1590 1669 non
1621 1616 1790 1679 enim,

188 1691 238 1743 si
267 1688 407 1744 forte
438 1687 691 1743 homines
720 1688 955 1745 fuissent
983 1688 1240 1745 mortales
1256 1732 1268 1755 ,
1313 1689 1540 1745 adorare
1568 1688 1791 1751 licebat,

189 1764 289 1819 sed
335 1780 467 1819 eum
515 1764 614 1834 qui
658 1780 827 1835 super
866 1764 1096 1832 caelum*
1121 1773 1176 1820 et
1211 1773 1415 1819 terram
1455 1771 1508 1818 et
1544 1763 1794 1818 universi

188 1838 385 1895 mundi
414 1838 557 1895 deus
586 1846 689 1895 est.

260 1988 427 2056 (Quid
458 1990 559 2053 est)
593 1987 845 2053 „Domine
854 2025 870 2053 ‚
906 1990 953 2039 si
984 1988 1146 2039 inveni
1173 1988 1384 2053 qratiam
1420 1996 1531 2038 ame
1565 1996 1634 2050 te,
1673 2004 1731 2037 ne

489 2066 774 2120 praetereas
805 2073 987 2107 servum
1022 2058 1229 2107 tuum“?
1272 2058 1379 2119 (18,
1415 2056 1492 2116 3.)

300 2162 352 2215 4.
414 2160 577 2215 Nunc
614 2160 796 2233 magis
834 2158 1028 2214 liberis
1067 2158 1245 2213 oculis
1285 2167 1340 2214 et
1367 2158 1638 2215 lucidiore
1667 2160 1796 2214 visu

194 2243 373 2290 certus
394 2234 651 2291 redditur
670 2234 985 2291 intellectus
1006 2232 1076 2289 de
1097 2234 1330 2299 visione,
1356 2252 1464 2293 non
1486 2252 1654 2308 perva
1698 2251 1796 2288 ans

190 2310 279 2365 vel
311 2310 573 2364 aberrans
605 2326 835 2365 numero
861 2310 1003 2366 trino
1024 2316 1078 2364 et
1095 2310 1398 2383 quantitate
1417 2310 1644 2363 multitu
1686 2310 1797 2361 inis

193 2400 254 2439 eo
273 2384 548 2440 violenter
570 2391 859 2449 attractu5‚
892 2383 991 2439 sed
1012 2402 1238 2441 currens
1259 2383 1329 2439 ad
1350 2400 1526 2439 unum
1540 2422 1553 2445 ‚
1587 2382 1799 2453 quique

194 2475 455 2531 apparere
484 2477 545 2514 se
572 2458 709 2517 fecit
736 2462 857 2515 sine
884 2459 1187 2515 virtutibus
1227 2454 1645 2515 assistentibus:
1719 2463 1802 2508 at-

191 2550 299 2607 que
315 2536 393 2590 ita
416 2534 728 2591 clarissime
749 2535 984 2591 intuitus
1002 2541 1084 2592 est
1101 2533 1374 2590 unitatem
1387 2572 1400 2595 ‚
1441 2539 1507 2585 ut
1521 2530 1680 2599 prius
1702 2528 1804 2581 tri-

290 2708 336 2759 “)
380 2709 514 2749 Hom.
543 2708 706 2759 Odyss.
734 2706 798 2753 1⁷,
827 2704 1059 2745 485-487.
1089 2704 1197 2751 (Nos
1222 2701 1453 2741 Ameriam
1481 2699 1616 2737 solam
1643 2698 1804 2736 versio·

192 2768 289 2800 nem
314 2760 372 2801 de
398 2770 521 2800 more
544 2758 699 2801 Latine
725 2756 1034 2806 expressimus.
1084 2754 1267 2797 Auen.)
