2125 3084
336 164 435 217 366
567 166 768 212 PHIL.
807 167 956 212 1111).
995 165 1321 224 QUAEST.
1358 166 1461 212 ET
1512 169 1674 215 801..
1714 163 1957 234 [11,521.]

335 267 554 326 cordiae
587 275 813 322 sumunt
843 265 913 322 ad
947 263 1396 320 constituendum
1424 268 1597 322 unios
1632 271 1767 324 anni
1806 279 1963 327 tem-

337 361 473 418 pus:
543 351 604 398 ut
628 359 797 398 verna
827 349 1147 413 tempestate
1174 340 1358 404 ArieS,
1402 341 1643 407 Taurus,
1690 335 1955 417 Gemini3

333 418 530 476 itidem
550 425 754 473 aestate
776 416 1007 480 Cancer,
1040 417 1151 472 Leo
1167 458 1179 481 ,
1209 417 1403 488 Vir-303
1458 424 1511 471 et
1532 427 1835 476 auctumno
1856 413 1963 478 Iu—
2101 455 2102 504 χ

335 511 498 568 gum,
539 492 795 564 Scorpio,
835 491 1194 564 Sagittarius;
1270 499 1431 562 atque
1471 489 1710 549 hiberno
1750 495 1960 567 Capri-

343 586 570 632 cornus,
601 566 905 639 Aquarius,
949 567 1156 622 Pisces.
1236 565 1530 638 Signorum
1551 585 1685 623 vero
1706 569 1954 642 figuram

337 653 700 714 naturamque
719 641 1007 697 assimulat
1023 647 1173 705 nuci,
1214 641 1441 697 fortasse
1460 642 1613 714 quod
1628 645 1791 714 prius
1811 647 1953 716 pul—

339 719 476 775 lulat
495 734 612 773 nux
629 726 684 776 et
700 716 1051 790 postmodum
1073 715 1330 773 florescit.
1407 717 1653 782 Putatur,
1683 718 1837 789 quod
1861 730 1950 775 et-

336 795 448 860 iam
476 801 698 865 propter
724 809 888 848 voces
923 791 1269 848 harmonicas
1307 793 1367 848 in
1406 801 1560 848 motu
1598 792 1766 860 fact03
1831 812 1945 849 non

338 869 487 924 enim
505 869 700 942 ignoro
719 869 880 924 nucis
899 885 1099 923 nomen
1120 869 1179 936 in
1206 869 1551 939 praeconicis
1578 868 1939 934 celebratum,

335 944 468 1016 quia
506 951 693 999 cortex
727 945 849 1000 eius
887 943 1027 999 solet
1063 944 1306 998 sonitum
1344 960 1407 998 ac
1447 945 1721 1017 crepitum
1754 943 1941 999 edere.

335 1019 652 1088 sphaeroido
682 1026 864 1074 autem
891 1026 1196 1074 contortum
1212 1059 1224 1082 ,
1272 1019 1536 1090 quoniam
1554 1018 1859 1092 quodquod
1880 1021 1943 1075 in

341 1094 492 1150 caelo
511 1102 612 1160 est,
637 1102 810 1150 totum
829 1093 1181 1165 sphaericum
1203 1101 1303 1158 est,
1317 1093 1561 1165 perfecta
1582 1095 1763 1168 figura
1778 1111 1945 1168 prae-

337 1168 515 1224 ditum
529 1211 542 1234 ,
575 1168 1041 1241 quemadmodum
1059 1177 1115 1224 et
1132 1168 1396 1223 mundus.
1462 1171 1659 1226 Litium
1679 1188 1812 1227 vero
1832 1171 1945 1226 for-

281 1299 290 1308 ,
333 1246 500 1300 tussis
517 1252 629 1300 tam
647 1251 868 1315 propter
887 1243 1209 1308 candorem,
1232 1244 1365 1316 quia
1389 1244 1639 1302 lucidum
1662 1256 1773 1312 est,
1809 1247 1943 1302 stel-

339 1320 422 1374 lae
440 1335 571 1374 vero
599 1318 920 1390 splendores
949 1327 1105 1384 sunt,
1147 1335 1315 1390 quam
1345 1319 1527 1375 forsan
1556 1330 1782 1394 propter
1808 1340 1941 1379 axes

335 1391 648 1464 splendoris
667 1394 842 1450 instar
863 1394 1045 1449 lilium
1065 1387 1488 1460 circumdantes,
1515 1397 1781 1467 quoniam
1800 1415 1943 1452 una-

337 1483 558 1539 quaque
577 1468 862 1524 stellarum
898 1467 971 1544 [*]
1005 1470 1356 1541 splendorem
1385 1471 1605 1528 emittit.
1685 1472 1861 1528 Habet
1888 1483 1943 1528 et

339 1542 685 1614 ethopoeiam
725 1544 904 1610 locus,
947 1547 1077 1616 quia
1119 1545 1301 1600 lilium
1341 1545 1558 1617 aliquid
1604 1549 1943 1602 contrarium

337 1618 566 1674 caeteris
604 1617 832 1676 floribus
865 1638 996 1692 prae
1032 1637 1093 1676 se
1132 1619 1262 1676 fert:
1333 1638 1460 1676 nam
1491 1638 1681 1676 eorum
1709 1622 1943 1693 quidam

337 1694 550 1760 hieme,
591 1695 821 1767 quidam
861 1714 990 1753 vero
1027 1713 1197 1752 verno
1236 1704 1481 1769 tempore
1518 1696 1825 1768 pullulant;
1886 1707 1940 1752 at

339 1771 522 1826 lilium
541 1774 896 1844 perveniente
918 1779 1137 1836 aestate,
1153 1789 1328 1844 quum
1348 1772 1550 1828 caeteri
1568 1779 1934 1828 marcescunt.

337 1845 494 1913 Quod
535 1847 849 1920 symbolum
887 1855 969 1903 est
1002 1848 1246 1920 separari
1276 1847 1517 1902 humana
1546 1865 1573 1902 a
1604 1846 1844 1913 diviniS,
1885 1855 1938 1903 et

337 1923 622 1978 immunda
655 1941 684 1978 a
713 1925 912 1988 sacriS,
963 1921 1393 1994 imperfectaque
1422 1941 1453 1978 a
1483 1921 1763 1995 perfectis.
1840 1925 1937 1978 Iti-

339 1996 465 2054 dem
485 1997 582 2053 alii
603 2000 763 2070 aquis
783 1999 997 2072 irrigati
1017 1997 1338 2062 florescunt,
1374 1999 1558 2053 lilium
1578 2007 1763 2054 autem
1782 1999 1935 2062 iuxta

339 2073 645 2128 caniculam
673 2082 907 2146 postque
935 2073 1270 2138 caniculam,
1313 2072 1535 2145 quando
1565 2071 1816 2128 flammae
1847 2074 1936 2127 in-

337 2157 449 2204 star
479 2155 689 2204 aestuat
717 2148 820 2203 sol'.
899 2147 1077 2215 Quare
1108 2158 1161 2203 et
1183 2149 1451 2221 propheta
1479 2148 1711 2220 quidam
1736 2165 1936 2221 specu·
2100 2119 2103 2278 Ι

338 2223 563 2279 lativam
600 2231 821 2296 gentem
859 2221 1081 2297 (Israel)
1118 2224 1255 2279 dicit
1292 2229 1559 2290 florescere
1594 2229 1730 2279 sieut
1770 2228 1939 2278 lilium

338 2307 467 2366 (Jen.
488 2305 568 2366 35,
595 2303 680 2363 1³)
697 2336 710 2362 ,
743 2298 1105 2373 subindicans
1120 2341 1133 2364 ,
1164 2299 1312 2370 quod
1329 2316 1439 2356 non
1460 2295 1769 2354 secundum
1787 2298 1937 2353 idem

337 2381 555 2445 tempus
577 2373 788 2428 fruatur
806 2375 1185 2446 prosperitate,
1200 2373 1299 2428 sed
1320 2391 1430 2445 quo
1449 2381 1691 2444 tempore
1703 2374 1939 2445 aliiper-

336 2449 656 2506 transierint
686 2447 1111 2513 iucunditatem,
1154 2449 1386 2521 incipiat
1412 2449 1531 2505 sine
1556 2449 1938 2504 convenienti-

337 2522 444 2578 bus
465 2526 906 2596 exspectatisque
926 2521 1153 2590 mediis3
1187 2541 1313 2578 nam
1332 2525 1452 2578 sine
1471 2540 1611 2595 aqua
1628 2521 1933 2590 florescere,

337 2598 452 2653 sole
475 2599 827 2653 comburente
841 2639 854 2662 ,
889 2599 988 2653 vix
1007 2597 1344 2670 adaequatur
1365 2600 1712 2656 convenienti
1723 2599 1797 2673 ³⁸²).

440 2725 484 2770 ¹*)
509 2734 544 2762 s.
565 2728 741 2771 praeter
765 2726 998 2775 opinionem
1022 2730 1104 2776 est,
1134 2737 1172 2768 s.
1199 2731 1313 2770 credi
1335 2731 1408 2770 vix
1425 2735 1576 2780 potest.
1628 2730 1790 2772 Auch.
