2125 3084
372 171 469 222 432
859 175 1096 222 PHILO
1135 175 1471 224 mDAEUS
1743 173 1832 240 fu,
1857 175 1974 240 591]

368 275 619 406 ςτῗῑίαιξί
633 283 813 330 autem
843 276 981 330 mihi
1014 274 1522 352 factam-efficantias
1549 293 1721 346 quam
1751 280 1809 333 in
1847 298 1977 350 spe-

370 368 439 406 cu
462 367 495 406 o
522 369 579 408 vi
622 367 705 404 eo.

478 472 563 526 22.
626 465 915 540 Siquidem
954 467 1148 522 timore
1185 485 1272 522 me
1313 475 1521 522 tantum
1558 469 1832 523 instruere
1870 489 1974 526 vo-

368 541 517 608 lenS‚
558 543 793 614 posuisti
825 560 912 597 me
942 544 999 596 in
1030 560 1221 597 securo
1251 541 1368 596 loco
1404 552 1454 596 et
1491 544 1740 613 aperiens
1781 545 1975 616 expli-

368 619 532 674 cuisti
562 617 702 672 mihi
736 618 803 672 ad
832 626 1112 672 externam
1142 617 1412 672 visionem
1442 618 1544 671 ceti
1575 619 1814 672 immane
1843 637 1972 674 cor-

283 706 292 721 *
366 712 500 767 puS‚
553 693 773 766 quod-a
813 709 972 747 caeco
1009 710 1110 747 suo
1149 701 1340 747 ventre
1381 691 1591 764 expulit
1605 689 1656 765 *)
1694 693 1968 749 terrificas

368 786 558 824 omnes
578 769 822 823 visiones
839 810 850 832 ,
880 785 1022 838 quae
1042 776 1306 838 apparent
1326 769 1383 821 in
1405 766 1661 822 tenebris
1719 768 1793 822 De
1817 767 1969 822 duo-

367 843 473 899 bus
493 845 679 916 itaque
702 843 876 898 debeo
897 841 1000 896 tibi
1022 841 1216 897 laudes
1231 884 1243 907 ‚
1288 850 1406 897 tum
1435 842 1584 914 quod
1609 859 1675 897 ex
1695 845 1963 916 gestantis

276 973 283 984 ,
366 937 455 974 me
482 919 591 974 ceti
620 918 880 973 dentibus
910 917 1194 982 exemisti,
1223 913 1297 992 [*]
1321 926 1440 972 tum
1466 917 1614 988 quod
1643 925 1962 973 cunctarum

367 994 604 1050 ferarum
632 995 809 1050 minas
830 993 1109 1065 superavi,
1137 1031 1148 1042 .
1189 993 1420 1066 Respice
1441 1009 1597 1065 ergO‚
1630 1010 1858 1065 quaeso,
1891 993 1964 1047 ad

365 1087 556 1144 preces
586 1071 875 1141 utriusque
904 1069 1073 1123 nostri
1101 1085 1201 1139 per
1230 1067 1440 1140 duplex
1459 1069 1610 1122 vocis
1630 1069 1968 1122 instrumen-

366 1145 608 1200 tumstibi
630 1154 849 1216 propter
870 1161 967 1198 nos
989 1143 1450 1216 supplicationem
1472 1159 1753 1208 exercenS‚
1771 1153 1824 1198 et
1834 1160 1965 1199 con-

366 1220 501 1274 cede
531 1219 671 1273 mihi
694 1219 917 1274 liberari
939 1237 1009 1273 ex
1027 1218 1369 1273 tenebricoso
1390 1219 1665 1290 ergastulo
1686 1227 1850 1290 atque
1871 1235 1964 1272 ce-

365 1305 421 1349 to
453 1294 759 1349 libertatem
789 1302 1007 1365 pastus:
1069 1310 1178 1348 non
1209 1294 1357 1348 enim
1385 1293 1525 1348 mihi
1555 1293 1874 1350 satisfacere
1895 1293 1964 1348 de

367 1369 493 1423 cibo
522 1369 746 1440 poterit,
790 1368 887 1439 qui
918 1369 1083 1423 etiam
1113 1377 1333 1440 propter
1353 1376 1598 1428 nostrum
1620 1370 1832 1426 victum
1855 1369 1964 1424 sibi

368 1443 557 1498 cibum
578 1459 771 1514 parare
790 1443 1093 1514 impeditus
1115 1441 1316 1517 est**).
1427 1446 1439 1456 ²

478 1571 563 1626 23.
606 1567 759 1633 Scio,
796 1569 946 1640 quod
966 1569 1220 1624 mandata
1243 1567 1374 1641 (tua)
1395 1570 1728 1640 contempsi,
1765 1577 1821 1623 et
1838 1585 1965 1642 gra-

367 1661 463 1698 ves
504 1644 726 1700 omnino
761 1646 1012 1700 miserias
1041 1645 1442 1716 poenitentium
1469 1645 1676 1712 merui-3
1739 1661 1966 1699 verum-

367 1729 548 1776 tamen
567 1720 868 1775 instructus
888 1719 1214 1775 modestiam
1234 1719 1374 1773 mihi
1395 1719 1709 1776 conciliavi.
1780 1718 1961 1773 Didici

366 1813 475 1851 non
504 1812 667 1867 posse
696 1795 887 1869 fugere
916 1796 985 1850 ab
1014 1795 1202 1860 oculo,
1245 1795 1344 1866 qui
1376 1796 1559 1850 omnia
1580 1793 1734 1849 videt
1753 1795 1962 1866 quique

366 1889 466 1926 suo
488 1879 711 1943 aspectu
730 1869 1119 1926 circumcludit
1137 1871 1348 1934 omnia,
1392 1887 1568 1942 neque
1599 1867 1960 1930 floccixfacere

365 1947 585 2002 divinas
614 1965 804 2012 voces,
848 1946 947 2000 sed
976 1946 1162 2018 potius
1189 1963 1487 2023 persuasus
1511 1961 1718 2018 praeco
1736 1943 1795 2018 †)
1837 1946 1959 2000 fiam

366 2031 490 2076 tuae
521 2021 768 2087 virtutiS‚
813 2021 1023 2077 addens
1054 2022 1111 2076 in
1143 2020 1364 2076 Sacram
1396 2020 1736 2094 Scripturam
1765 2037 1960 2074 monu-

364 2106 611 2152 mentum
649 2114 747 2168 pro
789 2096 1104 2170 legentibus
1139 2095 1210 2172 de
1249 2096 1355 2152 isto
1394 2095 1954 2168 fugitivopropheta:

365 2173 461 2241 qui
493 2174 652 2226 navis
685 2172 802 2227 loco
829 2173 1076 2244 suscepit
1097 2171 1332 2226 carceris
1351 2179 1566 2227 antrum
1588 2171 1740 2226 bunc
1757 2179 1956 2226 cetum.

464 2343 508 2391 ⁸)
534 2345 723 2386 Verbum
748 2347 895 2388 deerat
918 2349 964 2386 in
988 2347 1110 2388 Arm.
1145 2348 1240 2388 cod.
1253 2375 1264 2396 ‚
1306 2348 1420 2388 unde
1435 2313 1568 2390 «mm
1599 2356 1751 2386 sensus
1785 2345 1963 2384 vacilla-

362 2395 457 2441 bat,
502 2406 628 2442 quem
663 2401 893 2446 utcumque
927 2398 1228 2446 explicandum
1262 2401 1524 2446 curavimus,
1568 2398 1688 2436 nulla
1719 2397 1866 2437 habita
1889 2405 1964 2436 xa-

362 2446 479 2482 tlone
503 2455 657 2484 vocum
683 2451 838 2487 textus.
892 2447 1051 2487 Auch.

463 2506 533 2556 ⁸¹¹)
566 2510 663 2548 Non
694 2522 789 2552 aum
823 2522 998 2553 securus
1033 2513 1086 2554 de
1130 2525 1258 2554 sensu
1299 2517 1430 2556 lmine
1473 2515 1732 2560 sententiae,
1777 2515 1972 2554 maxime

364 2558 477 2602 quod
503 2560 598 2598 cod.
624 2560 665 2598 A
691 2563 847 2602 habeat
878 2569 1045 2604 tantum
1075 2571 1254 2614 propter
1285 2571 1494 2613 merum,
1539 2566 1654 2614 quod
1686 2565 1842 2604 venem
1873 2564 1974 2614 1981

358 2609 533 2651 propter
557 2619 651 2654 noa,
681 2611 754 2649 ubi
783 2613 815 2651 C
842 2615 1005 2652 addidit
1030 2617 1160 2653 etiam
1187 2617 1322 2656 cibam
1347 2627 1384 2656 s.
1411 2619 1571 2656 victum.
1623 2615 1788 2656 Auch-

365 2669 503 2755 coddi)
529 2672 824 2762 Ῑὲαιιιιὲὴῐῑοοοω
851 2689 1043 2760 suppono
1070 2685 1120 2722 ut
1143 2684 1446 2731 necessariam,
1483 2693 1739 2733 quamquam
1767 2683 1893 2722 deest
1919 2684 1977 2724 in
