2125 3084
442 177 450 186 '
537 191 894 238 nonnum
939 192 1038 237 ET
1073 192 1354 238 RERUM.
1639 188 1739 243 253

109 307 366 361 Talionis
401 308 487 356 lex
519 307 590 368 11,
625 312 740 360 332.

110 376 344 427 Tantali
379 376 680 439 supplicium
709 375 778 436 II,
807 380 922 425 204.

111 447 402 560 maai-:gens
425 509 613 558 animal
645 508 690 569 1,
719 513 835 557 384.

113 578 339 627 Tartari
351 576 586 627 tenebrae
599 576 925 625 densissimae

201 644 418 703 11‚433.

117 712 340 762 Taurus
371 710 538 760 caedis
573 716 750 764 auctor
781 722 926 759 nece·

201 786 288 829 tm·
304 778 375 838 Π,
397 783 514 827 sss.

119 846 511 909 Temperantia,
529 844 763 893 salutaris
781 843 825 903 Ι,
841 848 922 891 85.

204 920 258 961 et
278 914 504 961 sanitatis
529 919 692 961 mater
717 910 786 971 ΙΙ,
809 912 922 959 674.

203 980 318 1028 eius
337 980 558 1028 officium
573 979 618 1039 1,
631 982 714 1027 56.
740 978 926 1027 bonum

203 1046 627 1111 perfectissimum
683 1045 754 1105 Π,
807 1048 923 1093 235.

205 1114 432 1166 studiose
465 1113 748 1163 exercenda
779 1111 844 1161 ib.

130 1182 518 1243 Tempestatum
551 1194 830 1229 annuarum
855 1179 926 1228 vi·

207 1248 450 1296 cissitudo
485 1248 554 1306 ΙΙ,
593 1252 706 1297 643.

133 1316 409 1378 Templum
425 1315 630 1366 unicum
645 1315 734 1363 uni
747 1316 844 1363 deo
853 1312 926 1363 di-

209 1389 378 1432 catum
411 1381 482 1443 11,
523 1386 640 1430 223.
682 1381 926 1445 imagines

207 1450 372 1505 nullas
423 1450 640 1499 admittit
687 1450 758 1510 Π,
807 1453 923 1497 588.

211 1522 326 1567 592.
361 1518 470 1567 eius
489 1524 634 1581 septa
647 1515 927 1581 penetranti

207 1592 449 1639 extraneo
483 1598 620 1633 mors
657 1595 823 1647 poena
854 1584 924 1643 11,

211 1654 325 1703 577.
347 1652 456 1699 eius
472 1651 845 1713 magnificentia
855 1651 924 1709 Π,

213 1723 328 1773 575.
356 1744 424 1752 -
444 1716 658 1778 Templa
692 1716 772 1765 dei
806 1717 925 1775 due,

211 1784 426 1833 mundus
455 1790 506 1831 et
529 1784 698 1831 anima
712 1782 929 1831 rationa-

211 1852 275 1899 lis
305 1850 349 1909 1,
379 1853 494 1897 653.
533 1850 752 1896 mundus
781 1854 831 1897 et
857 1849 929 1897 fa-

211 1915 927 1979 numHierosolymitanumII,

213 1990 329 2033 222.

1025 308 1135 357 eius
1154 308 1409 371 praecepti
1434 322 1611 361 sensus
1637 326 1743 375 my·

1027 376 1183 424 stieus
1201 375 1269 437 Π,
1294 380 1409 423 361.

959 440 1143 501 Terra,
1188 442 1296 490 eius
1329 448 1509 491 natura
1543 442 1587 502 Ι,
1628 448 1741 493 567.

1027 514 1144 557 606.
1168 512 1283 557 622.
1312 516 1489 568 mater,
1508 508 1748 573 indeAn-

1024 574 1195 641 μήτηρ
1214 577 1347 625 dicta
1362 576 1407 636 Ι,
1428 581 1509 625 31.
1530 574 1595 624 ab
1616 591 1748 639 aqua

1027 644 1309 691 continetur
1333 643 1377 702 Ι,
1406 647 1524 692 330.
1569 657 1745 692 sensus

1023 710 1187 773 figura
1211 710 1255 770 Ι,
1274 716 1358 759 43.
1377 712 1461 758 47.
1496 716 1545 759 et
1572 724 1748 773 corpo-

1023 778 1095 825 ris
1114 777 1158 836 1,
1179 782 1295 825 436.
1329 777 1455 827 senii
1474 790 1655 840 expers
1676 778 1745 838 11,

1024 848 1145 893 493.
1173 849 1289 893 494.
1322 843 1559 893 Pandora
1578 846 1748 908 appel·

1024 912 1130 959 lata
1154 910 1225 971 11,
1250 916 1365 959 494.
1405 911 1513 961 eius
1542 912 1749 975 superfi-

989 1029 996 1037 ,
1023 978 1125 1027 eiei
1158 979 1491 1041 inaequalitas
1530 978 1600 1038 11,
1630 983 1746 1027 510.

1023 1045 1167 1095 loeus
1186 1046 1433 1095 defunctis
1448 1047 1611 1109 magis
1628 1060 1749 1097 eon·-

1025 1126 1180 1175 gruns
1198 1127 1353 1175 quam
1372 1126 1510 1167 mare
1528 1114 1606 1173 Π,
1630 1118 1744 1163 544.

1027 1180 1216 1242 duplici
1250 1187 1495 1243 proventu
1520 1194 1654 1232 anno
1683 1196 1747 1231 ne

1026 1254 1235 1296 vexetur
1271 1247 1340 1306 Π,
1380 1249 1496 1296 371.
1549 1248 1749 1299 hostilis

1025 1328 1132 1363 non
1146 1314 1381 1363 violanda
1397 1315 1470 1375 Π,
1489 1320 1606 1363 401.
1642 1329 1747 1363 ma-

1027 1382 1090 1431 lis
1112 1382 1375 1431 sterilescit
1396 1382 1465 1443 11,
1476 1387 1593 1431 429.
1614 1389 1749 1432 terra

1027 1462 1161 1502 anno
1198 1450 1410 1513 septimo
1438 1451 1647 1499 remissa
1674 1448 1745 1510 11,

1028 1522 1143 1567 286.
1160 1518 1273 1566 287.
1290 1520 1402 1566 288.
1430 1518 1607 1580 ingens
1626 1532 1749 1581 pau·

1026 1584 1229 1647 peribus
1248 1584 1524 1633 subsidium
1541 1585 1611 1645 11,
1630 1589 1745 1633 289.

1029 1652 1094 1699 ad
1130 1652 1552 1715 magnificentiam
1586 1653 1751 1701 erudit

1025 1718 1097 1777 Π,
1136 1722 1253 1767 286.
1302 1725 1352 1767 et
1386 1718 1751 1767 humanitatem

1027 1783 1098 1843 n,
1128 1789 1243 1831 289.
1279 1810 1345 1819 -
1379 1791 1512 1832 terra
1540 1790 1751 1845 paterna

1029 1850 1305 1911 sapientiae
1365 1850 1646 1911 symbolum
1704 1849 1747 1908 1,

1029 1920 1149 1964 440.
1192 1940 1261 1951 --
1302 1920 1465 1963 terrae
1509 1922 1676 1964 motus
1720 1930 1752 1963 a

1031 1982 1129 2031 deo
1168 1980 1377 2029 immissi
1420 1982 1489 2042 11,
1530 1987 1644 2030 644.
1683 2009 1751 2017 —-

148 2052 394 2115 Tempus,
451 2048 561 2100 eius
601 2048 826 2103 definitio
860 2048 928 2108 Π,
1027 2054 1193 2097 terrae
1248 2049 1506 2111 operarius
1560 2048 1749 2099 malum

214 2124 328 2169 492.
369 2123 484 2167 502.
545 2116 593 2166 'ei
625 2114 931 2181 parcendum
1031 2115 1281 2178 signifieat
1312 2116 1353 2177 Ι,
1392 2120 1509 2165 303.

213 2186 281 2246 Π,
326 2188 442 2239 474,
507 2185 724 2248 spatium
763 2190 931 2233 motus
965 2182 1187 2233 Terrena
1204 2182 1448 2231 habitatio
1462 2183 1749 2233 servitutem

215 2254 342 2303 eoeli
359 2254 403 2312 I,
426 2258 541 2301 644.
563 2252 750 2301 mundo
764 2257 931 2314 poste-

171 2360 182 2369 ,
215 2322 316 2370 rius
339 2320 404 2368 ib.
427 2326 476 2369 et
501 2319 571 2379 Π,
601 2324 718 2367 609.
755 2319 930 2381 tripar-

1027 2250 1182 2299 infert
1212 2250 1255 2310 Ι,
1286 2254 1344 2298 51
1358 2255 1402 2298 1.
1440 2257 1750 2299 terrenorum

1031 2318 1257 2368 omnium
1276 2316 1503 2381 symbola
1516 2318 1572 2366 in
1592 2318 1748 2367 coelis

213 2389 358 2437 titum
391 2386 435 2447 1,
475 2391 590 2435 346.
643 2385 931 2435 morborum
1028 2384 1099 2445 Π,
1119 2388 1235 2433 226.

217 2456 410 2504 animae
441 2453 695 2503 medicina
734 2453 804 2512 Π,
844 2458 927 2501 43.
962 2452 1343 2511 Testimonium,
1358 2450 1748 2514 falsumquidsi-

218 2537 282 2572 ex
303 2522 561 2571 stellarum
583 2528 727 2570 motu
755 2520 928 2583 digno-
1027 2518 1233 2581 gnificat
1246 2518 1317 2579 11,
1339 2522 1452 2567 203.
1466 2522 1583 2567 208.
1610 2520 1672 2567 de
1694 2533 1748 2567 se

218 2591 366 2640 scitur
382 2589 452 2649 II,
471 2594 590 2637 226.

161 2659 354 2723 Τηρεῐν,
373 2658 481 2705 eius
501 2670 678 2705 sensus
695 2655 738 2716 1,
765 2658 874 2703 125.

1025 2587 1139 2649 ipso
1164 2585 1233 2646 11,
1255 2590 1371 2635 342.
1408 2599 1476 2635 ex
1502 2587 1673 2637 auditu
1699 2587 1744 2648 Ι,

1025 2658 1142 2701 426.
1182 2652 1252 2714 Π,
1282 2657 1394 2702 345.
1430 2657 1545 2704 655.

158 2724 796 2785 TermininonmovendiH‚
809 2727 922 2773 360.
961 2721 1127 2772 Testis
1162 2722 1317 2773 falsus
1356 2736 1506 2785 quam
1532 2722 1748 2789 pernici-
