2125 3084
203 182 294 248 [IL
329 178 447 243 422]
555 184 638 229 IN
679 186 1031 231 GENESIN.
1081 186 1334 233 SERMO
1370 190 1456 237 lv.
1518 214 1525 225 s
1708 184 1809 238 265

199 285 510 349 mirficum,
551 283 744 339 dicens
769 288 950 353 epulas
975 290 1181 355 fecisse,
1220 291 1359 341 sicut
1386 292 1597 343 amabat
1627 299 1810 359 pater,-

200 362 346 415 huic
371 368 554 415 autem
583 360 815 414 minime
830 399 843 423 ‚
885 358 986 413 sed
1012 366 1225 414 tacetur
1244 377 1443 415 nomen
1465 364 1813 434 complacen-

197 436 342 491 tiae.
417 435 541 490 Nisi
569 433 710 489 forte
738 434 860 488 iure
889 433 1232 505 meritoque?
1285 436 1425 490 Nam
1462 438 1566 491 etsi
1606 439 1813 494 similia

205 510 517 581 eademque
543 526 718 580 aeque
747 508 928 563 facere
957 508 1199 580 improbi
1220 526 1349 564 cum
1368 511 1560 582 probis
1579 512 1815 567 molien-

205 594 328 649 tur,
369 601 479 640 non
515 584 704 639 minus
737 582 931 639 odium
967 592 1275 648 merentur,
1325 602 1389 639 eo
1426 584 1578 656 quod
1607 603 1717 641 non
1746 604 1817 643 ex

203 658 437 715 mundis
471 659 724 714 moribus
759 666 1075 729 operantur.
1154 657 1307 713 Alias
1342 660 1472 730 quis
1503 677 1610 715 non
1640 663 1812 725 novit,

203 734 364 805 quod
391 742 444 789 et
471 733 754 805 sophistae
781 732 978 787 eadem
1007 748 1136 787 cum
1161 734 1511 805 sapientibus
1539 750 1705 805 opera
1734 734 1819 790 fa·-

203 809 387 874 ciunt,
407 815 462 863 et
479 808 727 863 fortassis
747 806 970 862 fortiora
983 824 1211 879 quoque
1227 849 1239 873 ,
1269 811 1481 881 quippe
1500 810 1602 880 qui
1621 811 1681 863 in
1700 828 1819 865 ser-

201 900 373 939 mone
400 884 657 939 instructi
685 880 852 937 sunt?
913 880 1028 936 Sed
1068 899 1247 937 sermo
1282 900 1472 938 eorum
1510 886 1817 940 contrarius

202 958 572 1029 insulsusque
591 965 646 1013 et
665 954 1040 1012 exsecrandus
1062 966 1315 1029 apparet,
1357 958 1570 1013 nullam
1598 976 1732 1029 prae
1758 977 1817 1015 se

201 1032 400 1089 ferens
429 1034 660 1104 gratiam
685 1030 1094 1095 florescentem,
1136 1031 1207 1087 ob
1234 1032 1561 1104 interpretes
1583 1033 1819 1089 indisci-

203 1107 456 1181 plinatos
481 1122 628 1161 more
654 1114 708 1162 et
734 1106 872 1162 vita.
952 1104 1107 1161 Grati
1134 1123 1263 1161 vero
1283 1106 1587 1179 dulcesque
1608 1126 1819 1164 sermo—

206 1199 316 1237 nes
335 1187 612 1253 tamquam
632 1198 703 1236 ex
719 1180 875 1237 dulci
895 1179 1045 1236 fonte
1065 1190 1319 1237 emanant
1337 1199 1410 1237 ex
1428 1182 1721 1255 probitate.

43 429 77 460 ‚h

259 1303 338 1371 [²⁸]
389 1303 550 1363 Quare
581 1304 722 1357 dicit:
779 1304 1020 1371 „Surqat
1045 1314 1191 1370 pater
1224 1323 1352 1356 meus
1386 1316 1433 1357 et
1468 1308 1683 1359 comedat
1718 1309 1777 1357 de

648 1373 898 1424 venatione
915 1374 1025 1435 ,filii
1055 1373 1225 1423 stum?-
1259 1375 1378 1439 (ib.)

323 1460 446 1515 222.
495 1457 809 1514 Dissimiles
835 1466 968 1513 sunt
995 1457 1416 1515 vociferationes
1446 1460 1611 1517 istius
1636 1468 1693 1515 et
1718 1440 1817 1515 anss

209 1650 326 1687 eum
345 1637 526 1701 epulas
543 1639 682 1690 siout
699 1642 843 1689 amat
855 1642 1035 1701 pater,
1070 1634 1201 1689 huic
1222 1642 1403 1689 autem
1424 1653 1533 1691 non
1552 1638 1629 1690 ita
1644 1677 1657 1699 ‚
1690 1636 1820 1691 licet

207 1708 410 1764 siletur
437 1708 510 1763 de
537 1710 760 1765 nomine
794 1708 1084 1779 placentis,
1160 1709 1438 1780 Equidem
1464 1710 1673 1763 similia
1700 1718 1820 1764 stu-

209 1782 392 1838 diosis
431 1798 592 1855 agere
627 1782 789 1856 pravi
823 1784 1239 1847 machinantur,
1288 1781 1657 1837 nihilominus
1692 1782 1819 1837 odio

209 1856 389 1929 digna
425 1866 583 1920 sunt,
643 1857 778 1913 dum
821 1876 932 1914 non
969 1874 1113 1929 puro
1148 1856 1381 1911 consilio
1420 1855 1818 1911 obsecundant.

209 1930 362 1997 Quis
385 1932 536 1987 enim
563 1933 778 2005 ignorat
810 1939 1265 1989 commentatores
1300 1930 1447 1985 velle
1484 1930 1818 2001 sapientium

209 2006 432 2062 similes
461 2006 648 2063 titulos
665 2010 965 2079 prosequi,
1009 2015 1063 2063 et
1093 2005 1333 2077 amplius
1364 2012 1417 2059 et
1443 2003 1640 2059 fortius
1660 2009 1843 2074 pero-⁸

211 2098 362 2146 rare,
405 2090 594 2153 utpote
619 2082 918 2139 verborum
939 2090 1052 2137 arte
1073 2078 1351 2135 munitos?
1390 2079 1497 2135 Sed
1522 2078 1620 2133 illa
1638 2080 1819 2133 omnia

212 2155 557 2211 dissonantia
582 2158 932 2214 curatissima
962 2164 1145 2211 tamen
1174 2154 1461 2219 videntur,
1504 2153 1659 2208 nullo
1686 2154 1822 2208 sub-

211 2230 443 2285 sistente
486 2230 711 2300 daem-03
793 2240 1083 2303 propterea
1128 2230 1296 2286 etiam
1345 2230 1822 2299 interpretatorum

211 2304 464 2361 moribus
483 2315 615 2362 sunt
631 2306 1062 2377 indisciplinati.
1136 2306 1283 2361 Haec
1302 2322 1433 2359 vero
1455 2302 1823 2358 libentissima

213 2387 270 2436 et
299 2382 636 2437 suavissima
664 2382 736 2437 de
765 2382 888 2453 ipso
917 2379 1067 2438 fonte
1094 2380 1505 2437 benivolentiae
1521 2376 1824 2433 dulcedine

209 2454 460 2511 mittunt.

269 2554 436 2613 Qum
465 2556 542 2605 sic
577 2555 722 2606 dicit.-
766 2554 1036 2621 „Exta-qa:
1059 2566 1209 2620 pater
1240 2572 1394 2619 meua,
1446 2565 1490 2606 et
1522 2553 1773 2605 manducet

695 2638 756 2672 ea·
789 2624 1036 2673 venatione
1057 2624 1165 2685 filii
1196 2626 1275 2673 sui
1285 2627 1351 2673 “2

329 2711 452 2767 222.
493 2708 800 2763 Dissimilis
819 2707 988 2763 huius
1007 2710 1279 2763 sententia
1298 2709 1491 2779 priori.
1554 2707 1655 2764 Ille
1676 2708 1826 2763 enim
