2125 3084
304 171 401 222 44⁰
753 171 1120 244 Pugnoms
1166 169 1441 217 lunAm
1680 167 1771 234 [11,
1795 173 1916 239 see]

303 276 379 329 sit
401 272 708 345 problema:
758 271 837 326 De
870 275 1154 328 connectente
1177 259 1344 326 exivit
1375 275 1543 334 ciba-5,
1595 281 1654 326 et
1683 277 1754 328 de
1785 281 1919 344 serti

304 365 509 418 emessa
526 357 600 402 est
619 350 835 402 dulcedo
852 354 984 415 (lud.
1005 356 1088 416 14,
1113 351 1224 412 14).

340 511 351 522 ·
418 478 503 530 34.
551 474 723 536 Bene,
764 489 799 526 ο
820 471 1115 544 Sampson,
1157 471 1433 543 disputas:
1471 487 1569 541 per
1579 469 1910 536 ,secundum

304 551 364 604 in
386 551 586 604 virtute
606 548 849 620 primum
863 588 876 611 ,
906 556 961 604 et
982 546 1298 619 perfortem
1317 545 1557 604 debilem
1577 545 1908 604 manifesta-

304 625 397 678 sti.
446 623 590 678 Illud
612 622 757 677 enim
778 623 853 675 De
873 627 1154 676 comedente
1173 627 1337 676 eoeivit
1358 626 1498 676 cibus
1518 619 1680 684 facile
1705 629 1790 677 est
1813 621 1904 678 in-

306 699 523 761 venire,
574 698 707 768 quia
744 695 1038 751 comedunt
1075 712 1380 767 capraeque
1417 709 1683 766 ovesque,
1735 701 1789 747 et
1828 695 1903 750 de

306 771 721 828 comedentibus
742 772 855 826 exit
872 772 1051 836 cibus,
1076 779 1224 846 patet
1239 769 1508 844 quodlac.
1543 769 1785 828 Alterum
1796 785 1902 824 au-

306 856 443 904 tem:
483 849 559 901 De
585 852 713 918 forti
738 863 944 918 eqressa
964 857 1037 900 est
1056 849 1295 907 dulcedo,
1339 843 1484 920 fugit
1503 843 1894 902 inventionem.

306 923 375 977 Et
402 923 569 976 nimis
599 938 730 976 sane
750 921 1026 994 sapienter
1047 928 1100 975 et
1121 919 1410 975 artificiose
1433 917 1704 992 (dictum).
1777 918 1901 976 Pri-

306 1014 459 1052 mum
480 995 621 1053 illud
640 996 801 1052 facile
825 995 893 1050 ad
904 995 1200 1070 capiendos
1213 995 1489 1050 auditores
1503 994 1757 1056 edocenS,
1781 994 1900 1048 eius

307 1089 527 1146 quoque
548 1071 863 1126 facilitatem
892 1071 1124 1128 secundi
1155 1069 1478 1128 difficultate
1507 1069 1784 1133 obvolvit,
1825 1069 1902 1122 ita

308 1156 369 1205 ut
396 1146 543 1220 quod
573 1146 734 1201 facile
763 1154 1102 1222 compertum
1130 1145 1261 1208 fuit,
1303 1145 1362 1198 in
1391 1145 1654 1218 laqueum
1675 1152 1831 1198 vocet
1849 1151 1904 1198 et

309 1221 445 1276 forte
466 1223 614 1276 intus
634 1221 881 1277 includet
902 1221 1179 1298 deceptos.
1245 1219 1536 1294 Siquidem
1563 1237 1672 1277 non
1691 1227 1904 1273 tantum

309 1297 529 1425 Kilrtutis
550 1311 690 1369 opus
704 1337 717 1361 ,
740 1296 841 1355 sed
862 1299 1026 1354 etiam
1046 1295 1348 1372 sapientiae
1369 1295 1755 1356 demonstrasti
1777 1311 1906 1368 pro-

373 1388 493 1426 ema
511 1379 688 1426 tuum.

419 1499 504 1553 32.
545 1487 641 1550 His
669 1496 900 1560 auditis,
942 1497 1041 1568 qui
1071 1496 1129 1550 in
1149 1495 1370 1567 nuptias
1391 1493 1727 1552 advenerant
1746 1493 1908 1550 Sam-

310 1569 526 1644 psonis‚
542 1570 953 1643 ’prae·laetitia‚
988 1579 1281 1642 antequam
1309 1570 1616 1628 veluissent
1641 1570 1790 1626 clare
1816 1571 1910 1624 vi·-

310 1647 440 1704 dere
458 1647 739 1718 problema
760 1655 1015 1718 certeque
1034 1663 1256 1701 cernere
1273 1647 1553 1717 proverbii
1573 1645 1683 1719 (vel
1704 1661 1907 1717 propo-

310 1721 511 1796 nentis)
546 1722 999 1796 profunditatem,
1052 1729 1402 1794 acceptarunt
1433 1722 1648 1780 solvere
1681 1720 1922 1793 proble³

214 1817 220 1822 ·
312 1817 425 1863 ma,
477 1798 835 1857 concedentes
867 1807 921 1854 et
946 1799 1092 1869 pacti
1129 1797 1509 1853 invitationem
1543 1797 1903 1875 propositam.

311 1875 579 1941 Quoniam
600 1875 743 1932 inter
760 1875 871 1931 duo
888 1875 1032 1930 mala
1049 1872 1410 1945 deprehensi,
1452 1891 1610 1946 spem
1639 1881 1695 1929 et
1723 1871 1908 1927 ebrie-

313 1961 503 2015 tatem,
529 1951 927 2022 promptissimi
950 1949 1018 2024 ⁸,d
1039 1957 1324 2020 pactorum
1345 1949 1682 2008 sanctionem
1707 1943 1782 2024 [ἢ
1807 1945 1908 2002 fle·-

312 2026 469 2094 bant;
515 2043 640 2080 nem
668 2027 968 2084 vinolentia
996 2041 1107 2080 non
1136 2025 1485 2096 permittebat
1509 2025 1592 2082 eis
1614 2041 1730 2079 rem
1747 2023 1906 2094 prius

310 2101 651 2172 perpendere
678 2109 733 2156 et
758 2102 997 2174 cogitare
1026 2099 1372 2165 elucubrate,
1417 2117 1546 2171 spes
1583 2107 1768 2154 autem
1795 2098 1908 2153 iem

317 2177 597 2231 victoriam
636 2177 999 2246 superstionis
1037 2175 1350 2248 praestabat
1385 2177 1466 2230 eis
1503 2174 1728 2239 etiam,‘
1753 2181 1910 2228 ante-

312 2268 478 2323 quam
508 2251 577 2306 ed
614 2267 844 2306 examen
881 2269 997 2306 rem
1033 2251 1364 2324 redigerent.
1443 2248 1584 2316 Quia
1621 2257 1676 2305 et
1714 2257 1908 2305 nature

313 2327 492 2382 omnis
530 2327 691 2382 homo
732 2327 933 2381 melius
976 2334 1256 2398 exspectat
1295 2325 1793 2398 praestolaturque‚
1857 2331 1912 2378 et

313 2402 476 2457 istius
496 2419 653 2475 spem
672 2419 931 2472 superare
951 2400 1328 2456 contendendo
1347 2400 1622 2474 procedit,
1665 2399 1912 2466 maxime

314 2480 413 2547 qui
434 2478 692 2532 ebrietate
712 2477 1067 2550 cogitationes
1089 2476 1329 2532 diluunt.
1371 2475 1662 2547 Siquidem
1684 2472 1912 2546 quando

313 2551 493 2606 brutis
524 2552 921 2623 cupiditatibus
948 2552 1398 2624 oppugnantibus
1427 2551 1742 2606 intellectus
1777 2566 1915 2604 eva-

316 2633 507 2678 cuatus
528 2627 626 2688 sit,
660 2627 949 2684 immersus
969 2626 1366 2681 in-ebrietstem
1380 2667 1393 2690 ‚
1423 2634 1558 2681 tunc
1575 2641 1767 2680 omnes
1785 2642 1918 2680 eor·-

318 2697 404 2752 dis
444 2697 819 2767 imprudentes
854 2700 1198 2756 brutalitates
1231 2711 1512 2774 tamquam
1547 2702 1606 2755 in
1643 2699 1916 2772 abyssum
