2125 3084
303 181 403 236 2⁰6

368 311 479 353 cm
494 303 565 364 Π,
586 309 671 353 29.
702 305 833 353 sieut
856 304 1009 352 homo
1034 311 1086 352 et

368 373 615 422 nonsieut
626 371 952 430 homoI,181.
969 377 1082 420 182.

370 443 487 488 280.
516 445 633 490 283.
674 439 843 488 omnia
874 440 1015 487 novit
1038 438 1082 498 Ι,

372 512 488 556 584.
526 507 696 556 omnia
730 507 865 555 videt
894 506 963 566 11,
1002 507 1082 555 78.

370 580 487 624 254.
508 579 623 622 389.
646 578 761 623 641.
784 577 898 621 661.
917 587 1086 622 rerum

366 655 604 691 mensura
624 641 667 702 1,
691 645 805 689 533.
840 648 1015 704 pastor
1038 640 1082 700 1,

368 714 487 758 308.
512 709 767 774 plantator
780 708 1085 772 perfectissi-

366 791 481 826 mus
508 777 552 837 1,
582 781 698 824 329.
728 781 843 824 334.
870 777 985 824 337.
1012 775 1085 824 le—

367 845 576 908 gislator
620 857 843 892 summus
882 843 927 902 Ι,
967 847 1081 892 189.

368 911 616 962 bonorum
644 913 809 960 solum
836 917 1011 959 auctor
1036 910 1081 970 Ι,

370 984 489 1029 320.
512 983 627 1028 583.
662 979 909 1028 malorum
925 978 1083 1026 domi-

366 1061 483 1107 nus,
502 1046 750 1096 bonorum
766 1047 891 1095 deus
907 1045 951 1105 1,
966 1049 1026 1094 58
1036 1050 1057 1093 1
1067 1079 1079 1091 .

370 1117 486 1163 582.
540 1114 817 1163 ministerio
872 1112 1084 1161 aliorum

366 1195 557 1244 poenas
584 1181 767 1244 infligit
782 1181 825 1240 Ι,
849 1184 962 1228 556.
992 1193 1084 1242 per

368 1261 423 1298 se
440 1247 575 1296 bona
591 1248 827 1310 porrigit,
848 1261 939 1310 per
956 1247 1082 1295 alios

364 1314 503 1364 mala
542 1314 612 1374 11,
658 1320 743 1364 22.
794 1315 850 1363 in
894 1315 1082 1362 mundo

364 1381 629 1430 condendo
664 1382 832 1444 plures
871 1381 1083 1442 alloqui-

364 1447 505 1506 turI,
526 1452 643 1495 430.
664 1453 777 1496 556.
806 1461 897 1510 pro
914 1448 1082 1496 cuius-

366 1529 463 1577 que
472 1515 703 1576 portione
712 1515 926 1580 gratiam
936 1528 1082 1563 suam

361 1582 649 1631 moderatur
674 1582 717 1642 Ι,
749 1587 796 1629 5.
823 1585 939 1630 253.
960 1585 1079 1630 284.

364 1653 482 1701 477.
532 1649 814 1714 petentibus
849 1656 1081 1712 prompte

366 1718 583 1768 occurrit
607 1716 652 1779 Ι,
686 1722 800 1766 130.
836 1731 932 1767 nee
969 1731 1081 1780 spe-

364 1786 591 1836 rantibus
624 1787 834 1850 largitur
866 1785 1003 1835 bono.
1035 1785 1080 1847 Ι,

371 1859 482 1903 165.
530 1855 661 1903 vitae
698 1855 813 1906 fons
846 1854 1081 1918 perennis

364 1921 409 1982 Ι,
442 1925 556 1972 575.
598 1929 765 1971 textor
788 1921 1081 1986 praeclaris·

366 1990 521 2038 simus
555 1989 598 2050 1,
642 1993 753 2036 651.
788 1993 902 2039 652.
942 1996 1080 2037 stans

366 2057 544 2105 omniu
579 2056 841 2105 antevertit
880 2056 923 2116 Ι,
961 2061 1078 2104 229.

366 2125 537 2178 omnia
555 2129 723 2186 potest
740 2123 783 2183 Ι,
808 2129 887 2172 10.
907 2123 976 2183 11,
994 2127 1077 2172 75.

370 2196 483 2240 108.
538 2191 635 2253 ipsi
679 2191 848 2240 omnia
895 2191 1080 2240 adseri-

364 2259 530 2308 beuda
550 2257 593 2318 1,
616 2261 693 2306 53.
718 2263 799 2306 93.
826 2261 937 2306 152.
964 2263 1076 2306 163.

366 2329 481 2372 285.
511 2328 628 2374 327.
660 2329 777 2374 340.
806 2329 921 2376 373.
958 2331 1077 2374 483.

365 2394 483 2438 489.
523 2395 635 2439 586.
674 2391 817 2440 Deus
844 2399 1077 2441 aeternus

364 2455 483 2513 quid
503 2457 807 2518 significetI,
829 2463 945 2508 342.
967 2459 1074 2507 eius

360 2518 606 2592 gloriaH,
620 2527 734 2572 679.
754 2539 1076 2574 morumsan·

360 2580 529 2630 etitate
548 2589 789 2638 colendus
807 2591 851 2651 Ι,
865 2596 979 2641 273.
993 2592 1075 2639 di-

358 2657 455 2703 gne
490 2647 681 2699 laudari
714 2663 882 2714 potest
915 2672 1019 2705 nou
1044 2673 1076 2705 a

358 2720 655 2775 quoeunque
692 2718 1075 2786 11,1⁷1.pr0-

656 187 903 233 INDEX
936 185 1469 232 MANGEYANUS
1505 187 1545 230 Ι.

1183 312 1295 366 pter
1313 318 1370 351 se
1387 304 1558 365 ipsum
1575 303 1834 354 colendus
1845 305 1915 364 ΙΙ,

1191 376 1270 419 19.
1307 371 1415 418 eius
1441 371 1608 418 cultus
1635 372 1778 420 vitae
1800 373 1919 421 bea·

1183 438 1485 496 taefonsIL
1507 441 1628 486 216.
1649 443 1788 500 257;
1833 441 1920 489 be·

1185 505 1498 553 nevolentiae
1539 505 1812 555 vinculum
1847 507 1920 567 Π,

1185 577 1302 620 219.
1343 577 1459 620 259.
1499 575 1630 634 3873
1689 543 1920 636 reliqua}

1185 653 1357 687 seeum
1391 640 1601 688 virtutes
1651 641 1814 689 trahit
1846 642 1918 700 Π,

1185 711 1300 754 406.
1327 707 1438 754 eius
1453 707 1766 756 cultor-unus
1776 711 1918 771 genti

1183 775 1276 822 toti
1297 771 1527 837 ἰσότιμος
1545 773 1617 833 11,
1639 779 1764 824 407.
1805 775 1916 824 eius

1186 841 1350 890 cultus
1398 841 1736 904 praecipuum
1783 844 1914 892 viro-

1183 923 1296 956 rum
1309 909 1616 970 sapientium
1625 911 1911 972 praemium

1181 977 1227 1035 1,
1250 980 1365 1023 552.
1389 980 1502 1024 553.
1523 976 1595 1036 11,
1621 981 1740 1025 145.
1767 979 1909 1026 Deus

1182 1057 1292 1102 rex,
1311 1057 1416 1090 non
1434 1050 1681 1105 tyrannus
1705 1045 1777 1105 Π,
1793 1051 1904 1094 634.

1185 1114 1301 1160 635.
1337 1124 1430 1158 rex
1464 1125 1644 1173 regum
1677 1111 1750 1170 11,
1791 1117 1904 1160 214.

1181 1177 1470 1226 infimorum
1495 1191 1673 1226 curam
1688 1180 1824 1241 gerit
1839 1179 1906 1239 11,

1187 1247 1310 1306 1873
1365 1251 1415 1292 et
1449 1245 1804 1307 improborum
1836 1247 1904 1305 11,

1183 1316 1299 1361 635.
1343 1312 1397 1360 in
1423 1313 1618 1362 delictis
1639 1313 1906 1362 hominum

1182 1380 1414 1428 curandis
1463 1381 1774 1428 medicorum
1817 1383 1907 1430 ad-

1179 1447 1321 1496 hibet
1345 1447 1656 1511 disciplinam
1679 1447 1748 1506 H,
1773 1453 1898 1496 413.

1183 1515 1365 1578 quibus
1401 1515 1635 1578 propitius
1671 1513 1740 1573 H,
1769 1517 1894 1564 427.

1181 1582 1364 1645 quibus
1409 1581 1678 1631 rationibus
1714 1595 1898 1631 recon-

1182 1650 1380 1699 ciliatur
1395 1649 1466 1710 H,
1487 1655 1602 1698 436.
1629 1649 1766 1698 bono
1789 1665 1900 1700 me-

1179 1718 1276 1767 lior
1293 1718 1362 1777 11,
1383 1721 1501 1766 472.
1515 1721 1637 1767 546.
1660 1725 1904 1780 quantum

1179 1784 1304 1833 lieet·
1315 1785 1588 1834 imitandus
1609 1785 1680 1843 Π,
1702 1791 1821 1834 404.
1851 1787 1902 1835 in

1181 1852 1320 1900 omni
1349 1867 1404 1901 re
1431 1853 1650 1901 obseura
1665 1853 1902 1902 invocan-

1181 1921 1274 1968 dus
1303 1919 1376 1981 11,
1404 1923 1523 1969 487.
1559 1920 1711 1982 plura
1739 1929 1903 1984 potest

1181 1988 1318 2048 dare,
1340 2002 1493 2049 quam
1505 1986 1662 2036 homo
1674 1989 1902 2052 accipere

1179 2055 1248 2114 Π,
1263 2060 1381 2103 218.
1403 2054 1560 2104 solius
1579 2061 1778 2104 estnon
1789 2071 1901 2120 pec-

1181 2136 1297 2170 eare
1315 2123 1385 2182 H,
1399 2127 1515 2170 405.
1537 2122 1684 2170 Deus
1705 2131 1902 2172 creatus

1177 2190 1347 2238 nullus
1374 2189 1442 2249 11,
1464 2193 1580 2237 386.
1621 2189 1825 2240 facilius
1851 2193 1902 2240 iu

1178 2256 1434 2305 hominem
1447 2292 1460 2317 ,
1489 2271 1643 2318 quam
1671 2257 1832 2308 homo
1851 2260 1900 2308 iu

1181 2325 1330 2372 deum
1355 2325 1660 2372 convertitur
1685 2324 1756 2384 11,
1783 2331 1897 2374 462.

1180 2391 1261 2439 dei
1285 2391 1472 2439 dietum
1489 2397 1540 2440 et
1554 2391 1752 2440 factum·
1767 2393 1899 2442 idem

1175 2458 1220 2517 Ι,
1262 2461 1374 2508 175.
1415 2462 1530 2505 648.
1589 2459 1699 2506 eius
1749 2460 1898 2508 verba

1177 2524 1630 2583 suntiurumentaI,
1650 2529 1764 2573 128.
1785 2532 1891 2575 181.

1176 2591 1284 2640 eius
1321 2591 1454 2638 dicta
1487 2604 1592 2638 non
1617 2592 1774 2640 verba
1809 2594 1895 2642 sed

1175 2671 1333 2718 opera
1347 2657 1416 2716 11,
1445 2661 1554 2704 188.
1577 2657 1688 2706 eius
1708 2657 1894 2706 benefi-

1175 2724 1255 2774 cia
1289 2723 1509 2782 vindicta
1541 2725 1798 2776 anteriora
1821 2725 1889 2786 11,

2077 719 2080 906 Ψ

2075 921 2080 1008 l
