2125 3084
275 142 377 199 200
517 144 713 192 PHIL.
750 142 899 191 IUD.
938 142 1267 200 QUAEs'r.
1305 142 1405 189 ΕΤ
1445 144 1602 189 soL.
1651 139 1740 206 [IL
1763 143 1898 209 38⁰]

277 248 421 301 circa
452 261 551 298 nos
581 259 780 313 corpus
808 250 917 306 est,
960 244 1019 295 in
1048 259 1160 315 quo
1227 259 1364 297 uum
1392 243 1667 300 inhabitet
1697 248 1900 303 anima
1995 254 2004 259 “

275 321 482 376 virtute
510 317 758 389 praedita
788 334 851 371 ac
878 324 1138 389 purgata,
1204 334 1382 371 amem
1413 335 1522 373 non
1555 318 1665 374 cibi
1688 330 1898 392 potus-

274 412 387 467 que
401 436 414 458 ‚
448 392 547 451 sed
568 393 923 463 iniquitatum
946 390 1098 447 facit.
1165 392 1362 447 Fames
1383 401 1568 449 autem
1589 394 1894 451 distinctae

276 478 435 527 sunt:
502 468 681 539 prima
718 465 1110 522 ineruditionis
1145 483 1210 521 ac
1245 466 1610 524 indocilitatis
1646 471 1892 540 penuria

277 546 335 601 in
382 542 701 615 proficiente
748 549 803 596 et
847 540 1091 613 perfecto
1137 558 1238 612 per
1281 541 1641 612 disciplinam
1685 552 1741 597 et
1778 544 1890 599 do-

275 620 528 674 ctrinam.
607 617 813 673 Verum
852 616 943 670 his
976 616 1233 687 superior
1271 624 1354 671 est
1381 618 1658 687 corruptio
1688 616 1888 688 (vitior-

274 693 418 765 rum)
439 699 656 765 praeter
672 698 923 747 naturam
937 732 949 754 ‚
988 692 1049 745 in
1071 691 1388 761 possidente
1405 692 1665 745 virtutem
1681 707 1754 745 ex
1775 709 1886 745 na—

275 777 423 831 tura,
456 768 577 821 sine
598 766 735 820 nixu
756 775 809 820 et
829 766 1091 820 exercitio
1106 806 1118 829 ‚
1142 782 1243 836 per
1263 764 1880 836 facultatequuandam

274 860 374 914 per
402 859 461 897 se
491 839 744 895 discendi
783 848 837 894 et
873 838 1158 894 audiendi.
1236 840 1539 911 Utrumque
1577 840 1784 895 bonum
1823 849 1880 894 et

275 918 456 971 omnis
476 915 855 997 prosperitatis
876 913 1269 987 felicitatisque
1289 930 1377 969 res
1398 932 1563 970 sanae
1583 916 1754 970 menti
1785 916 1880 970 iu-

275 990 457 1047 cunda
478 998 532 1045 et
550 988 742 1063 gaudii
762 990 947 1061 plena.

346 1131 421 1199 [¹⁸]
467 1128 596 1204 Quid
626 1139 695 1181 est
728 1128 873 1193 „Ivit
905 1128 1055 1181 Isaac
1090 1128 1161 1177 ad
1189 1128 1462 1179 Abimelech
1499 1145 1660 1196 regem
1691 1128 1810 1182 Phi-

664 1196 932 1250 lietaeorum
964 1197 1014 1247 in
1055 1194 1328 1249 Gerara‘w
1364 1198 1484 1261 (ib.)

394 1301 509 1354 ΠΒ.
570 1299 775 1353 Littera
804 1296 1089 1355 evidenter
1116 1297 1450 1354 demonstrat
1477 1299 1603 1361 viae
1631 1314 1692 1355 se
1722 1298 1874 1354 dare.

276 1373 361 1429 Ad
392 1381 631 1429 mentem
664 1388 796 1427 vero
833 1372 1252 1443 inquisitionem
1287 1373 1528 1445 postulat
1567 1375 1873 1438 certiorem,

277 1628 446 1667 renus
489 1612 637 1667 enim
676 1630 873 1668 sensus
913 1613 1057 1667 circa
1096 1629 1196 1667 nos
1232 1629 1431 1685 corpus
1462 1623 1570 1679 est,
1622 1616 1714 1669 cui
1750 1632 1878 1671 cum

276 1704 414 1760 pura
439 1694 496 1742 et
518 1688 705 1748 sobria
732 1705 889 1747 mens
916 1688 1312 1761 penetraverit,
1356 1686 1557 1747 famem
1586 1706 1696 1753 non
1723 1690 1880 1745 cibo-

277 1780 428 1827 rum,
472 1762 571 1817 sed
599 1764 909 1835 iniquitatis
943 1772 1219 1835 operatur.
1297 1763 1531 1819 Perinde
1570 1762 1877 1820 differentia

279 1845 362 1891 est
381 1838 523 1893 inter
545 1838 746 1897 famem
774 1848 828 1895 et
855 1838 1078 1894 famem.
1156 1838 1311 1892 Prior
1340 1838 1489 1893 enim
1517 1838 1876 1898 indocilitatis

276 1914 565 1984 penuriam
595 1914 823 1978 fecerat,
862 1922 1110 1986 promoto
1140 1920 1193 1968 et
1221 1911 1464 1985 perfecto
1490 1930 1590 1986 per
1611 1914 1877 1969 eruditio-

278 2004 406 2042 nem
433 1996 487 2043 et
514 1987 818 2045 doctrinam
846 1990 988 2043 viro,
1065 1988 1379 2057 Novissima
1416 1988 1545 2043 vero
1582 1986 1878 2061 dissipavit

279 2079 369 2125 ea,
412 2079 553 2133 quae
585 2064 771 2117 minus
801 2071 925 2134 apta
954 2062 1316 2117 videbantur:
1377 2062 1697 2118 naturaliter
1729 2064 1875 2117 enim

278 2145 332 2191 et
352 2137 473 2191 sine
492 2136 740 2191 doctrina
759 2138 992 2191 virtutes
1014 2138 1374 2208 acquiruntur
1403 2137 1693 2193 obediente
1723 2136 1878 2193 forti-

279 2211 493 2266 tudine.
569 2212 649 2267 Ita
678 2218 909 2280 utraque
938 2210 1101 2267 famis
1129 2212 1498 2274 abundantiae
1515 2221 1570 2269 et
1590 2212 1876 2286 frugalita-

278 2285 351 2339 tis
373 2286 629 2342 meliores
651 2302 713 2340 ac
734 2284 986 2342 laetiores
1008 2286 1198 2357 (marq.
1223 2287 1514 2361 lectiores).

353 2422 485 2483 Quid
516 2436 587 2495 est
619 2462 654 2491 „
667 2424 888 2479 Perrexit
922 2424 1074 2477 Isaac
1107 2424 1180 2477 ad
1207 2425 1477 2478 Abimeleclt
1511 2444 1672 2493 reqem
1695 2426 1812 2477 Phi·

808 2493 947 2555 {istim
987 2493 1037 2546 in
1082 2491 1274 2544 Gen-ara
1287 2498 1354 2547 “8

396 2584 509 2637 ⁴76.
560 2584 635 2639 De
664 2584 811 2640 dicto
840 2584 1052 2639 clarum
1084 2593 1206 2639 est.>
1263 2586 1622 2641 Profectionis
1656 2588 1873 2658 signum

281 2664 527 2712 scrutatu
564 2667 747 2717 autem
786 2659 1128 2741 diligentiori
1167 2659 1294 2731 plus
1323 2662 1631 2723 invenitur,
1682 2669 1735 2715 et
1763 2676 1874 2713 am-
