2125 3084
193 159 285 225 [no
309 156 436 223 4⁰8]
549 162 630 209 IN
673 163 1024 211 GENESIN.
1065 164 1318 211 smum
1355 165 1440 214 lv.
1698 163 1800 217 245

197 267 345 321 eirca
386 262 593 319 collum
631 265 848 319 cunctis
882 253 1172 321 hdminum
1198 265 1463 322 membris
1492 267 1800 324 robustiora

196 348 326 395 sunt
352 346 407 393 et
435 339 541 393 ista
549 338 864 417 Jaevigata.
942 340 1195 395 Nitidum
1223 348 1277 395 et
1304 340 1516 399 nudum
1544 360 1604 397 se
1632 342 1801 401 habet

196 413 501 487 aequaliter
528 410 599 469 ad
627 415 914 470 veritatem
944 416 1151 471 virtute
1190 415 1409 481 valens,
1458 424 1521 472 ut
1558 426 1798 475 caeteras

195 491 428 545 virtutes
444 530 457 555 ,
521 490 604 544 sic
647 490 814 545 etiam
866 488 1245 545 fortitudinem
1292 498 1479 547 sancte
1523 508 1798 563 usurpans

194 581 592 635 exercensque.
673 562 838 631 Quod
867 566 917 619 si
948 566 1256 639 contingat,
1298 573 1359 621 ut
1387 567 1549 620 istam
1578 583 1799 638 quoque

193 640 430 697 occultet
451 648 504 695 et
523 639 761 711 pilosam
779 639 1000 705 reddat,
1039 640 1111 696 ob
1132 642 1515 697 necessitatem
1536 644 1799 713 temporis

197 713 272 792 [³¹⁵]
299 714 770 789 dispensationem
799 731 1102 786 usurpans,
1143 724 1351 788 perstat
1377 717 1437 771 in
1466 732 1567 771 sua
1595 717 1800 771 simili-

193 790 390 847 tudine
405 831 419 855 ‚
441 791 542 846 vix
561 789 766 845 cedens
785 790 1104 861 primitivae
1125 808 1258 846 sune
1275 792 1667 863 propositioni,
1700 792 1799 848 sed

191 874 407 921 tantum
427 864 498 921 ob
520 866 890 921 involuntaria
912 865 1218 922 accidentia
1243 867 1631 922 transmutabit
1658 876 1800 922 tam·

191 949 367 1013 quam
394 942 453 996 in
483 940 796 1011 spectaculo
827 938 1057 996 formam
1089 941 1198 997 alio
1218 942 1379 997 modo
1399 951 1621 1014 propter
1640 942 1799 998 utili-³

191 1023 365 1071 tatem
393 1024 776 1087 spectatorum.
855 1014 918 1071 ld
947 1016 1098 1071 enim
1128 1024 1181 1071 et
1208 1016 1549 1071 medicorum
1574 1034 1694 1073 mos
1715 1026 1799 1073 est

193 1090 380 1147 facere
394 1130 408 1155 ‚
445 1090 650 1163 quippe
669 1092 771 1164 qui
790 1090 1135 1146 infirmorum
1156 1091 1440 1147 demutant
1459 1092 1615 1149 cibos
1629 1133 1645 1159 ,
1678 1092 1797 1148 loca

192 1174 250 1223 et
277 1166 546 1221 rationem
571 1166 828 1230 vivendi,
870 1182 1040 1238 quam
1070 1166 1348 1235 habebant
1376 1176 1499 1223 ante
1516 1166 1793 1223 morbum‘.

192 1240 446 1299 Medicus
467 1250 646 1297 autem
667 1252 750 1297 est
769 1242 915 1297 circa
935 1260 1023 1297 res
1043 1242 1239 1297 mundi
1262 1243 1484 1315 sapiens
1497 1284 1510 1308 ,
1534 1260 1634 1316 pro
1654 1252 1797 1299 tem-

189 1334 328 1391 pore
360 1332 526 1389 agens
551 1334 640 1373 res
655 1359 667 1383 ,
709 1332 852 1389 quae
873 1318 932 1375 in
949 1318 1221 1390 sapientia
1248 1318 1573 1391 insipientes
1594 1318 1796 1375 viden-

190 1402 310 1458 tur,
352 1400 409 1449 et
436 1394 683 1449 castitate
708 1409 1002 1458 venereae,
1045 1392 1367 1450 fortitudine
1391 1393 1789 1459 formidabiles,

189 1477 246 1525 et
273 1469 488 1525 iustitia
515 1469 756 1525 iniustae
785 1476 1075 1540 putantur:
1118 1470 1195 1526 ita
1220 1478 1285 1525 ut
1309 1470 1607 1542 aliquando
1634 1488 1794 1527 men·-

187 1718 477 1793 pellicula.
556 1719 684 1774 Fuit
701 1736 828 1775 nam
849 1720 945 1775 ille
967 1720 1139 1777 denso
1158 1720 1380 1793 capillo.
1458 1720 1666 1777 Subtili
1692 1738 1795 1775 au-

188 1804 305 1850 tem
343 1794 654 1858 intellectu‚
715 1791 938 1851 brachia
983 1806 1036 1850 et
1072 1804 1331 1869 terganea
1368 1793 1509 1849 colla
1544 1794 1797 1849 omnium

189 1877 326 1925 sunt
345 1868 565 1923 fortiora
579 1908 594 1933 ,
635 1868 780 1925 lenia
810 1876 977 1943 atque
1005 1879 1192 1942 aperta
1221 1868 1291 1923 ad
1317 1868 1603 1923 veritatem
1627 1867 1797 1923 habet

188 1930 466 1999 strenuus'
481 1942 595 2007 vir,
646 1945 961 2001 sicutalias
990 1947 1252 2008 virtutes,
1305 1943 1383 1999 ita
1416 1941 1797 2021 fortitudinem

188 2027 454 2075 sectatur.
533 2018 672 2074 Cum
692 2027 874 2077 autem
894 2015 1038 2077 hanc
1055 2018 1471 2077 obumbraverit
1488 2016 1791 2081 densando,

188 2112 292 2167 pro
309 2094 636 2150 necessitato
652 2102 760 2151 tem
801 2097 944 2161 oris,
984 2102 1042 2152 et
1066 2096 1305 2159 utilitate
1331 2094 1533 2158 utitur,
1575 2110 1795 2165 permee-

188 2169 638 2225 nens.i.n.eodem
669 2179 752 2227 sta
843 2180 898 2227 et
922 2171 1308 2244 praecedentia
1334 2178 1467 2227 vota
1497 2185 1606 2225 non
1632 2184 1795 2225 exce-

189 2245 350 2301 dens.
427 2245 531 2301 Pro
547 2246 814 2303 secundis
842 2255 1030 2303 autem
1045 2247 1271 2303 casibus
1292 2246 1641 2308 immutatur,
1682 2242 1797 2297 for·-

189 2338 340 2375 mam
377 2321 436 2375 in
478 2321 705 2377 alteram
741 2339 842 2394 pro
879 2322 1080 2377 usitate
1119 2321 1400 2377 videntur.
1473 2320 1607 2383 ,Hoc
1646 2318 1794 2373 enim

187 2396 356 2451 etiam
377 2396 579 2471 medici
607 2396 786 2453 solent
813 2397 1106 2453 observare
1121 2438 1135 2463 ‚
1170 2398 1524 2453 immutantes
1554 2392 1795 2451 remedia

189 2470 562 2526 laborantium
575 2510 590 2537 ‚
611 2488 782 2542 quam
801 2470 1117 2528 habuerunt
1135 2482 1259 2528 ante
1281 2472 1623 2544 languorem.
1678 2469 1799 2525 Me-

187 2544 352 2601 dicus
380 2554 563 2601 autem
593 2547 740 2601 circa
768 2548 940 2601 vitam
967 2564 1152 2603 rerum
1179 2564 1278 2619 pro
1313 2555 1457 2602 statu
1484 2555 1795 2617 temporum

189 2619 278 2685 fit,
321 2620 602 2691 sapienter
629 2618 988 2692 gubernando
1015 2621 1371 2694 insipientiae
1396 2628 1696 2685 momenta,
1740 2628 1797 2673 et

189 2694 431 2750 viriliter
477 2694 832 2751 timiditatem
876 2704 931 2751 et
970 2698 1121 2753 iusso
1163 2696 1512 2786 iniquitatem
1549 2695 1791 2757 dicebat,
