2125 3084
331 169 396 219 90
524 170 894 217 PHIL.1UD.
925 170 1249 229 QUAEs'r.
1276 170 1376 223 ET
1410 170 1565 217 son.
1607 166 1953 237 [natam]
2088 4 2093 213 l

331 288 559 344 remque
589 279 849 328 torturam
873 272 1197 327 concinnata
1216 279 1299 326 est
1320 270 1413 326 lex
1432 271 1678 326 musicae
1692 313 1705 335 ‚
1735 269 1809 346 [*]
1833 291 1953 329 ve-

331 363 456 401 rum
478 347 642 401 etiam
663 346 732 401 ad
752 347 934 403 media
955 345 1302 417 laxioraque:
1344 347 1519 401 simili
1551 345 1713 401 modo
1742 364 1801 402 se
1830 347 1950 403 ha-

330 421 425 476 bet
445 429 499 475 et
517 422 654 475 ratio
675 423 868 477 animi.
918 422 1058 475 Nam
1075 421 1298 492 quando
1318 429 1463 475 totus
1482 430 1567 477 est
1586 423 1838 477 intensus
1858 424 1943 479 ad

329 496 597 568 placitum
629 498 828 569 patris,
873 495 1154 568 deumque
1182 497 1242 551 in
1270 513 1332 551 se
1358 495 1489 561 fert,
1533 497 1655 551 iure
1674 496 1806 551 felix
1831 515 1941 553 vo·

330 570 539 626 candus
557 573 656 639 sit;
716 570 938 643 quando
956 588 1088 625 vero
1108 578 1285 626 cessat
1310 570 1561 627 divinare
1576 612 1588 635 ‚
1626 581 1752 643 post
1778 571 1939 626 divi-

327 648 606 702 nationem
643 648 936 702 revertitur
972 644 1198 700 demum
1226 645 1296 700 ad
1325 662 1385 700 se
1422 647 1608 718 ipsum
1623 687 1636 710 ,
1680 648 1932 719 cogitans
1945 670 1966 683 ²

328 740 430 777 sua
459 731 513 778 et
541 722 654 776 sibi
684 721 1087 777 convenientia.
1165 719 1374 775 Affines
1400 729 1532 775 sunt
1562 721 1714 775 enim
1750 722 1928 777 virtu—

326 806 412 852 tes
425 838 437 861 ‚
481 798 658 868 pietas
679 796 828 868 (erga
848 794 1034 867 deum)
1056 804 1111 851 et
1132 793 1443 850 humanitas
1462 794 1611 868 (erga
1631 795 1923 871 homines),

328 872 535 943 quibus
556 881 608 925 et
631 871 862 943 Sapiens
882 870 1056 926 utitur
1070 910 1083 935 ‚
1109 869 1407 943 diligenter
1425 870 1726 925 observans
1745 871 1929 943 pudo-

327 964 444 1002 rem
465 963 528 1000 ac
545 946 910 1001 reverentiam
930 952 1210 1000 oraturus:
1268 962 1437 1018 quare
1459 946 1517 999 in
1537 954 1807 1018 quantum
1828 946 1928 1001 ad-

327 1030 442 1077 erat
461 1021 599 1077 deus
615 1063 627 1086 ,
660 1021 780 1075 illic
796 1019 1078 1093 perstabat
1099 1028 1152 1074 et
1169 1021 1317 1091 ipse;
1368 1037 1543 1093 quum
1562 1030 1745 1075 autem
1767 1022 1922 1085 abiit,

327 1096 584 1154 discessit
603 1106 656 1153 et
674 1096 790 1151 ille.
846 1095 1014 1151 Abire
1036 1103 1221 1150 autem
1239 1103 1394 1167 pater
1414 1103 1593 1151 ratum
1612 1095 1779 1151 babet
1798 1114 1927 1168 pro-

324 1182 448 1246 pter
473 1172 878 1244 providentiam
894 1212 906 1235 ‚
948 1178 1183 1244 parcens
1212 1169 1454 1225 humano
1491 1170 1711 1243 generi,
1751 1187 1925 1243 quum

327 1249 542 1303 noverit
569 1246 714 1301 illud
743 1246 1062 1318 colligatum
1094 1262 1221 1300 cum
1249 1245 1697 1301 necessitatibus:
1756 1262 1927 1316 quare

327 1313 567 1393 aequum
588 1330 702 1376 erat
723 1320 917 1375 cedere
936 1321 995 1375 in
1016 1320 1401 1389 solitudinem3
1446 1337 1553 1377 non
1573 1321 1723 1377 enim
1740 1323 1922 1377 omnia

327 1397 458 1451 licet
477 1412 638 1469 agere
659 1395 804 1451 filios
827 1396 885 1450 in
907 1405 1207 1469 conspectu
1224 1396 1417 1468 patris.

407 1554 566 1611 Quare
606 1554 752 1604 tribus
789 1557 1129 1621 apparentibus
1164 1554 1363 1606 dicerit:
1430 1591 1465 1619 ‚,
1488 1554 1721 1605 Venerunt
1759 1556 1851 1605 duo

596 1622 758 1687 anyeli
791 1624 839 1672 in
875 1622 1092 1675 Sodoma
1126 1624 1385 1689 vesper-W?
1425 1628 1532 1688 (19,
1582 1624 1650 1683 l.)

439 1728 524 1779 30.
566 1724 878 1782 Abrabamo
899 1735 1166 1799 apparent
1184 1735 1295 1781 tres
1310 1767 1322 1790 ‚
1348 1735 1402 1781 et
1420 1724 1653 1781 meridie
1666 1766 1681 1789 ,
1702 1726 1805 1780 Lot
1825 1742 1919 1781 au-

325 1808 436 1855 tem
457 1800 592 1865 duc,
624 1809 678 1857 et
705 1819 957 1874 vespere.
1011 1801 1492 1857 Naturalissimam
1511 1800 1925 1858 distinctionem

323 1886 537 1932 enarrat
555 1876 784 1948 perfecti
805 1886 858 1933 et
877 1876 1242 1949 proficientis:
1285 1876 1561 1948 perfectus
1580 1876 1731 1930 enim
1746 1875 1925 1931 triade

324 1952 723 2022 apparitionem
751 1954 1004 2017 sortitur,
1043 1953 1211 2024 plena
1238 1951 1501 2007 videlicet
1519 1958 1713 2005 natura
1732 1951 1923 2005 vacui-

323 2026 452 2078 tatis
477 2026 690 2091 nescia;
753 2026 856 2079 iste
885 2043 1017 2081 vero
1047 2026 1371 2086 dualitatem
1398 2026 1694 2081 dissectam
1722 2042 1787 2079 ac
1824 2042 1925 2081 va-

325 2114 505 2151 cuam.
581 2096 682 2151 Ille
761 2107 931 2154 atrem
961 2100 1018 2155 in
1049 2102 1235 2156 medio
1262 2111 1496 2158 stantem
1525 2118 1589 2155 ac
1616 2101 1924 2155 ministerio

324 2170 536 2225 cultum
557 2188 588 2224 a
607 2115 825 2225 duabus
844 2174 1041 2243 primis
1063 2177 1384 2242 virtutibus,
1414 2178 1519 2231 iste
1540 2192 1669 2231 vero
1688 2176 1924 2230 virtutes

323 2246 476 2323 ipsas
495 2246 617 2301 sine
640 2245 794 2301 cultu
813 2248 958 2317 patri
977 2249 1254 2306 exhibito:
1298 2252 1431 2324 quia
1452 2252 1557 2307 iste
1578 2248 1923 2305 insufficiens

324 2329 439 2375 erat
458 2320 706 2376 medium
726 2320 890 2375 illum
909 2330 964 2378 et
983 2340 1171 2396 regem
1198 2326 1467 2381 virtutum
1495 2324 1685 2381 videre
1711 2324 1924 2380 intelli·-

323 2413 591 2469 gereque,
633 2413 808 2468 quum
837 2396 936 2452 ille
962 2398 1182 2454 clariori
1211 2398 1335 2455 luce
1372 2400 1718 2456 illuminetur
1752 2395 1938 2453 meri-'

324 2471 462 2527 diali
493 2490 556 2527 ac
581 2472 778 2527 umbra
808 2482 1053 2539 carente,
1098 2475 1204 2528 iste
1235 2492 1366 2531 vero
1393 2475 1653 2531 variabili
1676 2483 1731 2529 et
1750 2474 1923 2531 inter·

322 2546 505 2603 media
537 2545 610 2622 [⁴⁴⁵]
642 2548 784 2603 inter
809 2557 1025 2605 noctem
1053 2556 1109 2605 et
1135 2549 1313 2617 diem3
1381 2567 1581 2621 vesper
1616 2550 1765 2605 enim
1805 2565 1923 2603 me-

325 2620 481 2673 dium
500 2623 744 2692 spatium
761 2624 1030 2689 obtinuit,
1070 2623 1220 2697 quod
1239 2641 1342 2679 nec
1360 2624 1486 2679 finis
1506 2624 1620 2679 diei
1640 2633 1723 2679 est
1740 2640 1921 2694 neque

323 2695 500 2747 noctis
519 2697 878 2768 principium.
