2125 3084
172 190 260 256 [IL
290 186 411 252 ¹82]
527 192 608 236 IN
656 192 1011 237 GENESIN.
1053 192 1310 239 SERMO
1363 194 1450 241 111.
1729 191 1792 244 43

173 302 253 349 est
278 299 518 365 repente
550 292 755 345 virtute
780 290 1057 361 praedit03
1115 310 1244 347 nam
1273 295 1531 360 ecstasis,
1573 304 1636 351 ut
1667 296 1793 369 ipsa

174 386 281 423 vox
300 367 597 423 evidenter
622 374 835 429 monet,
884 364 1027 421 nihil
1048 376 1134 422 est
1154 366 1309 421 aliud
1323 408 1336 433 ,
1377 386 1546 440 quam
1566 370 1794 427 absces-

170 460 265 498 sus
288 442 499 496 mentis
520 448 675 495 extra
696 456 755 494 se
782 440 1058 495 exeuntis
1137 440 1462 513 Prophetica
1493 462 1624 499 vero
1653 462 1793 519 gens

172 526 319 573 amat
340 516 399 571 id
420 516 569 588 pati3
608 532 787 585 quum
805 515 954 569 enim
976 514 1194 571 divinat
1215 525 1269 571 et
1290 514 1500 573 divinis
1519 520 1794 576 imbuitur

170 592 521 654 intellectus,
571 606 679 643 non
708 589 854 644 ultra
882 590 940 643 in
969 606 1030 643 se
1059 590 1309 656 exsistit,
1351 592 1612 663 quoniam
1642 595 1794 650 divi-

171 684 308 721 num
320 667 585 738 spiritum
604 664 758 719 intus
778 664 1057 736 recipiens
1080 664 1398 721 cohabitare
1421 664 1580 722 facit:
1617 669 1792 724 immo

168 743 389 813 petitu,
452 749 515 794 ut
552 740 675 811 ipse
714 738 887 802 dixit,
952 743 1095 795 cadit
1133 758 1291 808 super
1327 759 1443 795 eum
1481 740 1790 815 (spiritus),

171 817 443 887 quoniam
478 831 589 869 non
629 814 777 869 lente
814 816 1166 885 supervenit,
1221 814 1322 870 sed
1351 826 1578 889 repente
1607 818 1789 873 irruit.

172 890 467 947 Caeterum
486 889 629 944 bene
650 906 713 943 se
734 887 903 943 habet
922 896 975 943 et
994 888 1145 960 quod
1167 889 1397 956 adiecit,
1431 891 1583 963 quod
1601 895 1792 947 'norror

171 983 395 1035 magnus
416 966 711 1019 tenebrosus
724 968 917 1019 »incidit
936 968 1011 1021 ei:
1056 963 1193 1019 haec
1213 966 1362 1020 enim
1393 968 1582 1022 omnia
1609 976 1792 1023 ecsta-

172 1057 265 1097 ses
286 1047 421 1095 sunt
438 1039 639 1094 mentis
660 1068 738 1079 -
754 1050 884 1093 nam
904 1038 1000 1093 ille
1022 1055 1243 1110 quoque
1259 1082 1272 1104 ‚
1301 1041 1402 1111 qui
1423 1043 1646 1107 metuit,
1671 1059 1782 1097 non

173 1124 262 1169 est
288 1116 353 1169 in
381 1131 441 1169 se
468 1114 589 1185 ipso
614 1144 719 1177 -‚
749 1112 1010 1169 tenebrae
1038 1122 1222 1168 autem
1241 1115 1639 1186 impedimento
1659 1126 1791 1171 sunt

178 1190 359 1244 visui:
409 1195 612 1261 quanto
637 1205 769 1243 vero
795 1189 969 1243 maior
990 1196 1074 1243 est
1093 1188 1311 1253 horror,
1347 1197 1496 1244 tanto
1521 1198 1576 1244 et
1596 1189 1791 1245 videre

173 1274 230 1319 et
266 1264 583 1337 intelligere
613 1262 871 1319 hebetius
902 1262 981 1317 fit.
1058 1264 1208 1318 Haec
1245 1272 1428 1318 autem
1465 1281 1576 1319 non
1615 1265 1789 1337 gratis

171 1340 467 1403 dicuntur,
511 1339 613 1393 sed
640 1355 742 1411 pro
768 1338 978 1393 indicio
1012 1338 1278 1395 scientiae
1307 1338 1632 1396 manifestae
1657 1356 1790 1414 pro-

172 1414 400 1486 phetiae
414 1456 429 1479 ,
463 1430 573 1486 qua
593 1414 817 1469 oracula
836 1421 890 1469 et
911 1413 1063 1487 leges
1086 1430 1116 1467 a
1138 1412 1241 1469 deo
1259 1422 1595 1471 statuuntur.

180 1584 349 1642 Quare
366 1584 541 1663 {lictum
561 1595 631 1635 est
648 1584 721 1633 ad
734 1600 860 1663 qun.-
901 1584 1088 1648 „Certo
1104 1584 1226 1635 scies
1235 1583 1319 1648 ¹⁸),
1343 1576 1788 1664 qdodpsreyn'num

310 1660 403 1701 ent
428 1668 581 1701 semen
610 1662 739 1701 tuum
755 1668 805 1701 tn
830 1661 960 1701 terra
986 1669 1083 1703 mm
1108 1669 1224 1715 aaa,
1265 1661 1312 1701 et
1339 1669 1389 1701 m
1415 1661 1684 1701 servitutem
1713 1667 1788 1701 rc·

308 1718 515 1784 diqetur,
536 1729 582 1769 et
604 1719 855 1785 affliyetur
872 1718 1235 1785 quadrinyentis
1253 1718 1464 1769 annis“?
1493 1719 1602 1785 (15,
1619 1719 1726 1783 13.)

288 1824 374 1875 ⁴0.
426 1819 645 1893 Optime
675 1820 821 1875 illud
848 1825 1046 1876 dictum
1075 1830 1152 1875 est
1179 1826 1252 1874 ad
1275 1826 1656 1873 eumnotatum
1675 1827 1786 1885 est3

170 1896 439 1967 quoniam
476 1896 747 1967 propheta
784 1903 1009 1967 putatur
1040 1892 1117 1969 [*]
1150 1892 1368 1963 aliquid
1402 1892 1616 1955 dicere,
1663 1907 1794 1963 pro-

172 1972 365 2041 prium
382 1978 565 2025 tamen
585 1986 699 2026 non
718 1970 814 2025 dat
833 1970 1082 2025 edictum
1096 2010 1110 2034 ‚
1135 1966 1237 2023 sed
1257 1968 1530 2039 interpres
1552 1973 1635 2021 est
1655 1965 1792 2021 alte-

170 2046 293 2099 rius
308 2086 321 2110 ‚
360 2046 463 2117 qui
482 2046 654 2101 mittit
675 2044 863 2117 aliqua
881 2046 943 2100 in
970 2045 1094 2099 eius
1121 2050 1392 2112 mentem3
1442 2040 1790 2114 proindeque

172 2119 459 2191 quidquid
494 2128 757 2192 personat
796 2136 861 2175 ac
894 2119 1104 2192 profert
1129 2118 1320 2174 verbis
1334 2158 1348 2182 ‚
1389 2125 1566 2173 totum
1593 2134 1790 2173 verum

174 2202 257 2249 est
296 2212 363 2249 ac
400 2194 684 2251 divinum.
764 2194 834 2250 Ut
868 2195 1142 2266 primum,
1190 2192 1344 2265 quod
1369 2210 1510 2266 gens
1547 2193 1791 2247 humana

173 2267 467 2325 habitatin
490 2271 723 2325 alterius
744 2276 914 2324 terra:
958 2270 1145 2325 omnia
1165 2270 1315 2325 enim
1330 2310 1342 2333 ‚
1371 2284 1516 2341 quae
1536 2266 1645 2322 sub
1665 2282 1792 2321 cae-

175 2344 227 2398 lo
247 2352 381 2399 sunt
395 2385 407 2409 ‚
433 2344 527 2399 dei
546 2352 683 2399 sunt
700 2346 997 2415 possessio,
1022 2353 1078 2400 et
1095 2360 1240 2416 quae
1265 2344 1324 2397 in
1343 2344 1451 2398 ista
1469 2342 1684 2414 degunt
1701 2341 1793 2395 vi-

174 2420 361 2473 ventia
380 2460 392 2483 ‚
422 2421 653 2491 proprie
678 2420 1023 2492 peregrinari
1042 2418 1229 2491 potius
1255 2417 1526 2474 veraciter
1555 2413 1792 2468 dicenda

174 2501 304 2548 sunt
318 2534 331 2558 ,
374 2510 545 2565 quam
575 2493 829 2549 habitare
856 2495 917 2548 in
946 2495 1172 2566 propria
1197 2493 1453 2564 regione,
1495 2503 1666 2557 quam
1691 2502 1793 2540 na-

174 2576 297 2623 tura
325 2584 437 2623 non
466 2569 697 2625 habent.
778 2568 1034 2625 Secundo
1049 2610 1061 2633 ‚
1101 2568 1238 2639 quia
1265 2579 1464 2619 servus
1489 2568 1573 2615 est
1591 2567 1796 2615 morta-

280 2740 325 2785 ¹¹)
352 2730 655 2781 Ad'verbum:
705 2742 883 2781 Nucem
916 2750 1055 2779 nosce.
1109 2736 1274 2777 Auch.
