2125 3084
175 203 242 271 [J‚
269 203 383 268 ist]
572 208 717 254 LIB.
760 207 863 254 DE
898 209 1384 256 ANIMALIBUS.
1678 207 1774 260 {59

172 325 287 364 non
300 301 572 438 'hpbentes
594 307 797 364 fontem
816 310 1017 364 mentis
1035 325 1331 382 progressu
1359 309 1772 367 deliberationis

170 399 337 438 caren
368 424 379 436 .

290 489 375 544 97.
416 490 586 547 Multa
616 497 670 544 et
704 490 811 544 alia
848 489 918 544 de
951 490 1066 544 illis
1104 490 1297 545 dicunt
1333 490 1402 544 ad
1447 492 1680 546 virtutes
1721 501 1774 546 et

176 563 445 620 malitiam
474 559 805 636 pertinentia
844 565 1212 636 exploratores
1246 563 1318 640 [³¹²]
1351 565 1611 620 historiae
1651 567 1773 620 ani-

174 640 406 695 malium
422 681 435 704 ‚
459 641 502 695 ii
524 656 722 711 nempe
737 681 749 703 ‚
772 639 978 710 quibus
998 657 1116 694 mos
1139 649 1220 694 est
1237 639 1307 694 ob
1327 641 1502 694 otium
1521 639 1772 710 improba

178 723 233 770 et
272 716 456 769 minus
498 713 767 770 laudabili
806 713 1201 769 consuetudine
1229 713 1398 770 verba
1432 714 1767 784 protrahere.

174 791 286 845 Nos
314 798 496 845 autem
524 791 636 844 iam
671 788 887 860 pridem
925 791 1261 843 asseruimus
1291 806 1361 844 ex
1390 789 1654 844 diametro
1683 807 1772 843 ar-

172 871 499 938 gumentum
518 863 783 918 adversus
811 871 1222 934 praesumentes
1240 862 1610 919 contradicere
1624 903 1638 926 ,
1681 863 1772 917 ni-

164 939 261 1008 *hil
280 955 476 1010 urgere
491 979 504 1002 ,
538 955 635 992 cur
656 938 905 992 dicamus
928 937 1185 992 animalia
1203 955 1302 1009 per
1322 937 1608 992 scientiam
1627 936 1770 992 deli-

172 1013 479 1068 berativam
508 1013 739 1084 provido
770 1013 1001 1066 consilio
1035 1029 1196 1084 agere
1221 1011 1491 1084 quicquid
1528 1011 1762 1080 faciunt3

170 1086 276 1142 sed
306 1089 409 1140 etsi
440 1088 623 1158 aliqua
654 1087 860 1142 abillis
880 1087 1011 1140 fiant
1032 1087 1102 1141 ad
1123 1086 1546 1142 similitudinem
1570 1087 1770 1140 huma-

170 1178 278 1217 nae
308 1163 664 1232 operationiS‚
706 1162 826 1216 sine
854 1161 1140 1216 intellectu
1165 1163 1355 1234 peragi
1377 1162 1586 1232 primae
1605 1168 1769 1215 natu-

170 1254 267 1292 rae
304 1236 576 1307 impulsu,
626 1253 769 1307 quae
808 1244 1128 1307 apparatum
1163 1237 1510 1309 singulorum
1549 1237 1608 1290 in
1643 1237 1766 1306 ipsa

168 1310 843 1376 nativitate-distribuens,
884 1311 1047 1366 illum
1077 1310 1302 1367 donavit
1326 1312 1407 1366 eis
1429 1311 1580 1366 velut
1606 1311 1766 1365 inna-

166 1395 311 1442 tum.

284 1498 368 1549 98.
408 1495 681 1550 Hactenus
708 1496 843 1549 satis
872 1494 1039 1550 locuti
1069 1495 1140 1548 de
1159 1496 1366 1549 ratione
1392 1494 1688 1550 exsistente
1705 1493 1766 1547 in

167 1570 455 1626 intellectu
470 1611 482 1635 ‚
508 1571 837 1625 locutionem
858 1587 1006 1624 nunc
1026 1569 1425 1625 examinemus,
1475 1568 1766 1640 Siquidem

166 1646 414 1700 merulae
442 1653 495 1699 et
524 1646 674 1698 corvi
703 1652 756 1698 et
783 1646 1002 1716 psittaci
1030 1653 1084 1700 et
1104 1645 1446 1707 consimiles,
1489 1645 1590 1698 etsi
1612 1643 1766 1698 varie

163 1736 363 1774 vocem
399 1717 702 1790 proferant,
762 1720 1107 1774 articulatum
1151 1729 1332 1774 tamen
1373 1735 1674 1788 numquam
1713 1724 1768 1770 et

165 1795 328 1850 nullo
366 1791 528 1847 modo
566 1790 898 1846 vocabulum
933 1795 1296 1864 pronunciare
1339 1799 1569 1862 queunt.
1655 1789 1766 1844 Sed

163 1878 303 1942 puto
318 1909 330 1932 ,
364 1866 513 1938 quod
528 1908 541 1930 ,
572 1865 1035 1936 quemadmodum
1054 1869 1114 1922 in
1135 1867 1514 1922 instrumentis
1531 1864 1762 1918 musicis

164 1944 440 2000 foramina
466 1941 723 2012 quamvis
752 1941 987 1998 habeant
1016 1943 1321 2014 portionem
1350 1939 1598 1994 veritatis
1635 1954 1766 1992 con-

164 2019 383 2081 stantis,
415 2034 523 2070 non
544 2025 725 2070 tamen
746 2017 1035 2072 rationales
1056 2017 1268 2071 sonitus
1289 2022 1416 2069 sunt
1434 2021 1761 2076 constantes,

164 2093 269 2150 sed
290 2093 459 2147 forma
488 2100 758 2155 carenteS‚
802 2101 855 2146 et
883 2099 1278 2163 consequenter
1305 2086 1447 2143 nihil
1476 2087 1763 2142 manifeste

164 2184 445 2240 exponere
480 2174 735 2237 possunt:
786 2167 861 2221 ita
890 2175 943 2220 et
970 2166 1372 2238 praedictorum
1404 2163 1764 2217 animantium

164 2261 334 2300 voces
355 2248 484 2296 sunt
511 2240 911 2312 significatione
938 2249 1183 2295 carentes
1202 2248 1255 2294 et
1275 2239 1543 2294 deformes
1560 2279 1572 2302 ‚
1615 2238 1765 2292 veri-

164 2329 333 2375 tatem
357 2315 563 2370 formae
582 2316 849 2370 sermonis
870 2332 977 2370 non
992 2314 1252 2371 vocabuli
1267 2313 1428 2370 modo
1449 2312 1767 2384 exprimen-

165 2405 250 2450 tes
265 2435 277 2456 ,
302 2391 401 2446 sed
422 2408 520 2460 per
538 2389 884 2444 cantilenam.

282 2502 366 2553 99.
402 2497 659 2568 Exempli
691 2497 807 2552 loeo
836 2497 946 2550 sint
975 2497 1080 2551 tibi
1109 2496 1246 2552 tibia
1276 2505 1330 2552 et
1357 2497 1588 2560 cithara,
1639 2513 1765 2550 cum

172 2575 299 2630 aliis
321 2573 701 2628 instrumentis
722 2572 975 2638 musicis3
1020 2574 1281 2644 quoniam
1311 2575 1563 2645 pulsatus
1585 2571 1653 2628 ab
1675 2570 1766 2624 his

172 2653 261 2704 ae'r
287 2665 447 2704 sonos
476 2647 693 2720 perficit
720 2645 985 2701 imitando
1018 2663 1178 2702 voces
1216 2647 1514 2716 humanaS,
1558 2647 1657 2720 qui
1685 2653 1768 2699 ta—

171 2741 297 2779 men
326 2725 519 2780 incerti
550 2731 679 2778 sunt
707 2729 760 2777 et
788 2729 1070 2792 nequeunt
1097 2731 1408 2785 constanter
1436 2727 1670 2786 formare
1691 2720 1772 2772 si-
