2125 3084
328 133 393 184 88
774 132 1144 178 rmnoms
1189 130 1462 179 mrum
1767 132 1852 199 [ι.
1883 137 2016 203 σο]

436 236 523 291 65.
572 231 731 289 Sicut
756 240 937 287 autem
948 230 1003 304 *)
1032 248 1264 305 magnac
1279 232 1552 311 ‘utilitatis
1579 235 1754 291 estin
1773 240 2004 297 totius

327 310 468 365 caeli
497 309 947 365 sustentationem
976 322 1126 361 mare
1140 348 1154 371 ‚
1197 308 1276 363 ita
1305 323 1530 379 quoque
1549 308 1624 367 ad
1643 309 1992 371 hominum

324 387 521 441 vitam.
592 383 861 451 Quoniam
880 382 1186 437 incolarum
1202 390 1380 438 terrae
1399 399 1529 439 cum
1547 384 1986 447 habitantibus

326 462 387 515 in
410 458 485 537 [Ἴ
509 459 711 515 insulis
731 466 784 512 et
804 457 1184 512 insulanorum
1203 456 1274 513 ad
1293 457 1576 517 terricolas
1603 460 1770 517 nulla
1801 462 1983 519 fuis-

328 545 411 591 set
432 543 621 611 mutua
639 532 1059 589 communicatio
1077 548 1257 605 neque
1275 532 1548 587 bonorum
1577 541 1974 594 commutatio

327 613 385 667 in
406 609 646 685 singulis
662 606 983 681 regionibus
1004 602 1371 663 nascentium.
1449 609 1642 681 ltaque
1662 613 1970 681 quemad-

326 685 553 743 modum
582 691 774 741 natura
802 682 1018 737 nullum
1054 682 1256 739 animal
1285 680 1466 737 effecit
1493 683 1644 737 haud
1671 684 1964 757 indigum

327 762 480 826 aliis,
522 759 605 815 sio
630 774 809 831 neque
841 757 1120 829 regionem
1146 756 1319 813 ullam
1345 758 1614 829 permittit
1641 774 1700 813 ea
1739 763 1962 817 omnia

325 836 557 901 habere,
607 850 751 907 quae
792 833 850 887 in
886 848 1052 887 usum
1091 832 1378 905 proprium
1417 840 1550 887 sunt
1585 837 1910 889 necessaria
1933 857 1950 891 :

326 910 599 983 quaedam
626 910 775 965 enim
810 906 1102 971 deficiunt,
1143 906 1416 979 quaedam
1453 924 1585 964 vero
1622 906 1944 977 abundant,

327 988 402 1043 ita
430 993 491 1041 ut
510 992 745 1058 nequeat
764 982 881 1039 fieri
898 1022 911 1047 ,
942 991 1003 1037 ut
1022 983 1151 1056 quis
1173 983 1435 1054 accipiat,
1465 984 1602 1055 quin
1624 983 1748 1053 det;
1813 985 1950 1041 vult

328 1063 497 1125 enim,
526 1070 587 1118 ut
606 1060 773 1117 simul
796 1066 939 1113 stent
958 1064 1012 1112 et
1028 1056 1294 1129 prodesse
1313 1064 1367 1113 et
1376 1056 1670 1143 proficere.
1751 1058 1950 1133 Argu-

324 1144 572 1193 mentum
590 1143 773 1191 autem
795 1131 1174 1189 firmissimum
1195 1132 1391 1187 harum
1411 1150 1595 1187 rerum
1617 1134 1734 1188 sint
1753 1136 1858 1207 qui
1881 1136 1944 1190 in

326 1211 497 1265 variis
534 1209 857 1267 civitatibus
893 1214 1023 1261 sunt
1049 1216 1240 1279 portus
1268 1216 1322 1264 et
1349 1207 1649 1265 multitudo
1681 1210 1941 1275 navium,

327 1301 469 1357 quae
508 1283 758 1355 qualibet
797 1284 927 1339 anni
964 1290 1288 1353 tempestate
1327 1281 1720 1355 ingrediuntur
1759 1302 1940 1350 mare,

329 1361 779 1433 circumaguntur
795 1376 896 1431 per
914 1356 1188 1414 mundum
1202 1398 1216 1422 ,
1253 1358 1631 1413 necessarium
1657 1376 1944 1433 peragen-

328 1434 399 1489 do
423 1432 697 1489 officium:
748 1449 859 1504 quo
888 1434 1150 1487 universo
1169 1432 1359 1507 generi
1382 1432 1622 1489 humano
1642 1436 1939 1511 geminum

326 1508 531 1565 bonum
552 1506 931 1565 concordantis
951 1508 1210 1565 utilitatis
1230 1515 1460 1563 constet.

439 1646 526 1699 66.
566 1644 711 1698 Haec
729 1642 1068 1701 obducentes
1087 1641 1360 1705 nonnulli,
1379 1642 1481 1713 qui
1499 1658 1732 1715 prorsus
1751 1643 1934 1700 aliena

328 1738 357 1775 a
385 1720 657 1793 sapientia
691 1718 1082 1791 loquebantur,
1123 1718 1370 1793 linguam
1409 1717 1809 1773 accusatricem
1847 1721 1934 1774 ni·-

327 1797 433 1850 mis
465 1792 755 1851 effraenam
783 1793 1106 1857 relaxando,
1149 1800 1638 1865 praesumpserunt
1665 1792 1934 1865 blasphe-

328 1888 475 1926 mare
495 1880 677 1943 partes
697 1878 945 1926 naturae:
1006 1870 1215 1941 quippe
1241 1872 1342 1940 qui
1351 1877 1640 1938 ‘tamquam
1661 1885 1930 1940 superva-

328 1963 558 2001 caneum
580 1963 642 2001 ac
661 1947 821 2019 quasi
842 1944 1098 2001 sudorem
1117 1951 1292 1999 terrae
1312 1960 1460 1999 mare
1480 1942 1772 2008 dixerunt,
1805 1944 1930 1999 licet

329 2020 638 2096 praedictas
658 2021 922 2076 utilitates
942 2018 1258 2092 suppeditet
1279 2020 1430 2075 caelo
1454 2026 1508 2074 et
1526 2026 1706 2071 terrae
1721 2058 1735 2081 ,
1779 2028 1834 2073 et
1858 2020 1924 2073 iis

328 2098 426 2169 qui
449 2098 625 2151 sortiti
646 2104 775 2150 sunt
795 2095 1190 2151 habitationem
1209 2095 1499 2165 utriusque
1519 2093 1695 2164 partis
1709 2094 1917 2149 mundi.

312 2173 503 2228 ’Causa
533 2180 715 2226 autem
745 2170 1043 2242 impietatis
1074 2169 1327 2240 voluptas
1356 2176 1464 2236 est;
1528 2184 1594 2223 ea
1612 2168 1767 2222 enim
1785 2185 1920 2240 quae

329 2265 437 2304 non
487 2247 737 2303 nutriunt
781 2262 961 2317 neque
1005 2244 1256 2300 serviunt
1292 2245 1502 2299 ventris
1537 2240 1914 2313 cupidinibus,

272 2365 282 2375 ,
328 2323 483 2380 velut
503 2322 731 2377 minime
752 2321 1059 2375 necessaria
1076 2321 1418 2375 incusarunt.
1486 2318 1758 2373 Universa
1777 2320 1917 2373 enim

330 2414 470 2468 aqua
490 2397 699 2451 marina
722 2412 896 2467 quum
916 2411 1023 2449 non
1049 2395 1123 2449 sit
1149 2393 1438 2465 potabilis,
1481 2409 1673 2447 ansam
1698 2393 1918 2465 praebet

328 2470 748 2540 vituperationis
770 2468 1025 2525 hostilem
1054 2470 1299 2523 animum
1327 2466 1663 2523 habentibus
1691 2470 1916 2525 amanti-

328 2542 545 2610 busque
565 2544 736 2597 rixas.

430 2675 477 2723 Ἰ
495 2677 565 2743 ,ΟΩ
590 2679 893 2727 Fragmentum
919 2691 973 2721 ex
996 2681 1115 2720 Ioan-
1141 2681 1343 2720 Damasc.
1371 2690 1500 2729 supra
1523 2681 1644 2721 'rom-
1665 2680 1740 2723 VI.
1767 2693 1811 2731 p.
1825 2684 1914 2725 2³4.
