2125 3084
355 166 414 218 44
613 168 800 215 run..
837 169 989 215 mn.
1025 167 1349 226 QUAEST.
1384 167 1483 213 ET
1530 167 1687 214 801..
1732 163 1949 230 [mma]

349 285 420 338 lis
451 283 690 354 quisque
719 284 777 336 in
807 299 1036 356 genere,
1082 299 1242 337 nemo
1272 291 1454 337 autem
1484 281 1627 337 liber
1654 282 1946 354 reperitur,

350 357 449 412 sed
468 357 636 411 habet
655 357 906 412 dominos
925 357 1199 430 plurimos
1213 399 1226 422 ‚
1256 358 1354 428 qui
1376 365 1579 412 vexant
1600 363 1653 411 et
1674 356 1946 430 affligunt,

351 443 467 486 tum
489 440 640 486 extra
657 474 669 497 ‚
700 440 818 487 tum
839 433 989 487 intus
1017 433 1078 486 in
1107 449 1193 488 se:
1253 439 1433 496 extra,
1477 431 1719 486 hiemem
1746 431 1953 504 frigore

351 507 710 572 afficientem,
754 515 1013 562 aestatem
1042 515 1198 562 aestu
1237 506 1677 571 comburentem,
1722 506 1945 571 famem,

350 583 502 636 sitim
532 583 843 654 multasque
873 583 1009 636 alias
1039 581 1404 648 calamitates3
1463 583 1613 636 intus
1644 589 1822 636 autem
1851 579 1955 636 vo-

350 657 616 728 luptateS‚
643 659 1119 729 concupiscentias
1135 698 1147 720 ‚
1172 671 1473 720 moeroreS‚
1499 657 1743 711 timores.
1822 655 1956 710 Ser-

355 731 545 787 vitudo
573 749 704 788 vero
733 732 1154 805 quadringentis
1185 732 1344 786 annis
1374 731 1795 794 determinatur,
1838 731 1955 784 iam

351 805 517 860 dictis
540 805 940 878 cupiditatibus
961 806 1403 880 insurgentibus,
1469 805 1835 872 Quamobrem
1856 823 1957 859 su-

349 881 540 952 perius
562 880 772 935 dictum
798 880 904 935 fuit
918 923 930 946 ‚
975 882 1125 953 quod
1145 881 1408 937 Abraham
1433 886 1692 936 transiens
1710 884 1842 934 sedit
1861 897 1958 934 su-

344 973 444 1023 per
472 958 592 1018 illa,
634 955 988 1027 impediendo
1024 965 1079 1012 et
1109 955 1429 1029 repellendo
1467 955 1798 1011 verbotenus
1830 971 1959 1008 car-

349 1029 543 1084 nivora
571 1029 666 1086 illa
698 1030 970 1096 volatilia,
1015 1048 1159 1103 quae
1188 1031 1448 1086 volabant
1486 1047 1653 1102 super
1693 1029 1957 1084 animalia

352 1104 628 1176 discerpta
643 1147 655 1171 ,
686 1123 850 1178 opere
871 1123 1001 1161 vero
1023 1105 1349 1160 afflictiones
1371 1106 1825 1176 supervenientes
1851 1103 1958 1160 ho-

349 1180 622 1235 minibuS.
700 1180 970 1247 Quoniam
999 1188 1118 1234 tum
1148 1196 1219 1232 ex
1244 1179 1468 1250 propria
1499 1187 1689 1232 natura
1725 1188 1950 1242 amator,

349 1261 468 1308 tum
490 1254 788 1326 diligenter
808 1255 1091 1309 studiosus
1111 1253 1353 1316 virtutiS,
1379 1251 1816 1306 humanissimus
1836 1271 1958 1308 me-

351 1327 513 1381 dicus
553 1337 636 1382 est
665 1329 883 1399 generis
912 1328 1085 1381 nostri
1115 1335 1170 1381 et
1197 1342 1328 1381 vere
1356 1333 1572 1380 curator
1600 1342 1663 1380 ac
1688 1327 1822 1381 mali
1854 1345 1957 1382 ex-

350 1401 569 1473 pulsor;
635 1401 773 1456 haec
811 1403 959 1456 enim
995 1402 1180 1455 omnia
1221 1399 1515 1473 allegorice
1556 1403 1794 1456 animam
1824 1421 1957 1474 spe-

355 1483 520 1530 ctant.
579 1477 717 1530 Nam
738 1477 1004 1548 sapientis
1026 1477 1209 1530 anima
1229 1475 1363 1529 dum
1385 1476 1623 1548 desuper
1642 1477 1711 1531 ab
1733 1478 1954 1532 aethere

353 1551 412 1604 in
441 1550 724 1605 mortalem
755 1551 1056 1606 adveniens
1088 1549 1433 1624 ingrediatur
1460 1559 1513 1605 et
1552 1553 1853 1606 seminetur
1892 1554 1953 1607 in

353 1641 546 1696 campo
575 1627 844 1698 corporiS,
886 1626 1156 1681 veraciter
1182 1627 1566 1698 peregrinatur
1595 1628 1652 1680 in
1681 1636 1822 1681 terra
1843 1644 1953 1681 non

353 1716 480 1753 sua:
533 1700 985 1772 quandoquidem
1013 1710 1227 1755 terrena
1257 1702 1499 1772 corporis
1527 1711 1719 1757 natura
1755 1701 1825 1756 ab
1863 1703 1955 1755 in-

352 1774 577 1831 tellectu
603 1792 745 1846 puro
783 1792 1007 1848 prorsus
1049 1776 1230 1831 aliena
1268 1783 1350 1830 est
1386 1783 1439 1830 et
1478 1777 1744 1850 subigens
1790 1776 1953 1830 illum

353 1849 612 1905 deorsum
631 1852 690 1906 in
709 1852 1032 1908 servitutem
1047 1892 1061 1916 ‚
1100 1867 1319 1906 omnem
1341 1849 1693 1908 afflictionem
1716 1852 1803 1906 illi
1825 1849 1947 1914 fert,

353 1925 527 1980 donec
567 1927 804 1982 salvator
842 1928 1214 1999 captivantem
1241 1927 1505 1982 vitiorum
1532 1935 1751 2000 gentem
1785 1923 1857 1999 [³¹⁵]
1892 1925 1952 1978 in

352 1998 628 2054 iudicium
648 2000 928 2056 adducens
949 2002 1301 2070 condemnet3
1350 2003 1435 2056 sic
1456 2003 1605 2056 enim
1636 2003 1693 2056 in
1725 2001 1953 2055 liberta-

351 2081 463 2128 tem
504 2073 766 2145 deinceps
805 2075 1077 2131 redditur.
1156 2076 1335 2143 Quare
1374 2076 1616 2132 inducit:
1683 2077 1953 2130 Verumta-

321 2190 324 2192 v
353 2165 467 2202 men
493 2157 714 2218 gentem,
755 2154 840 2205 cui
865 2155 1115 2206 servituri
1140 2161 1285 2215 sunt,
1323 2169 1413 2221 09⁰
1442 2153 1710 2216 iudicabo;
1760 2159 1811 2204 et
1836 2158 1953 2216 post

353 2226 478 2276 haec
497 2228 823 2292 eqrediemur
837 2228 936 2281 huc
946 2244 1060 2282 cum
1070 2244 1261 2296 maqna
1268 2231 1559 2282 substantia
1570 2231 1721 2292 (Gen.
1736 2229 1819 2290 15,
1832 2227 1919 2288 14)
1932 2244 1950 2290 ;

353 2296 546 2352 eadem
575 2299 840 2354 nimirum
869 2317 1127 2356 mensura
1149 2309 1203 2356 et
1220 2301 1405 2356 adhuc
1419 2300 1647 2354 melius:
1698 2300 1829 2369 quia
1852 2298 1953 2352 ab-

351 2372 586 2428 solvitur
606 2391 762 2429 mens
783 2392 853 2429 ex
873 2377 1017 2432 malo
1038 2376 1249 2448 collega
1272 2392 1496 2447 corpore
1512 2415 1524 2438 ‚
1556 2373 1846 2446 egrediens
1869 2381 1951 2428 at-

349 2463 458 2518 que
486 2449 782 2505 translatus
809 2468 926 2506 non.
943 2453 1126 2507 solum
1152 2451 1355 2513 libere,
1405 2466 1600 2504 verum
1626 2449 1791 2504 etiam
1822 2465 1949 2502 cum

349 2523 657 2578 substantia
673 2567 686 2588 ‚
727 2527 802 2580 ita
824 2533 885 2580 ut
904 2527 1045 2581 nihil
1067 2525 1199 2578 boni
1220 2530 1315 2578 aut
1336 2524 1473 2578 utile
1494 2523 1770 2595 relinquat
1801 2522 1947 2593 apud

351 2595 535 2652 hostes
556 2616 706 2654 suos·
783 2598 1052 2665 Quoniam
1078 2599 1234 2653 ferax
1258 2597 1485 2668 quidem
1514 2606 1596 2652 est
1621 2599 1800 2652 omnis
1828 2597 1949 2650 ani-

352 2688 440 2725 ma
469 2674 776 2730 rationalis:
838 2691 1033 2730 verum
1059 2672 1159 2743 qui
1188 2688 1249 2726 se
1273 2678 1431 2742 putat
1457 2680 1725 2726 onustum·
1744 2689 1807 2725 ac
1834 2672 1947 2726 vir-

2108 935 2111 948 l
