2125 3084
321 179 384 228 38
579 179 775 226 PHIL.
814 179 962 225 IUD.
1001 177 1325 236 QUAEST.
1363 179 1463 224 ET
1502 179 1658 224 SOL.
1705 172 1921 240 [nstin]

321 282 412 336 Bis
442 289 625 335 autem
655 287 900 351 repetere
930 281 1286 347 multiplicabo
1315 289 1362 334 te
1386 284 1543 334 nimis
1561 282 1711 334 valde
1730 279 1923 334 multi-

316 355 568 411 tudinis'
552 371 878 409 immensam
899 356 1117 425 copiam
1138 354 1429 409 manifeste
1448 352 1802 418 demonstrat,
1834 355 1923 408 in-

319 437 659 484 crementum
680 430 909 500 inquam
929 429 1144 501 populi,
1170 444 1272 483 nec
1292 445 1401 484 non
1424 429 1789 484 humanarum
1805 429 1923 484 vir-

317 513 520 560 tutum.

357 653 488 712 Quid
519 663 589 703 eat
621 652 888 716 „Providit
920 650 1171 702 Abraham
1204 667 1346 717 super
1366 650 1631 716 faciem“?
1664 654 1772 716 (17,
1810 655 1885 714 3.)

431 776 515 828 4⁴.
568 771 912 827 Constructio
940 771 1371 842 praemissorum
1411 779 1495 826 est
1531 787 1793 843 praesens
1832 769 1922 824 di-

315 857 492 914 ctum3
544 845 760 900 dixerat
789 845 966 899 enim:
1019 846 1145 901 Esto
1172 848 1557 901 immaculata-3.
1607 844 1803 916 ‘Atqui
1833 845 1923 899 vi-

313 931 402 976 tae
422 919 763 993 improbatae
783 937 948 974 causa
970 937 1078 975 non
1100 920 1209 975 alia
1230 929 1313 976 est
1332 938 1503 993 quam
1524 933 1749 984 sensae,
1786 921 1921 990 quia

314 999 364 1052 is
387 1007 440 1052 et
460 995 827 1068 cupiditatum
846 995 1002 1068 origo
1023 1003 1105 1050 est
1127 1013 1190 1051 ac
1210 995 1358 1064 fons;
1412 995 1814 1068 quamobrem
1798 1011 1923 1049 ture

314 1075 621 1143 meritoque
641 1089 809 1142 super
831 1070 1030 1126 faciem
1050 1071 1225 1134 cadit,
1269 1079 1401 1141 puta
1432 1088 1699 1125 sensuum
1720 1068 1923 1124 delicta

315 1148 430 1217 (in
415 1164 592 1202 imum
610 1145 927 1220 cecidisse),
957 1144 1221 1230 operibus
1241 1144 1440 1198 bonis
1424 1162 1536 1198 lam
1555 1144 1684 1199 illos
1705 1144 1923 1199 deditos

313 1222 489 1277 fuisse
517 1221 834 1275 ostendens
911 1221 1056 1272 Haec
1085 1219 1265 1289 primo
1287 1218 1405 1272 loco
1434 1218 1581 1272 dicta
1606 1219 1739 1273 sint.
1820 1218 1924 1273 Se-

312 1296 496 1350 cundo
526 1310 658 1348 vero
688 1293 1014 1354 dicendum,
1057 1290 1209 1362 quod
1248 1291 1539 1345 manifesta
1578 1293 1923 1362 apparitione

311 1368 604 1442 perculsus
627 1375 742 1420 erat
760 1367 938 1429 Emis,
968 1363 1040 1438 [³¹⁵]
1067 1365 1143 1418 ita
1167 1372 1228 1419 ut
1247 1366 1347 1419 vix
1363 1373 1559 1437 potens
1570 1365 1775 1420 1ntuer1
1788 1384 1923 1438 prae

311 1452 465 1498 metu
487 1440 646 1496 cadat
666 1447 720 1494 et
740 1439 927 1494 adoret
947 1455 1116 1510 super
1136 1446 1363 1503 terram,
1402 1438 1613 1511 pudore
1641 1439 1867 1495 affectus
1889 1459 1921 1496 a

313 1519 499 1588 specie
541 1523 858 1586 apparente.
937 1513 1121 1568 Tertio
1164 1521 1389 1600 propter
1427 1514 1820 1571 revelationem
1859 1516 1921 1570 in

311 1594 436 1664 ipsa
466 1589 808 1662 apparitione
838 1587 1037 1642 factam
1068 1587 1183 1642 ab
1166 1604 1289 1659 ipso
1308 1589 1447 1646 Ente
1474 1591 1574 1660 qui
1595 1598 1706 1656 est,
1751 1607 1920 1662 quem

311 1667 468 1721 novit
487 1673 550 1720 ut
567 1664 858 1721 veritatem
880 1671 1104 1717 naturae
1126 1670 1338 1718 creatae
1357 1664 1696 1735 oppositam.
1738 1683 1921 1738 quon-

311 1743 423 1797 iam
445 1758 556 1796 una
575 1739 824 1812 persistit
842 1739 902 1792 in
923 1739 1230 1793 constantia
1250 1738 1547 1803 invariata,
1593 1740 1759 1794 altera
1786 1757 1920 1796 vero

311 1817 538 1872 vacillat
558 1824 610 1871 et
629 1814 778 1871 cadit
797 1816 855 1870 in
874 1815 1163 1888 proprium
1188 1815 1371 1870 locum
1385 1856 1397 1879 ‚
1430 1822 1565 1888 puta
1584 1823 1805 1870 terram.

321 1998 450 2056 Quid
481 2010 550 2048 est
584 1999 846 2061 „Locutus
881 2008 949 2049 est
983 2009 1139 2049 autem
1174 2015 1275 2048 cum
1308 1998 1389 2050 illo
1425 1997 1561 2064 deus,
1600 1999 1787 2050 dicem.-
1846 1997 1921 2048 Et

447 2083 559 2130 eqo,
609 2082 714 2114 ecce
741 2073 938 2129 pactum
972 2083 1119 2114 meum
1156 2075 1328 2129 tecum,
1387 2077 1434 2116 ct
1467 2068 1561 2116 eris
1585 2077 1735 2132 pater
1766 2065 1919 2116 multi·

451 2132 626 2181 tudinis
656 2133 943 2196 yentium“?
977 2135 1087 2198 (17,
1126 2139 1156 2181 3
1183 2134 1251 2197 s.)

432 2254 516 2307 42.
557 2224 1018 2320 Quandoquidem
1038 2257 1197 2305 antea
1218 2250 1433 2306 dixerat
1450 2255 1645 2322 foedus,
1668 2251 1911 2307 inducit:

313 2329 393 2382 Ne
433 2342 666 2398 quaeras
709 2323 854 2378 illud
892 2341 992 2395 per
1031 2325 1267 2390 litteras,
1320 2327 1583 2397 quoniam
1623 2342 1725 2398 ego
1766 2343 1913 2389 sum,

313 2403 469 2458 iuxta
499 2399 808 2475 praedicta,
856 2398 1163 2472 genuinum
1193 2417 1256 2456 ac
1292 2402 1582 2474 proprium
1620 2408 1917 2457 testamen-

313 2485 453 2533 tum
531 2477 826 2546 Postquam
855 2474 1004 2529 enim
1031 2483 1428 2531 monstraverat
1458 2493 1518 2531 se
1559 2475 1912 2546 dixeratque:

315 2569 429 2620 eqo,
473 2550 668 2605 adiicit
696 2548 914 2604 dicens·
981 2567 1094 2606 ecce
1120 2561 1330 2620 pactum
1355 2567 1545 2614 mum,
1588 2550 1732 2604 nihil
1761 2548 1916 2603 aliud

314 2633 529 2697 praeter
549 2641 664 2692 me3
719 2641 820 2698 ego
844 2625 994 2680 enim
1013 2643 1139 2681 sum
1164 2632 1551 2681 testamentum
1576 2625 1763 2695 ipsum
1778 2663 1791 2688 ,
1826 2639 1916 2677 se-

316 2701 561 2756 cundum
581 2701 731 2772 quod
753 2699 947 2756 foedus
969 2717 1032 2755 ac
1051 2708 1273 2773 pactum
1284 2698 1909 2770 fingitur'pangiturquffi
