2125 3084
122 176 207 253 [11‚
231 182 357 245 291]
514 187 595 233 IN
636 188 990 236 GENESIN.
1032 192 1284 237 smum
1321 196 1407 241 Ν.
1643 193 1739 245 ⁴09

132 317 290 375 Quam-e
334 316 490 381 „Lot
534 320 699 367 timens
732 320 951 370 habitare
992 324 1041 370 in
1080 322 1239 387 Seyor
1275 327 1486 377 ascendit
1517 329 1568 377 in
1609 346 1737 378 mon·

256 396 353 436 tem
398 396 445 434 et
490 386 679 435 habitat
719 388 769 437 t'n
816 389 1041 453 spelunca
1085 406 1184 439 una
1229 408 1330 441 cum
1378 394 1560 444 duabus
1598 397 1737 457 filia·

256 456 426 503 bus-“2
461 457 569 515 (19,
600 456 710 513 30.)

226 552 319 604 55.
385 544 474 603 Ad
519 548 756 603 litteram
786 549 930 605 illud
960 554 1220 607 convenit
1249 552 1464 616 dicere,
1507 556 1638 625 quia
1669 555 1738 610 ad

129 626 382 679 civitates
424 625 556 696 igne
598 634 949 696 consumptas
987 628 1220 698 propius
1259 626 1461 700 degere
1502 629 1600 682 vix
1629 638 1740 684 sta—

126 699 232 753 bile
255 716 324 754 ac
345 707 576 753 cautum
599 698 913 755 arbitratur.
994 700 1081 755 Ad
1109 708 1348 757 mentem
1375 719 1534 766 vero,
1564 720 1739 774 quum

122 776 344 829 animus
375 772 675 845 proficiens
706 776 885 847 magis
916 786 1281 849 expurgetur,
1333 776 1555 850 longius
1586 795 1741 833 sece-

118 850 258 904 dens
282 849 434 921 fugit
455 865 606 903 ream
628 856 682 903 et
702 850 968 905 incultam
992 852 1464 907 conversationem
1479 894 1491 917 ‚
1537 853 1658 907 sive
1679 862 1741 909 ut

115 942 250 978 vere
275 942 341 979 ac
363 918 591 994 proprie
613 923 794 978 dicam
809 967 821 989 ‚
857 926 1299 981 subversionem.
1359 928 1530 983 Filias
1554 936 1737 984 autem

114 1000 277 1086 duas·
300 999 476 1053 habet
508 999 723 1053 innatas
753 1001 1098 1063 intellectuS,
1141 1003 1525 1075 cogitationem
1554 1013 1610 1059 et
1638 1004 1737 1059 ad-

116 1091 471 1128 miselonem.

122 1215 198 1279 [⁸]
234 1214 336 1263 Cur
362 1214 478 1263 dicit
503 1214 663 1263 senior
688 1214 758 1264 ad
780 1216 1035 1266 iuniorem.-
1073 1253 1108 1281 ‚,
1121 1216 1276 1267 Pater
1300 1227 1459 1267 noster
1482 1234 1625 1267 senex
1649 1228 1732 1281 est,

262 1292 309 1331 et
344 1298 476 1330 nemo
513 1292 606 1344 est,
657 1283 741 1345 qui
771 1284 911 1333 intret
946 1284 1017 1332 ad
1046 1301 1156 1347 nos,
1210 1285 1332 1334 sicut
1367 1285 1579 1335 convenit
1614 1288 1742 1335 omm‘

258 1358 433 1399 terrae.
506 1346 633 1398 Vem'
664 1349 752 1398 hue
786 1360 832 1399 et
864 1350 1140 1401 inebriemus
1158 1362 1349 1416 patrem
1373 1360 1580 1403 nostrum
1605 1354 1730 1417 vino,

258 1426 305 1466 et
349 1416 639 1465 dormiamus
681 1434 783 1465 cum
827 1434 881 1467 eo
924 1428 970 1468 et
1002 1420 1272 1470 suscitemus
1306 1421 1366 1470 de
1391 1430 1539 1485 patre
1572 1430 1732 1471 nostro

258 1487 497 1533 semew‘?
532 1482 639 1549 (19,
680 1490 739 1533 31
765 1487 833 1544 s.)

235 1588 323 1641 56.
408 1584 721 1659 Aggressus
769 1586 993 1642 interim
1040 1591 1354 1662 propositus
1404 1588 1475 1644 ad
1523 1606 1731 1645 morem

128 1669 382 1733 spectans
420 1662 759 1716 matrimonii
788 1663 1017 1734 iniquus
1047 1672 1130 1719 est
1160 1674 1212 1719 et
1243 1682 1510 1720 novarum
1549 1682 1732 1719 rerum

128 1737 339 1792 molitio
378 1738 641 1791 enormis,
722 1736 950 1793 Veniam
999 1746 1181 1793 tamen
1229 1739 1434 1793 habere
1479 1738 1727 1806 videtur3

129 1812 391 1883 quoniam
429 1818 628 1883 putant
666 1812 913 1885 virgines
954 1814 1092 1867 istae
1131 1812 1202 1867 ob
1241 1813 1610 1885 ignorantiam
1647 1829 1735 1866 re-

129 1904 251 1940 rum
280 1894 661 1950 externarum,
701 1886 1016 1942 combustas
1047 1904 1223 1958 quum
1243 1886 1519 1941 vidissent
1539 1887 1737 1940 civita-

130 1970 208 2015 tes
243 1961 372 2016 illas
402 1979 515 2017 una
546 1978 673 2015 cum
702 1962 1085 2018 habitantibus
1103 2003 1115 2026 ‚
1159 1962 1320 2032 quasi
1350 1976 1481 2013 vero
1509 1960 1736 2015 univer-

131 2054 251 2091 sum
288 2054 468 2109 genus
517 2036 824 2091 humanum
874 2044 1264 2108 consumptum
1312 2034 1509 2091 fuisset
1555 2053 1733 2107 neque

130 2112 307 2167 ullum
326 2128 568 2183 usquam
589 2113 884 2167 mansisset
910 2122 1126 2184 praeter
1154 2130 1214 2167 se
1240 2120 1370 2167 treS.
1450 2110 1579 2167 Ideo
1605 2129 1734 2185 pro-

130 2187 315 2242 vidam
353 2188 714 2259 prudentiam
742 2196 1087 2259 reputantes,
1137 2206 1206 2243 ne
1235 2204 1460 2259 prorsus
1491 2186 1733 2243 desolata

131 2264 432 2334 reperiatur
458 2272 607 2318 terra
624 2271 679 2317 et
696 2262 1027 2334 deperdatur
1054 2280 1232 2335 genus
1260 2264 1564 2319 humanum
1580 2304 1592 2326 ‚
1637 2279 1735 2335 ag·-

133 2354 347 2409 gressae
385 2346 518 2392 sunt
552 2338 1057 2409 praesumptionem
1087 2339 1512 2393 audacissimam
1541 2336 1612 2390 ad
1639 2354 1736 2389 su-

132 2412 426 2483 perandam
460 2428 577 2467 rem
609 2413 675 2484 (s.
701 2428 799 2485 per
827 2412 962 2487 rem)
992 2413 1396 2469 intolerabilem
1419 2418 1584 2479 atque
1604 2409 1736 2463 hae-

134 2489 462 2543 sitationem.
545 2488 749 2542 Littera
788 2488 924 2542 haec
950 2488 1136 2543 habet.
1215 2487 1300 2541 Ad
1336 2492 1578 2538 mentem
1605 2500 1737 2537 vero

135 2562 431 2617 dicendum
462 2561 525 2617 id
554 2577 694 2633 opus
726 2578 847 2617 esse
886 2562 1234 2635 cogitationis
1265 2569 1319 2616 et
1349 2557 1732 2624 admissionis;

136 2638 265 2693 istae
304 2639 459 2692 enim
500 2645 632 2691 sunt
671 2637 819 2693 filiae
856 2638 1200 2699 intellectus,
1245 2634 1418 2689 maior
1457 2632 1734 2704 cogitatio,

136 2714 305 2768 minor
326 2712 628 2768 admissio:
690 2713 953 2783 quoniam
984 2712 1104 2766 fieri
1135 2727 1244 2765 non
1272 2715 1477 2779 potest,
1521 2716 1584 2761 ut
1611 2707 1740 2778 quis
