2125 3084
201 190 288 256 [IL
314 188 436 252 364]
550 192 632 237 IN
677 194 1028 239 GENESIN.
1076 196 1329 240 SERMO
1366 198 1451 243 tv.
1717 192 1811 245 179

204 298 353 351 vitae
375 294 906 348 consummationem
927 294 1235 349 laborantes
1255 294 1532 350 medicum
1553 300 1651 351 vix
1680 316 1811 370 pas-

203 371 251 424 si
282 377 416 424 sunt
445 375 755 438 acceptare,
801 385 830 421 a
859 384 971 438 quo
1001 368 1247 423 fortassis
1278 368 1439 424 facile
1466 382 1804 428 curarentur.

203 444 422 511 Quibus
440 459 572 498 vero
595 441 935 497 desiderium
955 444 1287 515 disciplinae
1309 443 1489 508 adest,
1520 463 1699 502 amore
1719 449 1809 502 in-

204 519 590 592 terrogationis
625 526 678 571 et
707 518 1034 572 eruditionis
1066 518 1321 574 ardentes
1348 520 1532 573 omnia
1560 522 1809 593 undique

203 601 478 666 quaerunt
493 634 506 657 ,
539 593 646 647 etsi
667 593 910 647 seniores
931 594 1061 647 sint.

207 750 339 809 Quid
373 761 466 814 est,
527 750 659 815 quod
691 752 1009 816 inter-royanti
1041 752 1187 801 dixit.-
1262 750 1457 814 „Duae
1496 762 1663 816 yentes
1704 764 1810 803 sum

335 821 385 869 in
427 829 562 869 utero
603 828 680 868 tuo
693 856 706 881 ,
771 828 818 869 et
853 818 945 869 duo
974 820 1149 884 populi
1184 819 1243 868 de
1278 828 1438 868 ventre
1475 830 1553 869 tuo
1600 820 1809 869 dividen-

337 897 438 949 tur,
503 886 802 950 populusque
853 887 1084 949 populum
1138 886 1413 937 excellentia
1466 888 1711 951 superabit
1766 899 1811 937 et

335 955 490 1004 maior
524 954 695 1003 serviet
735 954 904 1003 minori
915 957 980 1002 “2
1017 955 1125 1017 (25,
1162 955 1273 1016 23.)

304 1058 422 1111 ⁴57.
444 1055 688 1122 Quatuor
705 1056 978 1127 quaedam
999 1056 1259 1110 enunciat
1278 1057 1582 1111 oraculum.
1626 1056 1807 1111 Unum

199 1132 366 1187 valde
395 1133 601 1185 mirum
615 1172 627 1193 ‚
671 1131 804 1200 quia
833 1148 942 1185 non
965 1130 1105 1186 duos
1125 1129 1363 1186 infantes
1385 1131 1532 1186 dixit
1549 1132 1607 1185 in
1630 1140 1803 1196 utero,

197 1207 305 1262 sed
343 1222 446 1277 pro
473 1205 780 1260 infantibus
806 1214 979 1273 qemes
1007 1206 1107 1273 ait3
1171 1214 1346 1277 patet,
1388 1206 1540 1277 quod
1568 1223 1677 1261 non
1708 1224 1808 1262 no-

199 1282 357 1336 mina
387 1282 534 1351 ipsa,
574 1280 674 1334 sed
703 1279 914 1335 futuras
945 1280 1015 1336 ab
1045 1298 1156 1335 uno
1178 1289 1231 1335 et
1251 1281 1419 1336 altero
1439 1290 1631 1355 gentes
1652 1283 1807 1337 aeni-

198 1356 442 1429 gmatice
469 1353 741 1425 prodidit,
785 1356 914 1425 quia
948 1356 1288 1427 patriarchae
1319 1374 1644 1430 magnarum
1668 1374 1806 1430 gen-

197 1434 342 1487 tium
383 1430 587 1485 deinde
632 1431 936 1501 apparituri
981 1441 1154 1486 erant.
1253 1431 1572 1487 Secundum
1622 1442 1803 1487 autem

197 1506 366 1561 valde
397 1505 746 1560 commodum
775 1506 1049 1577 utileque,
1098 1524 1206 1561 non
1232 1506 1610 1563 confusionem
1652 1507 1805 1563 futu-

200 1750 298 1803 His
337 1764 471 1802 vero
509 1746 718 1817 quibus
747 1746 1088 1801 desiderium
1118 1745 1445 1800 eruditionis
1476 1756 1529 1800 et
1558 1747 1805 1817 pruden-

201 1825 405 1877 tiarum
435 1820 640 1892 cupido
669 1830 776 1884 est,
819 1821 1069 1892 undique
1096 1821 1281 1875 omnia
1310 1820 1495 1874 doceri
1530 1835 1659 1873 cura
1700 1830 1801 1883 est,

204 1898 308 1952 etsi
329 1906 620 1953 veteranae
640 1903 768 1951 sunt
789 1897 1001 1951 aetatis.

213 2049 399 2114 Περαία
447 2050 776 2115 interrogante
829 2052 1045 2119 (marg.
1092 2057 1385 2113 perroqante
1400 2050 1431 2112 )
1482 2065 1543 2098 ea
1597 2049 1807 2099 audivit:

341 2116 536 2181 „Duae
569 2127 736 2182 qemes
769 2118 820 2167 in
853 2127 986 2169 utero
1026 2126 1105 2165 tuo
1142 2125 1273 2178 sunt,
1336 2126 1383 2166 et
1418 2116 1509 2167 duo
1543 2118 1717 2182 populi
1750 2134 1810 2166 ex

339 2194 470 2234 utero
507 2194 584 2233 tuo
628 2184 979 2249 disperqenmr,
1037 2193 1084 2232 et
1114 2184 1321 2247 populus
1346 2186 1571 2249 populum
1610 2202 1807 2249 supera-

342 2252 430 2313 bit,
471 2261 516 2301 et
549 2252 704 2301 maior
738 2254 910 2303 serviet
944 2251 1194 2300 minor-W?

321 2348 438 2402 ⁴57.
479 2347 726 2413 Quatuor
746 2348 936 2403 titulos
954 2348 1209 2419 designat
1229 2349 1541 2418 eloquium,
1572 2361 1807 2414 quorum

205 2438 380 2476 unum
419 2421 660 2494 gloriose
700 2424 938 2488 dictum,
987 2422 1136 2494 quod
1176 2440 1283 2476 non
1323 2422 1433 2476 duo
1470 2418 1711 2473 infantes
1750 2420 1809 2472 in

205 2504 360 2551 utero
389 2496 563 2561 dixit,
615 2498 714 2553 sed
741 2514 840 2569 pro
869 2495 1177 2552 infantibus
1206 2506 1395 2565 qantos.
1476 2494 1697 2549 Certum
1728 2502 1811 2547 est

208 2573 356 2625 enim
397 2572 468 2626 de
509 2570 818 2627 infantibus
857 2590 966 2627 non
1005 2572 1244 2633 dixisse,
1290 2569 1387 2623 sed
1417 2569 1486 2623 de
1516 2568 1810 2621 nascendis

207 2647 500 2717 utriusque
531 2645 715 2717 (mary.
745 2666 816 2701 ex
841 2646 1112 2717 utrisque)
1134 2644 1421 2715 designat,
1447 2643 1546 2713 qui
1566 2650 1813 2713 postmo-

208 2720 342 2775 dum
363 2720 650 2792 principes
681 2738 1003 2795 magnarum
1032 2720 1281 2793 gentium
1287 2717 1521 2840 Rfierent.
1602 2716 1814 2770 Secun-
