2125 3084
319 156 411 208 430
466 159 660 205 PHIL.
702 157 850 203 IUD.
889 157 1213 215 QUAEST.
1249 158 1348 203 ET
1396 156 1552 202 SOL.
1590 149 1916 217 [11‚314.315.]

313 269 366 315 et
387 258 646 322 muliere,
671 258 771 313 sed
788 256 856 313 de
877 257 1125 312 moribus
1142 255 1449 312 secundum
1471 258 1711 311 animam
1726 298 1738 321 ,
1763 258 1915 328 quod

313 334 620 405 respiciunt
646 341 700 386 et
724 333 1034 404 praesentia
1062 332 1349 385 nominum
1374 331 1645 404 symbola.
1726 330 1917 397 Quon-

315 411 424 463 iam
445 410 594 463 Isaac
613 415 696 461 est
715 425 871 462 mens
886 448 898 470 ‚
939 407 1028 460 sui
1049 407 1347 460 instructor
1368 407 1629 478 magister
1656 414 1708 461 et
1727 422 1827 477 per
1852 424 1915 461 se

314 483 559 546 edoctus,
585 482 880 536 distinctus
902 480 972 534 ab
992 480 1332 534 indistinctis
1344 479 1911 553 (s.indifferentibus)‚

314 557 562 631 gaudens
610 574 827 628 semper
869 565 924 610 et
966 554 1217 625 quotidie
1262 554 1331 608 de
1376 562 1531 625 patre
1577 555 1792 625 deoque
1836 552 1911 629 [³¹⁵]

314 634 495 703 deque
524 632 737 686 cunctis
767 631 888 685 eius
908 629 1177 701 operibus
1194 669 1207 691 ,
1258 645 1439 699 neque
1468 629 1773 700 displicens
1802 629 1917 683 sibi

315 708 384 762 de
412 706 708 777 quibusvis
737 706 796 759 in
822 702 1029 758 mundo
1066 702 1253 766 factis,
1305 704 1438 757 satis
1476 720 1711 775 gnarus,
1764 704 1915 774 quod

313 782 498 837 omnia
529 787 766 852 aguntur
793 777 1100 832 secundum
1126 786 1375 831 naturam
1396 794 1495 849 per
1515 776 1764 831 divinam
1784 794 1917 849 pro-

314 856 617 910 videntiam
638 855 697 906 in
718 853 950 907 salutem
975 852 1485 923 perennitatemque
1502 852 1911 907 universorum.

313 932 414 985 Hic
443 945 573 1003 ergo
603 927 982 982 chananaeam
1016 942 1125 980 non
1162 926 1397 996 accipiat
1426 942 1681 989 uxorem,
1733 942 1913 982 mores

316 1007 543 1076 inquam
564 1020 671 1057 non
693 1001 858 1056 habet
885 1008 1349 1073 praememoratae
1376 1008 1580 1066 sectae3
1650 1000 1913 1071 quoniam

319 1080 616 1134 Chananaei
634 1078 693 1132 in
715 1076 938 1131 alteram
958 1074 1174 1130 reducti
1195 1074 1443 1147 linguam
1462 1078 1659 1142 stupidi
1677 1081 1825 1129 sunt.

424 1154 628 1209 Verum
655 1153 816 1206 timor
843 1150 1025 1205 adhuc
1045 1149 1226 1214 adest,
1272 1167 1341 1204 ne
1368 1148 1503 1203 forte
1529 1148 1763 1204 verbum
1784 1165 1915 1219 pro-

315 1229 512 1291 latum,
565 1227 712 1281 servi
750 1226 968 1279 nomine
1005 1226 1119 1278 iam
1154 1224 1515 1295 appellatum,
1585 1221 1912 1293 sophisticis

312 1319 450 1357 usus
481 1300 962 1355 adinventionibus
991 1298 1247 1363 seducat,
1292 1298 1533 1369 decipiat
1559 1306 1612 1352 et
1632 1299 1691 1351 in
1717 1298 1916 1353 deliri-

313 1394 408 1430 um
429 1383 604 1430 vertat
625 1373 684 1427 id
705 1373 854 1443 quod
873 1391 943 1427 ex
963 1382 1156 1428 natura
1181 1382 1396 1445 gratum
1423 1380 1555 1427 erat.
1633 1371 1913 1438 Quamob—

312 1467 429 1504 rem
448 1448 658 1520 obligat
680 1448 862 1518 ipsum
890 1449 1155 1511 strictius,
1188 1447 1442 1502 horribili
1464 1449 1769 1501 iuramento
1794 1446 1916 1502 vel-

313 1534 376 1579 ut
408 1521 592 1577 fraeno
621 1523 672 1576 ei
699 1523 983 1593 imposit0,
1026 1531 1090 1578 ut
1119 1531 1428 1593 compescat
1457 1522 1783 1593 mitigetque
1813 1522 1911 1575 illa

313 1598 490 1662 dicta,
539 1613 680 1668 quae
709 1597 1051 1668 stupefacere
1081 1597 1257 1651 solent
1286 1605 1338 1651 et
1375 1605 1688 1668 pervertere
1726 1595 1909 1660 illum,

312 1675 410 1745 qui
443 1680 678 1743 nequeat
707 1672 1037 1745 condignam
1067 1671 1379 1725 firmitatem
1407 1680 1591 1725 tenere
1620 1671 1679 1723 in
1720 1670 1911 1725 verbo.

311 1749 455 1803 Dicit
475 1764 630 1819 ergo:
667 1746 806 1802 Illuc
830 1747 993 1811 vade,
1034 1746 1181 1801 unde
1200 1763 1303 1818 ego
1324 1747 1587 1817 migravi3
1630 1761 1741 1799 una
1762 1747 1914 1799 enim

311 1824 590 1896 generatio
611 1832 693 1877 est
713 1832 765 1877 et
784 1824 1040 1893 prosapia
1055 1863 1068 1885 ‚
1112 1838 1254 1893 quae
1280 1822 1543 1874 nimirum
1565 1836 1663 1890 per
1682 1819 1915 1873 manda-

311 1907 429 1952 tum
459 1897 549 1952 dei
580 1898 718 1952 facta
749 1907 830 1952 est
859 1896 1141 1969 migrati0‚
1187 1894 1255 1949 de
1286 1912 1397 1965 qua
1424 1894 1663 1964 accipias
1682 1910 1915 1948 uxorem

311 1972 425 2027 filio
456 1989 596 2025 mec.
676 1971 922 2024 Alterum
956 1971 1227 2025 monitum
1262 1977 1318 2023 ut
1344 1970 1491 2024 vitae
1518 1975 1824 2023 consortem
1854 1969 1914 2022 in

311 2046 558 2099 moribus
581 2044 779 2112 accipit
800 2045 875 2107 is,
919 2046 1018 2114 qui
1039 2046 1306 2116 migrasse
1333 2045 1489 2099 visus
1511 2050 1619 2105 est,
1672 2042 1794 2097 sive
1824 2060 1915 2098 se-

311 2118 557 2173 cundum
584 2115 1038 2170 consuetudinem
1066 2117 1451 2188 studiumque,
1496 2117 1735 2171 maxime
1761 2116 1914 2187 quod

313 2191 575 2247 Chaldaei
603 2198 872 2259 usurpant
899 2194 1283 2245 astronomiam
1312 2200 1375 2246 ut
1393 2191 1758 2264 principalem
1780 2208 1913 2245 con-

311 2265 722 2337 templationem
742 2264 1048 2319 invisibilis
1070 2274 1124 2319 et
1141 2268 1491 2337 incorporeae
1512 2273 1756 2320 naturae.

315 2388 388 2453 [²³]
469 2386 654 2451 thm'd
685 2385 999 2449 interroyanti
1028 2400 1190 2433 servo.-
1246 2420 1279 2446 ‚‚
1296 2384 1361 2433 Si
1391 2384 1589 2434 noluerit
1623 2383 1787 2433 mulier
1823 2384 1912 2431 huc

443 2456 674 2519 miyrare,
695 2452 855 2513 fllium
879 2460 1004 2501 tuum
1030 2450 1311 2500 reducamus
1340 2452 1520 2501 illucw
1555 2450 1702 2501 dixit.-
1738 2486 1771 2512 ‚,
1784 2448 1913 2499 Cave

447 2518 734 2651 {g4agtgr3de
789 2519 895 2579 tibi,
965 2535 1022 2566 ne
1066 2517 1267 2567 reducas
1308 2518 1469 2579 fllium
1526 2534 1672 2567 meum
1720 2517 1913 2577 illuc‘j?

541 2624 554 2647 ‚
647 2621 659 2634 .

425 2674 504 2723 89.
571 2671 772 2723 Littera
811 2686 938 2723 cum
977 2667 1267 2723 manifesta
1310 2670 1407 2731 sit,
1470 2667 1613 2721 illud
1649 2665 1799 2737 quod
1840 2665 1911 2718 ad
