2125 3084
172 184 255 252 [n,
282 180 401 247 557]
546 186 801 231 SERMO
836 188 935 232 DE
982 187 1408 239 sAmrsoNE.
1673 188 1774 245 399

170 296 399 346 ventum
420 304 489 342 an
510 304 656 342 nunc
674 287 915 358 primum
930 329 943 352 ‚
986 306 1054 343 an
1077 290 1231 345 iuxta
1257 292 1508 347 mulieris
1537 294 1768 363 dictum,

172 363 415 421 secunda
434 364 559 417 vice
582 361 800 417 fecisti?
836 364 951 417 Nec
971 380 1100 437 ergo
1123 375 1465 438 arrogantem
1491 370 1774 426 confiden-

109 437 115 443 ’
170 442 307 497 tiam
324 441 522 495 Manue
540 438 861 510 improbans
876 480 888 502 ‚
932 455 1112 510 neque
1133 440 1447 511 frequentes
1467 444 1772 517 interroga-

168 518 348 571 tiones
386 530 647 569 recusans
662 555 675 579 ,
738 515 919 586 coepit
954 514 1184 570 edocere
1225 516 1650 591 interrogantem
1687 538 1766 585 se,

168 590 275 647 hoc
294 589 477 645 modo.

285 721 367 771 ⁴3.
408 716 516 784 Qui
546 732 693 781 nunc
722 733 753 771 a
781 724 835 771 te
863 715 1084 781 videor,
1127 717 1197 773 ab
1227 734 1399 775 uxore
1429 734 1651 791 quoque
1676 728 1770 777 tua

162 794 328 847 visus
351 810 507 857 sum.
550 792 781 850 veniens
811 792 879 845 ad
912 794 1354 849 annunciandam
1371 794 1532 851 vobis
1550 812 1774 867 posses-

162 869 415 925 sionems
470 866 765 939 Siquidem
786 868 1156 938 qui-omnium
1175 867 1500 925 afflictorum
1518 870 1772 942 provisor

160 952 251 1000 est
271 950 327 998 et
344 943 443 1014 qui
460 942 612 997 solus
630 951 809 1014 potest
828 944 1130 998 anxietates
1151 944 1454 1001 dissolvere
1472 954 1526 1001 et
1543 954 1770 1002 naturae

159 1020 387 1075 iussum
416 1017 575 1083 dare,
623 1034 799 1089 quum
835 1017 1042 1076 viderit
1075 1021 1488 1077 matrimonium
1524 1030 1768 1077 vestrum

159 1112 273 1167 per
312 1101 537 1150 naturae
578 1092 1005 1152 obstinationem
1048 1093 1294 1151 infertile
1335 1112 1486 1159 esse,
1563 1113 1654 1151 me
1697 1096 1768 1151 ad
1857 1118 1862 1125 ·

160 1178 468 1239 utrumque
484 1169 636 1223 misit
660 1179 827 1240 opuS‚
870 1178 935 1224 ut
958 1168 1224 1225 videlicet
1250 1178 1304 1225 et
1331 1180 1556 1227 naturae
1587 1171 1770 1226 inclu-

158 1259 227 1300 sa
248 1244 389 1299 ostia
410 1244 649 1315 aperiam
665 1285 678 1308 ‚
722 1252 776 1298 et
795 1245 1104 1300 animorum
1115 1244 1258 1316 proli
1277 1246 1648 1303 studiosorum
1667 1247 1770 1301 de·-

158 1318 441 1378 siderium
475 1318 826 1391 adimpleam.
906 1319 1052 1387 Quid
1081 1338 1211 1393 ergo
1245 1323 1504 1379 convenit
1531 1323 1766 1394 gratiam

159 1394 569 1467 accipientibus
589 1395 934 1449 contribuere
954 1412 1055 1467 pro
1077 1395 1288 1469 gratia?
1327 1396 1557 1453 Servare
1582 1396 1769 1470 profe-

159 1480 251 1527 cto
271 1470 594 1528 beati‘illius
616 1469 962 1527 mandatum:
1006 1470 1067 1525 id
1085 1480 1170 1527 est
1186 1472 1256 1527 ab
1276 1471 1538 1530 ebrietate
1558 1490 1618 1529 se
1637 1474 1768 1543 abs-

160 1549 341 1603 tinere
378 1546 706 1619 genitricem
736 1554 790 1601 et
818 1563 847 1599 a
878 1547 1146 1603 novacula
1176 1558 1504 1615 creaturam,
1547 1558 1610 1605 ut
1641 1566 1768 1605 mu-

157 1622 267 1679 lier
286 1621 471 1679 sobria
490 1629 705 1693 reperta
726 1621 902 1691 pariat
920 1638 1047 1676 eum
1061 1663 1075 1686 ,
1105 1623 1204 1695 qui
1224 1623 1292 1679 ad
1311 1626 1590 1696 praeclara
1611 1633 1766 1698 gesta

156 1696 505 1754 ordinandus
527 1700 667 1759 erat,
697 1694 1014 1761 vitantem,
1044 1706 1106 1752 ut
1132 1698 1274 1753 nihil
1295 1698 1364 1753 de
1384 1698 1550 1754 rebus
1572 1701 1766 1754 incon-

154 1770 521 1828 venientibus
541 1771 707 1841 capiti
729 1772 921 1843 populi
944 1772 1190 1844 imponat
1207 1790 1398 1843 puero.
1437 1772 1765 1845 Symbolum

155 1864 297 1910 vero
324 1845 699 1909 multitudinis
731 1855 837 1912 est,
882 1836 1009 1901 e’um
1038 1847 1286 1902 crinibus
1323 1849 1585 1903 vestitum
1620 1864 1762 1911 esse,

156 1922 299 1995 quia
319 1916 569 1993 o'mnium
597 1921 823 1976 virtutes
851 1922 909 1976 in
936 1939 1049 1997 uno
1073 1922 1176 1975 hoc
1198 1938 1421 1992 corpore
1439 1923 1552 1975 sint
1573 1937 1766 1975 recon-

158 2000 336 2055 ditae.
416 1992 459 2061 Q
500 2002 637 2051 ortet
658 2006 835 2051 autem
858 2006 1023 2068 caput
1040 1996 1235 2069 populi
1255 2013 1476 2051 manere
1495 1996 1768 2050 immacu-

156 2070 340 2131 latum
363 2088 426 2127 ac
502 2068 522 2146 ]
548 2072 926 2143 incorruptum
954 2072 1380 2146 symbolumque
1401 2070 1594 2144 populi
1613 2070 1766 2125 indi·-

153 2148 399 2217 viduum
420 2165 561 2202 esse.
627 2148 724 2203 His
746 2149 895 2202 enim
915 2148 991 2201 ita
1010 2164 1070 2201 se
1091 2146 1424 2203 habentibus
1440 2188 1452 2211 ‚
1483 2154 1764 2217 tamquam

154 2241 338 2299 unum
358 2239 555 2293 corpus
570 2264 583 2287 ,
607 2222 802 2294 populi
824 2222 1139 2288 multitud0,
1164 2223 1278 2278 nati
1300 2228 1449 2277 turre
1470 2220 1760 2285 custodita,

154 2300 370 2355 invicta
398 2298 503 2353 erit
528 2305 583 2352 et
608 2297 913 2353 eversionis
940 2298 1146 2353 nescia.
1225 2295 1384 2365 Quod
1401 2298 1450 2352 si
1470 2296 1583 2352 nati
1603 2295 1762 2368 pueri

153 2381 329 2447 caput
345 2373 659 2429 devastetur
684 2374 811 2449 sive
832 2372 1186 2444 abscidantur
1213 2374 1420 2437 01111οε,
1464 2372 1762 2427 multorum

157 2451 311 2506 vires
341 2448 565 2513 cadant,
609 2464 845 2520 quorum
874 2456 989 2502 erat
1013 2446 1440 2504 reconditorium
1459 2448 1622 2505 homo
1642 2446 1760 2501 ille.

282 2576 363 2629 14.
403 2575 500 2628 His
532 2572 738 2630 auditis
766 2576 963 2630 Manue
992 2582 1045 2629 et
1072 2574 1410 2645 promittenti
1439 2548 1644 2647 gratias
1672 2588 1762 2629 re-

160 2650 346 2709 serens
368 2656 422 2705 et
442 2648 699 2719 mandato
716 2648 1156 2720 obsequuturum
1177 2666 1298 2705 esse
1314 2658 1646 2721 protestanS,
1672 2650 1761 2703 in-

160 2725 373 2783 vitabat
402 2722 662 2799 angelum
690 2725 749 2779 in
778 2722 995 2796 prandii
1027 2724 1369 2781 convivium.
1447 2725 1629 2795 Quum
1656 2724 1762 2781 hoc
