2125 3084
201 191 293 256 [11,
318 188 441 254 tam]
578 194 661 240 IN
700 195 1051 240 GENESm.
1093 197 1349 242 emmo
1383 199 1468 248 tv.
1717 193 1815 249 2¹77

206 295 379 350 nituit
413 291 543 348 'eum
561 323 639 336 —-
658 295 805 350 vixit
828 297 979 350 enim
1008 295 1239 367 posthac
1267 297 1508 368 amplius
1528 316 1697 374 quam
1718 320 1817 358 an·

205 387 310 424 nos
338 368 747 442 quinquaginta
775 401 877 434 -,
918 369 1017 426 sed
1044 379 1360 442 propterea,
1401 381 1466 428 ut
1501 376 1815 434 ineruditus

204 445 551 515 resipiscens
566 444 774 499 bonum
794 445 1188 518 aggrederetur
1205 447 1502 502 consilium
1519 453 1640 506 etin
1651 469 1817 508 usum

204 519 406 574 utilem
445 527 683 574 verteret
718 521 991 576 contraria
1001 519 1078 594 *).
1155 519 1316 587 Quod
1351 532 1532 578 autem
1567 525 1618 578 is
1645 526 1840 598 appa--¹

203 595 443 650 rentiam
483 593 782 665 quamdam
819 613 951 667 prae
980 611 1042 650 se
1073 594 1282 651 ferebat
1309 599 1606 668 sapientia,
1651 599 1818 657 fidem

206 669 342 724 facit
370 667 686 724 evidentem
716 671 889 736 illud,
931 669 1084 743 quod
1112 672 1447 742 exposcebat
1473 674 1819 732 benedictio-

205 758 355 809 nem,
384 758 494 799 non
516 760 648 800 sane
670 745 741 800 ab
762 747 968 820 exiguo
984 745 1240 818 quolibet
1259 745 1503 814 homine,
1527 747 1627 804 sed
1649 767 1678 804 a
1697 752 1818 807 viro

205 819 379 874 deum
412 819 817 890 amantissim03
884 829 1048 894 atque
1079 820 1222 876 scire
1238 862 1252 885 ,
1295 823 1446 895 quod
1472 821 1818 882 benedictio-

203 907 345 949 num
366 890 657 949 abundans
678 904 764 952 est
782 913 844 952 co
886 898 939 952 ia
954 937 967 960 ‚
1000 897 1124 968 ipso
1145 891 1388 953 dicente:
1452 899 1592 955 Num
1617 919 1726 955 una
1744 912 1818 958 est

203 971 305 1024 tibi
334 971 637 1034 benedictio,
653 913 883 1050 Pam-{³
918 971 1128 1027 Videns
1148 971 1335 1044 itaque
1355 972 1549 1029 sollers
1569 976 1812 1048 sapiam,

202 1041 362 1115 quod
390 1057 461 1097 ex
488 1047 703 1102 cunctis
731 1048 857 1103 istis
876 1045 1137 1102 indoctus
1158 1045 1255 1102 ine
1275 1047 1417 1103 nihil
1439 1049 1552 1105 fere
1573 1050 1818 1124 concipit

313 1215 358 1266 ἸΙ)
385 1227 421 1258 s.
452 1219 629 1260 fortasse
654 1222 810 1262 melius
836 1223 919 1262 ita:
966 1225 1215 1270 propterea,
1252 1224 1367 1272 quoa
1397 1224 1628 1264 maim
1660 1225 1815 1266 habene

204 1271 524 1311 intellectivam
550 1269 768 1320 bonorum,
796 1271 1032 1321 usurpabat
1058 1273 1288 1313 contraria.
1340 1271 1502 1315 Anoh.

202 1595 768 1671 ctum-supervixit
784 1600 932 1654 enim
952 1601 1114 1654 annis
1134 1601 1175 1655 L
1195 1627 1288 1664 -,
1313 1601 1413 1656 sed
1435 1604 1660 1658 stimulo
1680 1605 1811 1675 qui:-

202 1676 332 1730 dem
360 1674 615 1746 pulsatus
628 1715 643 1738 ,
684 1673 833 1745 quod
862 1682 973 1762 tagi
1000 1675 1375 1746 inertissimus
1401 1680 1556 1743 novit
1571 1679 1812 1748 optima—

200 1766 331 1805 rum
367 1765 556 1803 rerum
588 1750 809 1814 merita,
860 1758 1035 1805 utitur
1070 1758 1251 1806 autem
1287 1751 1404 1804 illis
1439 1752 1498 1804 in
1538 1750 1808 1806 adversis.

202 1821 369 1890 Quod
396 1831 581 1877 autem
600 1825 953 1896 praestigiati.
970 1826 1143 1879 sumit
1161 1823 1456 1878 meliorum
1470 1864 1483 1887 ,
1524 1824 1812 1895 probatam

204 1897 380 1954 fidem
410 1896 685 1968 explorat,
728 1898 1074 1970 exposcendo
1104 1897 1388 1969 optibilia‚
1441 1914 1548 1951 non
1578 1915 1608 1965 a
1626 1899 1812 1969 quoli—

201 1974 303 2029 bet
316 2013 329 2037 ‚
358 1971 463 2027 sed
482 1989 514 2026 a
536 1989 667 2028 voro
680 1974 909 2030 amabili
927 1974 1052 2030 deo.
1133 1971 1251 2028 Scit
1271 1971 1412 2026 bene
1431 1987 1580 2026 nunc
1601 1973 1813 2028 advena

200 2048 435 2112 tibilem-
462 2064 583 2104 csse
620 2047 943 2106 thesaurum
958 2091 971 2114 ,
1033 2046 1300 2104 dicendo:
1353 2046 1492 2102 Num
1533 2051 1814 2104 bmaedictio

200 2141 312 2178 m
328 2129 409 2178 eat
427 2127 548 2188 tibi,
586 2121 782 2192 pater?
816 2123 1086 2179 Intuendo
1116 2139 1246 2196 ergo
1273 2129 1532 2178 strenuus
1551 2121 1813 2178 indutum

200 2197 395 2270 (mar-9.
426 2197 740 2272 inductum)
774 2199 913 2255 haec
938 2198 1124 2254 omnia
1157 2203 1610 2270 prosequentem,
1661 2205 1716 2252 et
1750 2197 1812 2252 in

200 2273 359 2328 nullo
377 2273 802 2345 prudentiarum
820 2274 1228 2346 conspirantem
1241 2310 1256 2338 ,
1300 2273 1580 2328 sauciatur
1599 2287 1708 2327 non
1730 2271 1812 2327 le—

202 2348 346 2403 viter
364 2365 467 2420 pro
482 2358 789 2420 spontanea
808 2350 931 2405 eins
952 2348 1348 2421 imprudentia.
1409 2346 1548 2423 [Ego
1567 2363 1658 2402 me
1679 2363 1812 2402 cou-

202 2422 359 2478 fiteor
378 2423 585 2496 legi-sse
603 2425 663 2480 in
681 2425 929 2482 Hebraeo
945 2425 1426 2497 compunctionem
1445 2430 1502 2478 et
1520 2423 1812 2478 taciturni-

200 2506 371 2554 tatem
421 2497 629 2554 iisdem
648 2499 827 2555 literis
847 2499 1207 2556 declaratam:
1249 2507 1305 2556 et
1329 2497 1484 2554 aliud
1503 2496 1812 2552 incredibi-

202 2573 255 2628 le
276 2573 337 2628 in
354 2573 639 2644 psalmoza
659 2575 873 2630 Lxull.
906 2576 1026 2632 Non
1036 2575 1230 2630 habet:
1255 2573 1362 2630 tibi
1379 2573 1529 2628 dicet
1545 2573 1807 2648 hymnus,

202 2647 302 2702 sed
321 2647 429 2702 tibi
450 2648 579 2702 silet
597 2649 839 2721 hymnus
858 2649 997 2702 deus
1018 2651 1078 2704 in
1108 2649 1262 2703 Sion.
1329 2644 1399 2703 Et
1425 2647 1578 2704 aliud
1607 2649 1811 2704 mirum

202 2739 311 2777 non
332 2732 418 2776 est
438 2721 653 2778 dictum
682 2722 786 2777 soli
812 2724 955 2778 stare
970 2765 983 2788 ,
1024 2723 1126 2778 sed
1151 2732 1330 2780 tacere
1383 2723 1582 2780 iisdem
1605 2723 1813 2798 aspici-
