2125 3084
292 155 357 206 20
545 157 737 202 PHIL.
775 155 924 200 IUD.
965 155 1293 213 QUAEST.
1332 156 1431 202 ET
1479 157 1633 202 801..
1674 153 1893 218 [11,190.]

293 258 611 330 opinionem
632 256 811 328 magis
831 271 998 328 quam
1019 256 1307 312 veritatem
1328 255 1622 312 admittens
1637 298 1649 322 ,
1682 258 1743 312 in
1762 259 1895 328 qui-

292 333 400 388 bus
420 348 608 386 semen
629 330 1022 402 prophetarum
1039 331 1238 386 Ismael
1269 329 1335 402 (s.
1370 330 1664 387 admittens
1694 331 1765 387 ad
1790 349 1894 388 au-

293 405 578 478 cupandos
598 404 896 478 videntes).

299 543 460 604 Quare
494 545 681 610 „Sara
713 564 834 596 uxor
866 545 1097 596 Abrahae
1126 562 1219 596 non
1244 549 1508 612 yenerabat
1539 550 1609 611 (s.
1632 547 1891 612 pariebat)

821 613 945 663 enm?
985 612 1140 677 (Gen.
1177 619 1255 674 16,
1290 616 1362 674 1.)

411 720 491 770 48.
533 715 754 772 Sterilis
773 713 1085 770 celebratur
1104 723 1277 770 mater
1296 715 1557 771 nationis.
1620 715 1889 778 Primum,

293 799 356 846 ut
373 790 682 846 mirabilior
709 789 1158 861 generationibus
1188 788 1339 846 filius
1368 797 1627 862 appareat
1652 806 1754 862 per
1781 790 1892 846 mi·-

293 865 544 920 raculum
581 863 786 920 editus.
865 861 1122 920 Secundo
1135 903 1149 928 ‚
1190 872 1251 919 ut
1287 881 1397 920 non
1436 881 1507 920 ex
1542 865 1893 920 matrimonio

290 940 476 1010 potius
494 939 630 1001 viri,
655 953 824 1009 quam
845 953 916 992 ex
931 938 1283 1010 providentia
1302 937 1496 995 divina
1512 940 1587 996 sit
1605 938 1893 1010 conceptio

291 1021 346 1068 et
383 1013 669 1069 nativitas:
733 1011 978 1068 sterilem
1016 1014 1167 1068 enim
1206 1029 1468 1086 generare
1498 1031 1607 1070 non
1634 1012 1891 1085 pariendi

291 1088 569 1146 facultatis
613 1096 722 1150 est,
783 1085 885 1143 sed
922 1086 1149 1144 divinae
1186 1088 1407 1142 virtutis
1446 1105 1607 1159 opus.
1685 1088 1895 1143 Littera

291 1163 427 1220 haec
445 1172 549 1219 est.
592 1163 678 1220 Ad
697 1173 938 1218 mentem
957 1177 1116 1216 vero:
1155 1162 1416 1231 primum,
1441 1161 1591 1232 quod
1606 1164 1893 1232 peperisse

289 1239 578 1309 proprium
603 1237 826 1292 mulieri
857 1243 968 1298 est,
1012 1237 1159 1288 sicut
1187 1250 1479 1306 generasse
1510 1234 1577 1306 (s.
1606 1236 1891 1306 genuisse)

289 1311 558 1365 masculO.
606 1309 738 1364 Vult
754 1310 941 1379 itaque
953 1309 1201 1362 animum
1212 1309 1417 1363 virtute
1433 1308 1661 1378 plenum
1669 1325 1892 1363 mascu-

291 1385 408 1439 lino
427 1384 618 1456 generi
645 1384 804 1454 prius
831 1380 1077 1436 similem
1105 1380 1365 1446 reddere,
1405 1399 1572 1452 quam
1598 1381 1885 1447 feminino,

291 1465 583 1530 cognatum
604 1457 713 1528 ipsi
737 1457 1062 1510 existimans
1083 1455 1145 1510 τὸ
1166 1472 1327 1530 agere
1342 1496 1355 1520 ,
1387 1473 1497 1511 non
1516 1474 1647 1513 vero
1668 1458 1729 1514 τὸ
1748 1460 1887 1530 pati.

294 1531 551 1586 Secundo
571 1537 834 1602 generant
856 1527 928 1603 [³¹⁵]
953 1527 1185 1600 quidem
1205 1529 1385 1593 amb0‚
1409 1539 1519 1588 tam
1539 1532 1747 1604 probus
1768 1533 1891 1587 ani-

289 1623 415 1660 mus
455 1622 623 1676 quam
661 1621 895 1676 pravus,
946 1612 1212 1676 generant
1248 1612 1432 1660 tamen
1465 1605 1687 1662 diverso
1726 1606 1889 1662 modo

290 1688 344 1734 et
374 1680 668 1734 contraria:
729 1678 936 1750 probus
965 1679 1109 1734 bona
1138 1687 1193 1735 et
1225 1679 1413 1744 utilia,
1461 1697 1669 1754 pravus
1708 1690 1889 1736 autem

290 1755 410 1808 sive
433 1755 612 1810 malus
632 1755 814 1825 turpia
835 1762 888 1808 et
909 1753 1149 1810 inutilia.
1230 1755 1439 1819 Tertio,
1473 1756 1572 1826 qui
1599 1764 1683 1810 est
1708 1755 1889 1810 adhuc

286 1829 662 1900 proficiscens,
685 1829 756 1884 ad
773 1831 952 1902 ipsam
961 1830 1334 1886 summitatem
1355 1830 1694 1893 imitamine,
1719 1846 1891 1902 prope

290 1914 373 1958 est
403 1903 471 1959 ad
502 1905 717 1969 lumen,
761 1904 912 1977 quod
939 1905 1091 1976 apud
1120 1905 1337 1977 aliquos
1376 1902 1581 1960 dicitur
1618 1904 1889 1960 oblivioni

290 1978 556 2032 traditum
593 1987 758 2050 atque
795 1980 1168 2052 incognitum:
1240 1981 1291 2034 is
1318 1996 1449 2052 ergo
1476 1987 1641 2052 prout
1668 1978 1890 2051 profici-

289 2068 450 2108 scens
473 2058 583 2114 est,
627 2068 737 2108 non
756 2061 981 2123 generat
1001 2069 1102 2106 nec
1122 2070 1292 2123 prava
1312 2070 1494 2126 neque
1511 2052 1685 2126 proba
1700 2094 1712 2117 ‚
1756 2053 1887 2125 quia

290 2126 530 2183 necdum
560 2123 837 2198 perfectus
867 2132 975 2192 est3
1039 2125 1140 2180 sed
1169 2128 1419 2199 aequalis
1438 2136 1521 2183 est
1541 2129 1621 2188 ei,
1665 2127 1765 2198 qui
1786 2143 1889 2181 nec

291 2207 532 2273 aegrotat
571 2215 752 2270 neque
791 2197 1031 2270 perfecte
1070 2217 1238 2255 sanus
1276 2211 1360 2256 est
1396 2217 1647 2273 corpore,
1690 2200 1790 2255 sed
1818 2199 1887 2256 de

291 2275 454 2348 longa
475 2272 822 2348 aegritudine
843 2271 1027 2328 adhuc
1046 2273 1117 2327 ad
1138 2277 1427 2332 sanitatem
1446 2274 1644 2330 tendit.

348 2427 478 2485 Quid
509 2438 578 2479 est
610 2426 790 2492 „Erat
824 2426 871 2476 ei
901 2425 1081 2476 ancilla
1111 2425 1378 2492 Aeqyptia,
1425 2428 1504 2478 cui
1534 2444 1701 2477 nomen
1734 2438 1839 2478 erat

902 2493 1123 2558 Λάραν-’(9
1158 2495 1276 2556 (ib.)

409 2598 490 2648 ⁴9.
531 2596 677 2668 Agar
697 2594 1005 2666 explicatur
1024 2596 1492 2667 peregrinatio
1506 2637 1519 2658 ‚
1548 2596 1687 2649 haec
1708 2605 1886 2649 autem

291 2685 450 2722 serva
469 2677 552 2723 est
570 2669 912 2739 perfectioris
933 2677 1157 2724 naturae
1173 2688 1184 2738 3
1231 2669 1451 2723 natione
1460 2670 1709 2736 Aeyyptia
1720 2670 1886 2723 nimis
