2125 3084
317 148 408 199 ⁴32
541 150 738 195 PHIL.
776 149 927 195 mn.
972 149 1293 207 QUAEsT.
1332 150 1429 193 ET
1472 150 1635 194 son.
1673 114 1912 210 [11]317.]

310 252 420 305 sibi
473 250 883 312 convenientia,
963 250 1068 303 etsi
1121 256 1345 303 externa
1397 250 1582 303 omnia
1631 258 1911 320 operetur.

259 349 263 354 ·
303 325 676 391 *Quamobrem
717 341 818 379 nec
866 322 1177 377 navarchus
1220 322 1450 377 dimittit
1488 324 1735 386 clavum,
1804 326 1917 379 etsi

309 408 473 453 vento
493 415 754 469 prospero
769 406 962 470 pergat
981 399 1165 461 navis,
1204 396 1303 452 sed
1324 397 1619 469 gubernat;
1659 415 1762 453 uec
1782 397 1917 470 (mi-

311 474 412 545 les)
442 472 779 544 derelinquit
816 473 1094 537 ordinem,
1155 474 1215 526 in
1248 488 1359 542 quo
1395 474 1724 528 constitutus
1758 482 1844 528 est
1881 492 1915 529 a

312 549 434 620 lege
459 549 764 620 sapientiae
785 556 947 618 atque
974 548 1189 619 ingenii
1221 546 1527 601 secundum
1553 548 1810 619 peritiam
1821 547 1905 621 *);

219 650 224 657 ⁷
310 640 490 694 neque
509 623 749 694 agricola
777 622 1161 693 praetermittit
1187 621 1497 675 necessaria
1522 622 1771 676 culturae
1796 633 1913 678 ter-

310 715 426 761 rae,
470 712 806 768 quamquam
833 696 1058 767 pluviae
1086 712 1185 766 pro
1211 703 1453 767 tempore
1472 704 1527 751 et
1545 700 1911 768 temperantia

311 773 450 827 ae'ris
489 773 644 826 iuxta
683 772 812 825 anni
860 777 1212 842 tempestates
1262 770 1470 839 adsint;
1532 787 1713 843 neque
1762 773 1909 827 alius

308 847 607 917 quisquam
645 846 831 900 oculos
866 844 1013 918 figit,
1057 854 1121 899 ut
1147 861 1247 915 per
1280 862 1339 900 se
1368 847 1702 917 prosperitas
1735 847 1909 903 adve-

309 922 452 983 niat,
507 922 682 974 otium
718 918 1053 991 proditorem
1093 920 1301 975 malum
1340 920 1451 974 sibi
1490 920 1793 975 concilians
1845 930 1909 976 ut

308 996 520 1050 socium
541 994 794 1049 electum.
873 994 1109 1048 Difficile
1130 1011 1369 1065 namque
1389 1003 1471 1050 est
1484 1036 1497 1059 2
1534 1003 1597 1050 ut
1615 997 1743 1066 quis
1758 1036 1771 1059 ‚
1816 998 1909 1050 ni-

307 1069 389 1124 hil
421 1069 598 1124 facere
627 1087 691 1124 ac
726 1069 970 1123 laborare
1005 1069 1224 1132 volem,
1276 1086 1470 1124 saxum
1506 1070 1597 1124 vel
1630 1070 1904 1141 quicquid

305 1146 671 1199 inanimatum
699 1144 810 1198 sibi
840 1145 1123 1215 acquirere
1149 1144 1325 1213 possit
1350 1142 1459 1214 (vel
1480 1144 1687 1199 imitari
1713 1145 1898 1217 velit);

307 1220 672 1274 nihilominus
709 1218 818 1272 frui
855 1218 1192 1272 abundantia
1229 1218 1526 1288 voluptatis
1560 1219 1683 1273 vult
1714 1219 1897 1281 home,

307 1293 449 1347 nihil
487 1293 716 1347 studens
757 1292 1016 1346 humanis
1054 1292 1241 1346 rebus.
1338 1293 1542 1346 Littera
1580 1292 1903 1348 huiusmodi

307 1375 408 1421 est.
473 1366 645 1420 Habet
665 1374 845 1420 tamen
868 1374 921 1419 et
939 1367 1259 1439 allegoriam
1282 1366 1435 1420 locus
1456 1383 1752 1439 congruam
1773 1385 1902 1422 cum

304 1440 625 1512 praedictis,
705 1438 1163 1510 Quandoquidem
1183 1441 1416 1495 verbum
1446 1442 1687 1495 exterius
1718 1444 1903 1511 prola-

307 1524 424 1568 tum
449 1514 518 1568 ad
540 1516 997 1585 comparationem
1019 1517 1220 1571 mentis
1247 1514 1567 1569 adolescens
1596 1524 1679 1569 est
1709 1518 1905 1587 appel-

309 1590 452 1643 latus
467 1630 480 1654 ,
504 1598 667 1661 atque
688 1590 852 1644 simul
877 1590 1155 1645 dubitavit
1175 1597 1228 1644 et
1254 1592 1626 1661 suspicionem
1644 1591 1901 1646 exhibuit

305 1663 641 1719 infirmitatis
673 1664 759 1719 vel
790 1665 1159 1737 deceptioniS,
1210 1664 1336 1719 ideo
1372 1663 1555 1719 iunxit
1584 1674 1747 1735 atque
1775 1682 1902 1720 coa-

303 1740 480 1808 ptavit
501 1741 551 1793 ei
573 1740 810 1795 salvator
830 1740 1063 1795 verbum
1086 1740 1315 1793 alterum
1336 1735 1633 1794 infallibile
1653 1755 1714 1793 ac
1734 1738 1902 1793 infal-

309 1814 424 1877 lax‚
483 1814 633 1886 quod
674 1817 931 1888 angelum
969 1816 1313 1886 nuncupavit
1356 1815 1509 1870 velut
1547 1816 1897 1885 interpretem

306 1886 487 1943 divini
507 1891 713 1944 oraculi
734 1889 1114 1959 mandatique3
1147 1891 1195 1943 is
1223 1906 1354 1961 ergo
1374 1904 1545 1960 quum
1569 1888 1737 1951 adsit,
1770 1888 1901 1943 edo-

305 1979 434 2016 cens
455 1964 680 2018 instruit
708 1964 986 2019 hominem
1013 1980 1123 2018 non
1150 1964 1389 2035 amplius
1410 1963 1596 2017 verbis
1618 1964 1897 2028 vacillare,

305 2036 578 2090 dimoveri
597 2054 659 2089 ac
679 2038 1012 2092 conturbari.

307 2143 381 2206 [⁸]
419 2141 547 2198 Quid
572 2152 664 2204 est,
703 2143 834 2205 quod
856 2178 890 2205 „
906 2143 969 2192 Si
992 2144 1191 2193 nolum-it
1216 2145 1378 2194 mulier
1415 2154 1559 2194 tecum
1594 2145 1775 2207 venire,
1809 2162 1899 2207 pu-

440 2226 520 2257 rus
561 2209 652 2259 eris
687 2226 722 2257 a
759 2210 1018 2259 iuramento
1059 2212 1150 2260 isto
1194 2228 1321 2261 meo.-
1392 2212 1705 2261 tantummodo
1740 2212 1900 2273 filium

438 2293 584 2327 meum
619 2292 677 2325 ne
715 2275 916 2325 reducas
951 2276 1131 2325 illuc“?
1174 2282 1281 2341 (24,
1321 2280 1397 2343 8.)

418 2364 502 2415 9⁴.
555 2359 856 2416 Haesitabit
889 2360 1093 2431 aliquis
1128 2361 1377 2435 (forsan),
1409 2362 1710 2434 quomodo,
1748 2371 1900 2433 post-

305 2453 470 2505 quam
491 2437 714 2493 omnino
735 2444 1039 2491 asseruerat
1059 2435 1355 2519 adventpm
1378 2438 1628 2491 mulieris
1643 2478 1655 2501 ,
1703 2438 1899 2491 comite

405 2574 446 2621 *)
491 2576 650 2614 Textus
687 2576 891 2615 confusus
917 2578 1026 2623 crat,
1071 2576 1146 2614 sed
1172 2587 1227 2615 ex
1252 2577 1360 2615 serie
1387 2586 1527 2617 rerum
1564 2578 1626 2615 sic
1663 2577 1898 2623 intelligere

305 2624 574 2663 commodum
606 2626 748 2664 visum
782 2630 866 2671 est,
916 2636 1000 2664 nna
1032 2636 1131 2665 cum
1166 2627 1459 2674 sequentibus,
1490 2627 1579 2667 ‚ubi
1612 2636 1698 2665 non
1724 2627 1899 2667 deerant

307 2675 413 2711 aliae
441 2673 728 2721 difficultates.
779 2676 940 2715 Auch.
