2125 3084
343 196 445 250 202
630 199 824 245 PHIL.
851 198 997 245 IUD.
1026 199 1355 257 QUAEST.
1381 200 1481 245 ET
1508 202 1658 247 SOL.
1709 197 1795 263 [IL
1821 200 1942 267 381]

344 300 435 355 vel
473 300 759 371 temperati
798 307 953 363 sunt,
1005 297 1442 368 mediocritatem
1479 302 1646 357 refert
1684 320 1747 357 ao
1783 304 1950 359 exhi-

344 374 463 441 bet3
528 375 661 444 quia
699 373 770 428 ob
808 374 1184 429 infirmitatem
1215 374 1274 428 id
1303 377 1449 430 ultro
1477 387 1786 449 acceptant,
1836 381 1947 433 mi-

344 450 493 504 nime
534 448 799 503 audentes
838 456 931 502 aut
969 466 1078 503 non
1118 449 1364 504 valentes
1403 468 1530 506 cum
1577 453 1674 507 illo
1721 470 1944 508 sursum

342 521 657 579 ascendere.
754 522 860 588 Qui
899 540 1029 577 vero
1067 525 1344 596 attingunt
1380 527 1750 580 summitatem
1791 535 1846 582 et
1885 529 1944 583 in

341 600 527 670 ipsum
548 598 880 670 perveniunt
901 596 1066 651 finem
1089 615 1367 654 summum
1381 640 1394 663 ‚
1437 598 1578 653 nulli
1603 601 1829 670 penitus
1850 619 1946 657 ce-

340 674 480 729 dunt
499 690 683 730 rerum
706 671 861 727 humi
884 672 1250 727 haerentium.

342 830 415 895 [²²]
461 827 621 887 Quare
656 827 796 877 dicit.-
865 826 1106 891 „Habita
1139 829 1188 878 in
1230 838 1386 889 terra,
1443 844 1583 893 quam
1626 826 1714 877 tibi
1751 826 1936 894 dixero,

526 906 570 945 et
597 895 982 961 pereqrinatione
1017 894 1185 945 habita
1218 896 1267 946 in
1302 898 1442 945 ea“?
1483 897 1590 961 (26,
1627 902 1656 945 2
1681 896 1750 960 s.)

457 1010 571 1063 178.
602 1050 609 1057 .
648 1007 1072 1080 Peregrinorum
1117 1015 1174 1062 et
1221 1008 1529 1062 incolarum
1574 1006 1942 1063 differentiam

336 1091 577 1139 enarrat:
640 1082 972 1138 verbotenus
1002 1082 1267 1137 nimirum
1297 1082 1668 1138 habitantium
1694 1083 1753 1136 in
1782 1081 1943 1137 urbi—

338 1158 445 1213 bus
467 1158 753 1213 hominum
768 1199 781 1222 ‚
814 1174 873 1211 re
896 1164 1079 1211 autem
1101 1157 1316 1211 animae
1337 1158 1395 1212 in
1415 1158 1536 1211 suis
1557 1156 1941 1227 dispositioni-

338 1234 445 1287 bus
476 1234 575 1288 vix
600 1248 723 1286 sese
748 1230 1096 1286 uniformiter
1116 1231 1390 1286 habentis.
1469 1231 1628 1287 Iubet
1645 1241 1830 1287 autem
1849 1250 1942 1286 sa-

337 1309 513 1379 pienti
534 1306 815 1378 peregrini
836 1322 985 1360 more
1009 1306 1259 1361 habitare
1279 1307 1336 1361 in
1367 1324 1430 1361 ea
1446 1347 1459 1369 ,
1501 1323 1668 1377 quam
1693 1314 1934 1362 tantum-

336 1382 500 1435 modo
528 1380 716 1435 videat
745 1388 798 1434 et
825 1388 1037 1453 tangat,
1081 1390 1250 1445 terra,
1299 1389 1354 1435 et
1379 1381 1628 1436 habitare
1659 1381 1719 1435 in
1747 1398 1838 1443 ea,
1877 1382 1940 1435 in

336 1471 447 1526 qua
475 1454 664 1509 iubeat
690 1455 975 1511 oraculum
1010 1456 1372 1511 dominicum.
1451 1454 1722 1523 Quoniam
1756 1455 1941 1511 sensi-

339 1697 589 1753 nonnulli
612 1698 670 1752 in
692 1699 799 1754 isto
819 1698 1003 1754 medio
1024 1705 1170 1753 statu
1191 1697 1450 1753 durantes
1469 1715 1567 1769 pro
1587 1698 1940 1769 inpossibili-

338 1780 445 1827 tate
467 1772 781 1846 fragilitati,
822 1775 922 1845 qui
949 1781 1043 1831 aut
1062 1772 1369 1836 excellunt,
1401 1773 1668 1845 paulatim
1690 1772 1760 1826 ad
1782 1789 1938 1827 sum-

337 1864 455 1902 mos
492 1849 761 1904 virtutum
798 1850 1060 1904 terminos
1093 1847 1385 1912 accedunt,
1430 1865 1530 1919 pro
1557 1847 1735 1903 nihilo
1765 1855 1934 1902 terre-

336 1924 468 1978 stria
490 1932 807 1995 reputantes
827 1924 1146 1997 diriguntur
1171 1924 1230 1978 in
1252 1922 1446 1978 altum.

344 2085 526 2150 thuid
566 2084 687 2133 dixit
728 2086 825 2135 fui.-
895 2121 930 2149 „
950 2086 1199 2150 latiatim,
1256 2088 1306 2136 in
1343 2102 1482 2151 quam
1523 2086 1611 2136 tien·
1643 2085 1807 2135 auxero
1845 2056 1935 2136 tkr-

552 2168 675 2201 ram.
744 2151 867 2201 Esto
905 2164 1059 2203 autem
1096 2154 1254 2203 incola
1288 2156 1339 2203 in
1373 2154 1466 2203 Ιιασ
1507 2156 1716 2203 terra“?

450 2272 564 2325 ⁴78.
620 2268 929 2324 Incolarum
967 2278 1021 2325 et
1048 2288 1430 2341 possessorum
1458 2270 1766 2327 differentia
1795 2271 1939 2326 insi-

337 2356 564 2402 nuatur:
634 2344 804 2399 verbo
841 2344 1071 2414 quidem
1109 2355 1297 2418 utpote
1337 2347 1578 2402 civitatis
1616 2345 1938 2400 inhabitan-

337 2422 477 2476 tium
517 2420 831 2486 hominum3
894 2434 1057 2490 opere
1099 2429 1281 2476 autem
1310 2423 1433 2494 ipso
1463 2422 1769 2477 animarum
1798 2419 1938 2474 dicit

337 2494 589 2551 affectum
611 2493 875 2549 dissimili
897 2494 1011 2548 vita
1040 2498 1517 2552 commorantium.
1595 2494 1938 2550 Permittitur

335 2585 466 2641 ergo
486 2570 722 2641 sapienti
742 2568 1013 2623 incolatus
1033 2585 1134 2640 pro
1154 2572 1468 2642 spectaculo
1483 2577 1699 2627 tantum
1718 2577 1771 2624 et
1788 2576 1933 2633 actu,

335 2644 644 2699 inhabitare
666 2660 796 2699 vero
814 2644 1043 2698 meliora
1065 2661 1304 2716 sperare,
1327 2663 1470 2717 quae
1490 2645 1787 2701 tentorium
1797 2661 1940 2698 nan-—

336 2732 445 2787 que
465 2732 661 2771 sensus
681 2718 821 2773 aliae
842 2726 1090 2774 nostrum
1111 2736 1311 2792 eorpus
1340 2728 1449 2785 est,
1492 2718 1800 2775 secundum
1828 2720 1939 2773 im-
