<?xml version="1.0" encoding="UTF-8"?>
<!DOCTYPE html PUBLIC "-//W3C//DTD XHTML 1.0 Transitional//EN"
    "http://www.w3.org/TR/xhtml1/DTD/xhtml1-transitional.dtd">
<html xmlns="http://www.w3.org/1999/xhtml" xml:lang="en" lang="en">
 <head>
  <title>
</title>
<meta http-equiv="Content-Type" content="text/html;charset=utf-8" />
  <meta name='ocr-system' content='tesseract 3.04.00' />
  <meta name='ocr-capabilities' content='ocr_page ocr_carea ocr_par ocr_line ocrx_word'/>
</head>
<body>
  <div class='ocr_page' id='page_1' title='image "./philonisiudaeio00alejgoog_0515.png"; bbox 0 0 2125 3084; ppageno 0'>
   <div class='ocr_carea' id='block_1_1' title="bbox 360 153 2014 225">
    <p class='ocr_par' dir='ltr' id='par_1_1' title="bbox 360 153 2014 225">
     <span class='ocr_line' id='line_1_1' title="bbox 360 153 2014 225; baseline 0.004 -24"><span class='ocrx_word' id='word_1_1' title='bbox 360 156 427 209; x_wconf 68' lang='grc'>42</span> <span class='ocrx_word' id='word_1_2' title='bbox 809 156 1180 203; x_wconf 83' lang='lat' dir='ltr'>PHILONIS</span> <span class='ocrx_word' id='word_1_3' title='bbox 1225 156 1496 202; x_wconf 70' lang='lat' dir='ltr'>IUDAEI</span> <span class='ocrx_word' id='word_1_4' title='bbox 1795 153 1868 219; x_wconf 92' lang='lat'>[1‚</span> <span class='ocrx_word' id='word_1_5' title='bbox 1895 160 2014 225; x_wconf 65' lang='lat'>34]</span> 
     </span>
    </p>
   </div>
   <div class='ocr_carea' id='block_1_2' title="bbox 354 250 2004 852">
    <p class='ocr_par' dir='ltr' id='par_1_2' title="bbox 354 250 2004 465">
     <span class='ocr_line' id='line_1_2' title="bbox 356 250 2004 321; baseline 0.001 -6"><span class='ocrx_word' id='word_1_6' title='bbox 356 258 764 315; x_wconf 85' lang='lat' dir='ltr'>Providentiam</span> <span class='ocrx_word' id='word_1_7' title='bbox 794 250 844 312; x_wconf 87' lang='lat' dir='ltr'>is</span> <span class='ocrx_word' id='word_1_8' title='bbox 876 274 983 313; x_wconf 91' lang='lat' dir='ltr'>non</span> <span class='ocrx_word' id='word_1_9' title='bbox 1024 266 1272 321; x_wconf 86' lang='lat' dir='ltr'>accusat,</span> <span class='ocrx_word' id='word_1_10' title='bbox 1312 274 1508 312; x_wconf 81' lang='lat' dir='ltr'>verum</span> <span class='ocrx_word' id='word_1_11' title='bbox 1547 261 2004 317; x_wconf 82' lang='lat' dir='ltr'>accusatoribus</span> 
     </span>
     <span class='ocr_line' id='line_1_3' title="bbox 356 331 2000 407; baseline 0.001 -18"><span class='ocrx_word' id='word_1_12' title='bbox 356 333 675 389; x_wconf 76' lang='lat' dir='ltr'><strong>valedicens</strong></span> <span class='ocrx_word' id='word_1_13' title='bbox 702 333 791 387; x_wconf 85' lang='lat' dir='ltr'>vel</span> <span class='ocrx_word' id='word_1_14' title='bbox 824 335 882 387; x_wconf 91' lang='lat' dir='ltr'>in</span> <span class='ocrx_word' id='word_1_15' title='bbox 922 331 1061 403; x_wconf 89' lang='lat' dir='ltr'>ipsis</span> <span class='ocrx_word' id='word_1_16' title='bbox 1101 331 1307 387; x_wconf 83' lang='lat' dir='ltr'>morbis</span> <span class='ocrx_word' id='word_1_17' title='bbox 1345 332 1756 404; x_wconf 84' lang='lat' dir='ltr'>providentiam</span> <span class='ocrx_word' id='word_1_18' title='bbox 1795 337 2000 407; x_wconf 79' lang='lat' dir='ltr'>profi-</span> 
     </span>
     <span class='ocr_line' id='line_1_4' title="bbox 354 418 520 465; baseline -0.012 0"><span class='ocrx_word' id='word_1_19' title='bbox 354 418 520 465; x_wconf 78' lang='lat' dir='ltr'>tetur.</span> 
     </span>
    </p>

    <p class='ocr_par' dir='ltr' id='par_1_3' title="bbox 356 482 1996 852">
     <span class='ocr_line' id='line_1_5' title="bbox 468 482 1996 555; baseline 0.001 -16"><span class='ocrx_word' id='word_1_20' title='bbox 468 486 555 539; x_wconf 86' lang='lat'>70.</span> <span class='ocrx_word' id='word_1_21' title='bbox 606 485 769 538; x_wconf 85' lang='lat' dir='ltr'>Terra</span> <span class='ocrx_word' id='word_1_22' title='bbox 797 490 1063 553; x_wconf 88' lang='lat' dir='ltr'>perpetuo</span> <span class='ocrx_word' id='word_1_23' title='bbox 1093 499 1156 537; x_wconf 86' lang='lat' dir='ltr'>ac</span> <span class='ocrx_word' id='word_1_24' title='bbox 1183 483 1454 553; x_wconf 77' lang='lat' dir='ltr'>patienter</span> <span class='ocrx_word' id='word_1_25' title='bbox 1491 482 1716 538; x_wconf 86' lang='lat' dir='ltr'>easdem</span> <span class='ocrx_word' id='word_1_26' title='bbox 1754 484 1996 555; x_wconf 84' lang='lat' dir='ltr'>produ—</span> 
     </span>
     <span class='ocr_line' id='line_1_6' title="bbox 356 556 1986 631; baseline 0.001 -17"><span class='ocrx_word' id='word_1_27' title='bbox 356 576 479 614; x_wconf 83' lang='lat' dir='ltr'>cere</span> <span class='ocrx_word' id='word_1_28' title='bbox 510 560 725 631; x_wconf 85' lang='lat' dir='ltr'>plantas</span> <span class='ocrx_word' id='word_1_29' title='bbox 754 574 862 611; x_wconf 88' lang='lat' dir='ltr'>non</span> <span class='ocrx_word' id='word_1_30' title='bbox 902 556 1162 629; x_wconf 80' lang='lat' dir='ltr'>cessat*).</span> <span class='ocrx_word' id='word_1_31' title='bbox 1243 556 1467 612; x_wconf 85' lang='lat' dir='ltr'>Caelum</span> <span class='ocrx_word' id='word_1_32' title='bbox 1503 557 1760 613; x_wconf 85' lang='lat' dir='ltr'>ordinem</span> <span class='ocrx_word' id='word_1_33' title='bbox 1799 578 1986 615; x_wconf 83' lang='lat' dir='ltr'>suum</span> 
     </span>
     <span class='ocr_line' id='line_1_7' title="bbox 357 631 1988 705; baseline 0.001 -16"><span class='ocrx_word' id='word_1_34' title='bbox 357 633 761 689; x_wconf 81' lang='lat' dir='ltr'>immutabilem</span> <span class='ocrx_word' id='word_1_35' title='bbox 790 640 991 687; x_wconf 85' lang='lat' dir='ltr'>servat.</span> <span class='ocrx_word' id='word_1_36' title='bbox 1073 631 1165 686; x_wconf 92' lang='lat' dir='ltr'>Sol</span> <span class='ocrx_word' id='word_1_37' title='bbox 1195 640 1249 686; x_wconf 91' lang='lat' dir='ltr'>et</span> <span class='ocrx_word' id='word_1_38' title='bbox 1281 632 1410 687; x_wconf 90' lang='lat' dir='ltr'>luna</span> <span class='ocrx_word' id='word_1_39' title='bbox 1439 641 1800 705; x_wconf 80' lang='lat' dir='ltr'>caeteraeque</span> <span class='ocrx_word' id='word_1_40' title='bbox 1837 638 1988 691; x_wconf 81' lang='lat' dir='ltr'>stel-</span> 
     </span>
     <span class='ocr_line' id='line_1_8' title="bbox 360 708 1985 780; baseline 0 -15"><span class='ocrx_word' id='word_1_41' title='bbox 360 710 445 765; x_wconf 81' lang='lat' dir='ltr'>lae</span> <span class='ocrx_word' id='word_1_42' title='bbox 469 727 499 765; x_wconf 86' lang='lat' dir='ltr'>a</span> <span class='ocrx_word' id='word_1_43' title='bbox 520 708 737 763; x_wconf 87' lang='lat' dir='ltr'>decenti</span> <span class='ocrx_word' id='word_1_44' title='bbox 758 724 925 762; x_wconf 86' lang='lat' dir='ltr'>cursu</span> <span class='ocrx_word' id='word_1_45' title='bbox 945 722 1052 761; x_wconf 89' lang='lat' dir='ltr'>non</span> <span class='ocrx_word' id='word_1_46' title='bbox 1073 714 1308 761; x_wconf 85' lang='lat' dir='ltr'>cessant.</span> <span class='ocrx_word' id='word_1_47' title='bbox 1365 709 1512 763; x_wconf 87' lang='lat' dir='ltr'>Mare</span> <span class='ocrx_word' id='word_1_48' title='bbox 1531 708 1784 780; x_wconf 82' lang='lat' dir='ltr'>regulam</span> <span class='ocrx_word' id='word_1_49' title='bbox 1807 727 1985 765; x_wconf 82' lang='lat' dir='ltr'>man—</span> 
     </span>
     <span class='ocr_line' id='line_1_9' title="bbox 358 780 1978 852; baseline 0 -12"><span class='ocrx_word' id='word_1_50' title='bbox 358 785 473 840; x_wconf 87' lang='lat' dir='ltr'>dati</span> <span class='ocrx_word' id='word_1_51' title='bbox 508 801 614 839; x_wconf 90' lang='lat' dir='ltr'>non</span> <span class='ocrx_word' id='word_1_52' title='bbox 646 782 884 837; x_wconf 86' lang='lat' dir='ltr'>excedit.</span> <span class='ocrx_word' id='word_1_53' title='bbox 970 780 1278 852; x_wconf 84' lang='lat' dir='ltr'>Aquatilia‚</span> <span class='ocrx_word' id='word_1_54' title='bbox 1320 782 1566 838; x_wconf 80' lang='lat' dir='ltr'>volatilia</span> <span class='ocrx_word' id='word_1_55' title='bbox 1599 791 1654 838; x_wconf 88' lang='lat' dir='ltr'>et</span> <span class='ocrx_word' id='word_1_56' title='bbox 1681 787 1978 839; x_wconf 79' lang='lat' dir='ltr'>terrestria</span> 
     </span>
    </p>
   </div>
   <div class='ocr_carea' id='block_1_3' title="bbox 266 846 1976 930">
    <p class='ocr_par' dir='ltr' id='par_1_4' title="bbox 266 846 1976 930">
     <span class='ocr_line' id='line_1_10' title="bbox 266 846 1976 930; baseline -0.002 -13"><span class='ocrx_word' id='word_1_57' title='bbox 266 846 271 854; x_wconf 51' lang='lat'><strong>⁴</strong></span> <span class='ocrx_word' id='word_1_58' title='bbox 358 860 565 916; x_wconf 83' lang='lat' dir='ltr'>debitis</span> <span class='ocrx_word' id='word_1_59' title='bbox 593 858 793 914; x_wconf 84' lang='lat' dir='ltr'>officiis</span> <span class='ocrx_word' id='word_1_60' title='bbox 822 872 932 912; x_wconf 90' lang='lat' dir='ltr'>non</span> <span class='ocrx_word' id='word_1_61' title='bbox 960 856 1182 911; x_wconf 82' lang='lat' dir='ltr'>desunt.</span> <span class='ocrx_word' id='word_1_62' title='bbox 1259 856 1422 911; x_wconf 88' lang='lat' dir='ltr'>Solus</span> <span class='ocrx_word' id='word_1_63' title='bbox 1453 858 1706 913; x_wconf 83' lang='lat' dir='ltr'>libertate</span> <span class='ocrx_word' id='word_1_64' title='bbox 1738 860 1976 930; x_wconf 77' lang='lat' dir='ltr'>praedi-</span> 
     </span>
    </p>
   </div>
   <div class='ocr_carea' id='block_1_4' title="bbox 352 930 1967 1603">
    <p class='ocr_par' dir='ltr' id='par_1_5' title="bbox 352 930 1967 1603">
     <span class='ocr_line' id='line_1_11' title="bbox 354 930 1967 1005; baseline -0.001 -14"><span class='ocrx_word' id='word_1_65' title='bbox 354 945 445 991; x_wconf 82' lang='lat' dir='ltr'>tus</span> <span class='ocrx_word' id='word_1_66' title='bbox 470 933 667 990; x_wconf 87' lang='lat' dir='ltr'>mundi</span> <span class='ocrx_word' id='word_1_67' title='bbox 698 934 867 996; x_wconf 85' lang='lat' dir='ltr'>civis,</span> <span class='ocrx_word' id='word_1_68' title='bbox 909 930 1099 995; x_wconf 88' lang='lat' dir='ltr'>homo,</span> <span class='ocrx_word' id='word_1_69' title='bbox 1142 932 1234 985; x_wconf 89' lang='lat' dir='ltr'>cui</span> <span class='ocrx_word' id='word_1_70' title='bbox 1263 940 1317 985; x_wconf 88' lang='lat' dir='ltr'>et</span> <span class='ocrx_word' id='word_1_71' title='bbox 1342 932 1688 1004; x_wconf 72' lang='lat' dir='ltr'>principatus</span> <span class='ocrx_word' id='word_1_72' title='bbox 1729 935 1967 1005; x_wconf 85' lang='lat' dir='ltr'>quidam</span> 
     </span>
     <span class='ocr_line' id='line_1_12' title="bbox 356 1006 1965 1082; baseline -0.001 -17"><span class='ocrx_word' id='word_1_73' title='bbox 356 1009 663 1082; x_wconf 87' lang='lat' dir='ltr'>imperialis</span> <span class='ocrx_word' id='word_1_74' title='bbox 684 1024 975 1063; x_wconf 87' lang='lat' dir='ltr'>concessus</span> <span class='ocrx_word' id='word_1_75' title='bbox 998 1006 1104 1061; x_wconf 84' lang='lat' dir='ltr'>fuit</span> <span class='ocrx_word' id='word_1_76' title='bbox 1117 1047 1129 1071; x_wconf 92' lang='lat'>‚</span> <span class='ocrx_word' id='word_1_77' title='bbox 1155 1006 1281 1060; x_wconf 86' lang='lat' dir='ltr'>talis</span> <span class='ocrx_word' id='word_1_78' title='bbox 1301 1007 1529 1078; x_wconf 89' lang='lat' dir='ltr'>inquam</span> <span class='ocrx_word' id='word_1_79' title='bbox 1549 1008 1965 1080; x_wconf 78' lang='lat' dir='ltr'>providentiam</span> 
     </span>
     <span class='ocr_line' id='line_1_13' title="bbox 357 1082 1964 1156; baseline -0.001 -16"><span class='ocrx_word' id='word_1_80' title='bbox 357 1086 571 1141; x_wconf 86' lang='lat' dir='ltr'>dimisit</span> <span class='ocrx_word' id='word_1_81' title='bbox 590 1085 879 1156; x_wconf 81' lang='lat' dir='ltr'>legemque</span> <span class='ocrx_word' id='word_1_82' title='bbox 898 1082 1144 1137; x_wconf 84' lang='lat' dir='ltr'>iustitiae</span> <span class='ocrx_word' id='word_1_83' title='bbox 1165 1082 1428 1153; x_wconf 80' lang='lat' dir='ltr'>neglexit.</span> <span class='ocrx_word' id='word_1_84' title='bbox 1483 1084 1678 1138; x_wconf 90' lang='lat' dir='ltr'>Nonne</span> <span class='ocrx_word' id='word_1_85' title='bbox 1699 1084 1964 1156; x_wconf 88' lang='lat' dir='ltr'>iniquum</span> 
     </span>
     <span class='ocr_line' id='line_1_14' title="bbox 356 1156 1966 1230; baseline 0.001 -16"><span class='ocrx_word' id='word_1_86' title='bbox 356 1161 578 1215; x_wconf 85' lang='lat' dir='ltr'>videtur</span> <span class='ocrx_word' id='word_1_87' title='bbox 600 1160 797 1213; x_wconf 89' lang='lat' dir='ltr'>reiecta</span> <span class='ocrx_word' id='word_1_88' title='bbox 817 1156 1166 1229; x_wconf 86' lang='lat' dir='ltr'>providentia</span> <span class='ocrx_word' id='word_1_89' title='bbox 1187 1164 1360 1211; x_wconf 87' lang='lat' dir='ltr'>semet</span> <span class='ocrx_word' id='word_1_90' title='bbox 1379 1157 1566 1228; x_wconf 88' lang='lat' dir='ltr'>ipsum</span> <span class='ocrx_word' id='word_1_91' title='bbox 1586 1159 1679 1212; x_wconf 90' lang='lat' dir='ltr'>sui</span> <span class='ocrx_word' id='word_1_92' title='bbox 1705 1161 1966 1230; x_wconf 85' lang='lat' dir='ltr'>proviso-</span> 
     </span>
     <span class='ocr_line' id='line_1_15' title="bbox 355 1231 1962 1305; baseline -0.001 -15"><span class='ocrx_word' id='word_1_93' title='bbox 355 1251 471 1290; x_wconf 88' lang='lat' dir='ltr'>rem</span> <span class='ocrx_word' id='word_1_94' title='bbox 492 1250 612 1287; x_wconf 87' lang='lat' dir='ltr'>esse</span> <span class='ocrx_word' id='word_1_95' title='bbox 633 1233 817 1290; x_wconf 87' lang='lat' dir='ltr'>dicere</span> <span class='ocrx_word' id='word_1_96' title='bbox 832 1274 844 1297; x_wconf 91' lang='lat'>‚</span> <span class='ocrx_word' id='word_1_97' title='bbox 886 1249 948 1286; x_wconf 87' lang='lat' dir='ltr'>ac</span> <span class='ocrx_word' id='word_1_98' title='bbox 968 1231 1284 1286; x_wconf 84' lang='lat' dir='ltr'>molientem</span> <span class='ocrx_word' id='word_1_99' title='bbox 1304 1232 1487 1286; x_wconf 85' lang='lat' dir='ltr'>omnia</span> <span class='ocrx_word' id='word_1_100' title='bbox 1507 1233 1802 1305; x_wconf 86' lang='lat' dir='ltr'>ingeniose</span> <span class='ocrx_word' id='word_1_101' title='bbox 1824 1244 1962 1291; x_wconf 85' lang='lat' dir='ltr'>tam-</span> 
     </span>
     <span class='ocr_line' id='line_1_16' title="bbox 354 1305 1954 1381; baseline 0 -18"><span class='ocrx_word' id='word_1_102' title='bbox 354 1325 523 1381; x_wconf 82' lang='lat' dir='ltr'>quam</span> <span class='ocrx_word' id='word_1_103' title='bbox 544 1308 631 1360; x_wconf 86' lang='lat' dir='ltr'>vir</span> <span class='ocrx_word' id='word_1_104' title='bbox 650 1305 933 1378; x_wconf 84' lang='lat' dir='ltr'>prudens?</span> <span class='ocrx_word' id='word_1_105' title='bbox 974 1308 1042 1361; x_wconf 88' lang='lat' dir='ltr'>Et</span> <span class='ocrx_word' id='word_1_106' title='bbox 1060 1305 1334 1378; x_wconf 90' lang='lat' dir='ltr'>quomodo</span> <span class='ocrx_word' id='word_1_107' title='bbox 1355 1324 1462 1361; x_wconf 91' lang='lat' dir='ltr'>non</span> <span class='ocrx_word' id='word_1_108' title='bbox 1481 1307 1554 1362; x_wconf 87' lang='lat' dir='ltr'>sit</span> <span class='ocrx_word' id='word_1_109' title='bbox 1575 1308 1682 1363; x_wconf 89' lang='lat' dir='ltr'>iste</span> <span class='ocrx_word' id='word_1_110' title='bbox 1703 1310 1954 1381; x_wconf 87' lang='lat' dir='ltr'>iniquus,</span> 
     </span>
     <span class='ocr_line' id='line_1_17' title="bbox 354 1380 1958 1457; baseline 0.001 -19"><span class='ocrx_word' id='word_1_111' title='bbox 354 1382 705 1457; x_wconf 85' lang='lat' dir='ltr'>pertinaciter</span> <span class='ocrx_word' id='word_1_112' title='bbox 726 1382 1099 1436; x_wconf 83' lang='lat' dir='ltr'>universalem</span> <span class='ocrx_word' id='word_1_113' title='bbox 1118 1380 1522 1453; x_wconf 89' lang='lat' dir='ltr'>providentiam</span> <span class='ocrx_word' id='word_1_114' title='bbox 1541 1383 1810 1439; x_wconf 90' lang='lat' dir='ltr'>reiiciens</span> <span class='ocrx_word' id='word_1_115' title='bbox 1825 1425 1838 1448; x_wconf 89' lang='lat'>,</span> <span class='ocrx_word' id='word_1_116' title='bbox 1863 1385 1958 1456; x_wconf 86' lang='lat' dir='ltr'>qui</span> 
     </span>
     <span class='ocr_line' id='line_1_18' title="bbox 354 1456 1960 1531; baseline 0.001 -18"><span class='ocrx_word' id='word_1_117' title='bbox 354 1476 415 1513; x_wconf 89' lang='lat' dir='ltr'>se</span> <span class='ocrx_word' id='word_1_118' title='bbox 443 1457 824 1512; x_wconf 89' lang='lat' dir='ltr'>doctissimum</span> <span class='ocrx_word' id='word_1_119' title='bbox 854 1457 1019 1511; x_wconf 83' lang='lat' dir='ltr'>iactat</span> <span class='ocrx_word' id='word_1_120' title='bbox 1047 1464 1398 1528; x_wconf 87' lang='lat' dir='ltr'>caeterosque</span> <span class='ocrx_word' id='word_1_121' title='bbox 1429 1456 1681 1513; x_wconf 87' lang='lat' dir='ltr'>homines</span> <span class='ocrx_word' id='word_1_122' title='bbox 1712 1460 1960 1531; x_wconf 90' lang='lat' dir='ltr'>pruden-</span> 
     </span>
     <span class='ocr_line' id='line_1_19' title="bbox 352 1530 1507 1603; baseline -0.003 -15"><span class='ocrx_word' id='word_1_123' title='bbox 352 1534 461 1588; x_wconf 83' lang='lat' dir='ltr'>tiae</span> <span class='ocrx_word' id='word_1_124' title='bbox 481 1540 756 1603; x_wconf 88' lang='lat' dir='ltr'>compotes</span> <span class='ocrx_word' id='word_1_125' title='bbox 776 1530 887 1586; x_wconf 91' lang='lat' dir='ltr'>sibi</span> <span class='ocrx_word' id='word_1_126' title='bbox 908 1532 1031 1588; x_wconf 84' lang='lat' dir='ltr'>vult</span> <span class='ocrx_word' id='word_1_127' title='bbox 1050 1549 1172 1587; x_wconf 89' lang='lat' dir='ltr'>esse</span> <span class='ocrx_word' id='word_1_128' title='bbox 1193 1532 1507 1587; x_wconf 78' lang='lat' dir='ltr'>subiectos?</span> 
     </span>
    </p>
   </div>
   <div class='ocr_carea' id='block_1_5' title="bbox 346 1618 1957 2575">
    <p class='ocr_par' dir='ltr' id='par_1_6' title="bbox 346 1618 1957 2575">
     <span class='ocr_line' id='line_1_20' title="bbox 465 1618 1957 1691; baseline 0.002 -19"><span class='ocrx_word' id='word_1_129' title='bbox 465 1619 551 1672; x_wconf 67' lang='lat'>7⁴.</span> <span class='ocrx_word' id='word_1_130' title='bbox 594 1618 697 1674; x_wconf 89' lang='lat' dir='ltr'>Cui</span> <span class='ocrx_word' id='word_1_131' title='bbox 718 1618 967 1673; x_wconf 85' lang='lat' dir='ltr'>dicemus</span> <span class='ocrx_word' id='word_1_132' title='bbox 988 1620 1208 1691; x_wconf 88' lang='lat' dir='ltr'>utique:</span> <span class='ocrx_word' id='word_1_133' title='bbox 1259 1618 1306 1673; x_wconf 92' lang='grc' dir='ltr'>Ο</span> <span class='ocrx_word' id='word_1_134' title='bbox 1332 1621 1580 1691; x_wconf 87' lang='lat' dir='ltr'>sapiens,</span> <span class='ocrx_word' id='word_1_135' title='bbox 1612 1620 1764 1675; x_wconf 88' lang='lat' dir='ltr'>unde</span> <span class='ocrx_word' id='word_1_136' title='bbox 1788 1621 1957 1677; x_wconf 85' lang='lat' dir='ltr'>habes</span> 
     </span>
     <span class='ocr_line' id='line_1_21' title="bbox 353 1693 1954 1771; baseline 0 -20"><span class='ocrx_word' id='word_1_137' title='bbox 353 1696 577 1759; x_wconf 82' lang='lat' dir='ltr'>virtutis</span> <span class='ocrx_word' id='word_1_138' title='bbox 596 1702 649 1749; x_wconf 87' lang='lat' dir='ltr'>et</span> <span class='ocrx_word' id='word_1_139' title='bbox 670 1693 995 1766; x_wconf 78' lang='lat' dir='ltr'>prudentiae</span> <span class='ocrx_word' id='word_1_140' title='bbox 1018 1694 1359 1759; x_wconf 83' lang='lat' dir='ltr'>facultatem,</span> <span class='ocrx_word' id='word_1_141' title='bbox 1390 1711 1565 1765; x_wconf 89' lang='lat' dir='ltr'>quum</span> <span class='ocrx_word' id='word_1_142' title='bbox 1580 1736 1593 1759; x_wconf 93' lang='lat'>,</span> <span class='ocrx_word' id='word_1_143' title='bbox 1619 1712 1764 1767; x_wconf 89' lang='lat' dir='ltr'>quae</span> <span class='ocrx_word' id='word_1_144' title='bbox 1785 1706 1842 1753; x_wconf 91' lang='lat' dir='ltr'>te</span> <span class='ocrx_word' id='word_1_145' title='bbox 1863 1714 1954 1771; x_wconf 85' lang='lat' dir='ltr'>ge-</span> 
     </span>
     <span class='ocr_line' id='line_1_22' title="bbox 353 1769 1951 1843; baseline 0 -18"><span class='ocrx_word' id='word_1_146' title='bbox 353 1772 475 1826; x_wconf 88' lang='lat' dir='ltr'>nuit</span> <span class='ocrx_word' id='word_1_147' title='bbox 494 1779 713 1834; x_wconf 87' lang='lat' dir='ltr'>natura,</span> <span class='ocrx_word' id='word_1_148' title='bbox 747 1770 1019 1842; x_wconf 88' lang='lat' dir='ltr'>insipiens</span> <span class='ocrx_word' id='word_1_149' title='bbox 1039 1777 1148 1834; x_wconf 87' lang='lat' dir='ltr'>est,</span> <span class='ocrx_word' id='word_1_150' title='bbox 1183 1777 1237 1825; x_wconf 88' lang='lat' dir='ltr'>et</span> <span class='ocrx_word' id='word_1_151' title='bbox 1254 1769 1585 1825; x_wconf 85' lang='lat' dir='ltr'>universalis</span> <span class='ocrx_word' id='word_1_152' title='bbox 1604 1772 1951 1843; x_wconf 83' lang='lat' dir='ltr'>providentia</span> 
     </span>
     <span class='ocr_line' id='line_1_23' title="bbox 352 1844 1950 1903; baseline 0 -2"><span class='ocrx_word' id='word_1_153' title='bbox 352 1847 506 1902; x_wconf 91' lang='lat' dir='ltr'>nulla</span> <span class='ocrx_word' id='word_1_154' title='bbox 529 1844 646 1902; x_wconf 82' lang='lat' dir='ltr'>est‘?</span> <span class='ocrx_word' id='word_1_155' title='bbox 690 1845 800 1900; x_wconf 90' lang='lat' dir='ltr'>Sed</span> <span class='ocrx_word' id='word_1_156' title='bbox 822 1864 921 1901; x_wconf 87' lang='lat' dir='ltr'>vae</span> <span class='ocrx_word' id='word_1_157' title='bbox 944 1844 1263 1900; x_wconf 89' lang='lat' dir='ltr'>huiusmodi</span> <span class='ocrx_word' id='word_1_158' title='bbox 1285 1845 1604 1901; x_wconf 87' lang='lat' dir='ltr'>hominibus</span> <span class='ocrx_word' id='word_1_159' title='bbox 1621 1855 1738 1901; x_wconf 83' lang='lat' dir='ltr'>tam</span> <span class='ocrx_word' id='word_1_160' title='bbox 1761 1848 1950 1903; x_wconf 83' lang='lat' dir='ltr'>audaci</span> 
     </span>
     <span class='ocr_line' id='line_1_24' title="bbox 351 1921 1950 1997; baseline 0.001 -21"><span class='ocrx_word' id='word_1_161' title='bbox 351 1922 795 1995; x_wconf 76' lang='lat' dir='ltr'>praesumptione</span> <span class='ocrx_word' id='word_1_162' title='bbox 820 1922 1102 1993; x_wconf 85' lang='lat' dir='ltr'>occupatis</span> <span class='ocrx_word' id='word_1_163' title='bbox 1117 1962 1130 1985; x_wconf 92' lang='lat'>,</span> <span class='ocrx_word' id='word_1_164' title='bbox 1173 1921 1273 1992; x_wconf 90' lang='lat' dir='ltr'>qui</span> <span class='ocrx_word' id='word_1_165' title='bbox 1293 1928 1402 1975; x_wconf 88' lang='lat' dir='ltr'>tam</span> <span class='ocrx_word' id='word_1_166' title='bbox 1423 1930 1668 1975; x_wconf 86' lang='lat' dir='ltr'>amenter</span> <span class='ocrx_word' id='word_1_167' title='bbox 1689 1939 1750 1977; x_wconf 91' lang='lat' dir='ltr'>se</span> <span class='ocrx_word' id='word_1_168' title='bbox 1769 1926 1950 1997; x_wconf 82' lang='lat' dir='ltr'>ingra-</span> 
     </span>
     <span class='ocr_line' id='line_1_25' title="bbox 350 1996 1948 2069; baseline 0.001 -18"><span class='ocrx_word' id='word_1_169' title='bbox 350 2005 435 2051; x_wconf 90' lang='lat' dir='ltr'>tos</span> <span class='ocrx_word' id='word_1_170' title='bbox 462 1996 843 2069; x_wconf 82' lang='lat' dir='ltr'>providentiae</span> <span class='ocrx_word' id='word_1_171' title='bbox 870 1996 1162 2067; x_wconf 88' lang='lat' dir='ltr'>praebent,</span> <span class='ocrx_word' id='word_1_172' title='bbox 1206 1996 1416 2067; x_wconf 88' lang='lat' dir='ltr'>quippe</span> <span class='ocrx_word' id='word_1_173' title='bbox 1435 1997 1534 2068; x_wconf 90' lang='lat' dir='ltr'>qui</span> <span class='ocrx_word' id='word_1_174' title='bbox 1556 1996 1667 2050; x_wconf 82' lang='lat' dir='ltr'>sibi</span> <span class='ocrx_word' id='word_1_175' title='bbox 1683 1998 1831 2069; x_wconf 90' lang='lat' dir='ltr'>ipsis</span> <span class='ocrx_word' id='word_1_176' title='bbox 1851 2001 1948 2054; x_wconf 90' lang='lat' dir='ltr'>im-</span> 
     </span>
     <span class='ocr_line' id='line_1_26' title="bbox 350 2070 1946 2146; baseline 0.001 -20"><span class='ocrx_word' id='word_1_177' title='bbox 350 2073 546 2127; x_wconf 89' lang='lat' dir='ltr'>merito</span> <span class='ocrx_word' id='word_1_178' title='bbox 575 2072 852 2143; x_wconf 85' lang='lat' dir='ltr'>sapientes</span> <span class='ocrx_word' id='word_1_179' title='bbox 880 2070 1201 2126; x_wconf 74' lang='lat' dir='ltr'>videantur!</span> <span class='ocrx_word' id='word_1_180' title='bbox 1270 2071 1387 2143; x_wconf 80' lang='lat' dir='ltr'>Ego</span> <span class='ocrx_word' id='word_1_181' title='bbox 1425 2079 1608 2126; x_wconf 86' lang='lat' dir='ltr'>tamen</span> <span class='ocrx_word' id='word_1_182' title='bbox 1648 2089 1946 2146; x_wconf 85' lang='lat' dir='ltr'>numquam</span> 
     </span>
     <span class='ocr_line' id='line_1_27' title="bbox 350 2146 1945 2219; baseline 0.001 -18"><span class='ocrx_word' id='word_1_183' title='bbox 350 2147 564 2219; x_wconf 83' lang='lat' dir='ltr'>negabo</span> <span class='ocrx_word' id='word_1_184' title='bbox 590 2164 713 2201; x_wconf 88' lang='lat' dir='ltr'>esse</span> <span class='ocrx_word' id='word_1_185' title='bbox 741 2146 1147 2217; x_wconf 83' lang='lat' dir='ltr'>providentiam</span> <span class='ocrx_word' id='word_1_186' title='bbox 1181 2155 1591 2217; x_wconf 85' lang='lat' dir='ltr'>permanentem</span> <span class='ocrx_word' id='word_1_187' title='bbox 1631 2147 1779 2203; x_wconf 89' lang='lat' dir='ltr'>inter</span> <span class='ocrx_word' id='word_1_188' title='bbox 1819 2148 1945 2203; x_wconf 80' lang='lat' dir='ltr'>fines</span> 
     </span>
     <span class='ocr_line' id='line_1_28' title="bbox 350 2221 1945 2293; baseline 0.001 -17"><span class='ocrx_word' id='word_1_189' title='bbox 350 2221 857 2293; x_wconf 84' lang='lat' dir='ltr'>comprehensionis</span> <span class='ocrx_word' id='word_1_190' title='bbox 879 2239 1011 2277; x_wconf 89' lang='lat' dir='ltr'>suae</span> <span class='ocrx_word' id='word_1_191' title='bbox 1026 2262 1039 2285; x_wconf 90' lang='lat'>,</span> <span class='ocrx_word' id='word_1_192' title='bbox 1065 2237 1296 2292; x_wconf 86' lang='lat' dir='ltr'>eamque</span> <span class='ocrx_word' id='word_1_193' title='bbox 1318 2222 1601 2287; x_wconf 85' lang='lat' dir='ltr'>exsistere,</span> <span class='ocrx_word' id='word_1_194' title='bbox 1627 2222 1798 2277; x_wconf 85' lang='lat' dir='ltr'>etiam</span> <span class='ocrx_word' id='word_1_195' title='bbox 1819 2240 1945 2278; x_wconf 90' lang='lat' dir='ltr'>cun-</span> 
     </span>
     <span class='ocr_line' id='line_1_29' title="bbox 350 2292 1946 2371; baseline 0.001 -20"><span class='ocrx_word' id='word_1_196' title='bbox 350 2299 453 2354; x_wconf 85' lang='lat' dir='ltr'>ctis</span> <span class='ocrx_word' id='word_1_197' title='bbox 484 2296 771 2351; x_wconf 87' lang='lat' dir='ltr'>elementis</span> <span class='ocrx_word' id='word_1_198' title='bbox 800 2296 1121 2351; x_wconf 86' lang='lat' dir='ltr'>fatentibus.</span> <span class='ocrx_word' id='word_1_199' title='bbox 1168 2292 1242 2371; x_wconf 83' lang='lat'>[*]</span> <span class='ocrx_word' id='word_1_200' title='bbox 1283 2298 1475 2351; x_wconf 88' lang='lat' dir='ltr'>Nonne</span> <span class='ocrx_word' id='word_1_201' title='bbox 1504 2305 1557 2354; x_wconf 86' lang='lat' dir='ltr'>et</span> <span class='ocrx_word' id='word_1_202' title='bbox 1585 2300 1726 2352; x_wconf 87' lang='lat' dir='ltr'>ratio</span> <span class='ocrx_word' id='word_1_203' title='bbox 1759 2300 1946 2353; x_wconf 86' lang='lat' dir='ltr'>asserit</span> 
     </span>
     <span class='ocr_line' id='line_1_30' title="bbox 348 2370 1945 2446; baseline 0.001 -20"><span class='ocrx_word' id='word_1_204' title='bbox 348 2390 487 2443; x_wconf 91' lang='lat' dir='ltr'>opus</span> <span class='ocrx_word' id='word_1_205' title='bbox 530 2370 885 2426; x_wconf 87' lang='lat' dir='ltr'>artificiosum</span> <span class='ocrx_word' id='word_1_206' title='bbox 924 2389 1044 2426; x_wconf 87' lang='lat' dir='ltr'>esse</span> <span class='ocrx_word' id='word_1_207' title='bbox 1082 2388 1193 2426; x_wconf 90' lang='lat' dir='ltr'>non</span> <span class='ocrx_word' id='word_1_208' title='bbox 1230 2387 1421 2441; x_wconf 88' lang='lat' dir='ltr'>posse,</span> <span class='ocrx_word' id='word_1_209' title='bbox 1465 2373 1576 2427; x_wconf 88' lang='lat' dir='ltr'>nisi</span> <span class='ocrx_word' id='word_1_210' title='bbox 1611 2372 1684 2426; x_wconf 83' lang='lat' dir='ltr'>ab</span> <span class='ocrx_word' id='word_1_211' title='bbox 1725 2372 1945 2446; x_wconf 80' lang='lat' dir='ltr'>ingenio</span> 
     </span>
     <span class='ocr_line' id='line_1_31' title="bbox 346 2445 1947 2520; baseline 0.003 -22"><span class='ocrx_word' id='word_1_212' title='bbox 346 2445 586 2514; x_wconf 90' lang='lat' dir='ltr'>quodam</span> <span class='ocrx_word' id='word_1_213' title='bbox 602 2486 614 2509; x_wconf 92' lang='lat'>,</span> <span class='ocrx_word' id='word_1_214' title='bbox 658 2446 809 2517; x_wconf 89' lang='lat' dir='ltr'>quod</span> <span class='ocrx_word' id='word_1_215' title='bbox 834 2463 974 2518; x_wconf 92' lang='lat' dir='ltr'>opus</span> <span class='ocrx_word' id='word_1_216' title='bbox 995 2448 1181 2518; x_wconf 91' lang='lat' dir='ltr'>ipsum</span> <span class='ocrx_word' id='word_1_217' title='bbox 1203 2446 1486 2511; x_wconf 87' lang='lat' dir='ltr'>moliatur,</span> <span class='ocrx_word' id='word_1_218' title='bbox 1529 2448 1804 2519; x_wconf 87' lang='lat' dir='ltr'>suscipiat</span> <span class='ocrx_word' id='word_1_219' title='bbox 1823 2465 1947 2520; x_wconf 87' lang='lat' dir='ltr'>per-</span> 
     </span>
     <span class='ocr_line' id='line_1_32' title="bbox 346 2516 851 2575; baseline 0.004 -6"><span class='ocrx_word' id='word_1_220' title='bbox 346 2516 636 2571; x_wconf 87' lang='lat' dir='ltr'>fectionem</span> <span class='ocrx_word' id='word_1_221' title='bbox 658 2518 851 2575; x_wconf 81' lang='lat' dir='ltr'>suam?</span> 
     </span>
    </p>
   </div>
   <div class='ocr_carea' id='block_1_6' title="bbox 344 2650 2041 2757">
    <p class='ocr_par' dir='ltr' id='par_1_7' title="bbox 344 2650 2041 2757">
     <span class='ocr_line' id='line_1_33' title="bbox 376 2650 2041 2713; baseline 0.009 -25"><span class='ocrx_word' id='word_1_222' title='bbox 376 2700 385 2709; x_wconf 36' lang='grc' dir='ltr'>ι</span> <span class='ocrx_word' id='word_1_223' title='bbox 448 2650 491 2696; x_wconf 67' lang='grc'>’)</span> <span class='ocrx_word' id='word_1_224' title='bbox 518 2663 560 2711; x_wconf 46' lang='grc' dir='ltr'>ἐξ</span> <span class='ocrx_word' id='word_1_225' title='bbox 588 2656 670 2693; x_wconf 78' lang='lat' dir='ltr'>ita:</span> <span class='ocrx_word' id='word_1_226' title='bbox 722 2658 851 2697; x_wconf 69' lang='lat' dir='ltr'>Terra</span> <span class='ocrx_word' id='word_1_227' title='bbox 884 2663 943 2699; x_wconf 79' lang='lat' dir='ltr'>ad</span> <span class='ocrx_word' id='word_1_228' title='bbox 966 2661 1283 2709; x_wconf 69' lang='lat' dir='ltr'>productionem</span> <span class='ocrx_word' id='word_1_229' title='bbox 1308 2661 1575 2709; x_wconf 72' lang='lat' dir='ltr'>plantarunt,</span> <span class='ocrx_word' id='word_1_230' title='bbox 1622 2672 1704 2701; x_wconf 77' lang='lat' dir='ltr'>nou</span> <span class='ocrx_word' id='word_1_231' title='bbox 1730 2665 1819 2702; x_wconf 70' lang='lat' dir='ltr'>sine</span> <span class='ocrx_word' id='word_1_232' title='bbox 1840 2674 1939 2713; x_wconf 73' lang='lat' dir='ltr'>pas·</span> <span class='ocrx_word' id='word_1_233' title='bbox 2033 2701 2041 2712; x_wconf 88' lang='grc'><strong>,</strong></span> 
     </span>
     <span class='ocr_line' id='line_1_34' title="bbox 344 2704 1278 2757; baseline 0.006 -14"><span class='ocrx_word' id='word_1_234' title='bbox 344 2708 459 2737; x_wconf 70' lang='lat' dir='ltr'>”OM</span> <span class='ocrx_word' id='word_1_235' title='bbox 484 2704 697 2748; x_wconf 52' lang='lat' dir='ltr'>vatorum,</span> <span class='ocrx_word' id='word_1_236' title='bbox 722 2708 867 2751; x_wconf 73' lang='lat' dir='ltr'>fidelia</span> <span class='ocrx_word' id='word_1_237' title='bbox 883 2714 1063 2757; x_wconf 72' lang='lat' dir='ltr'>perstat.</span> <span class='ocrx_word' id='word_1_238' title='bbox 1117 2708 1278 2749; x_wconf 79' lang='lat' dir='ltr'>Auch-</span> 
     </span>
    </p>
   </div>
   <div class='ocr_carea' id='block_1_7' title="bbox 2063 1684 2072 2297">
    <p class='ocr_par' dir='ltr' id='par_1_8' title="bbox 2063 1684 2072 2297">
     <span class='ocr_line' id='line_1_35' title="bbox 2063 1684 2072 2297; baseline 0 0"><span class='ocrx_word' id='word_1_239' title='bbox 2063 1684 2072 2297; x_wconf 95' lang='lat' dir='ltr'> </span> 
     </span>
    </p>
   </div>
  </div>
 </body>
</html>
