2125 3084
355 162 417 212 48
603 163 795 208 PHIL.
833 161 981 208 IUD.
1021 161 1350 219 QUAEST.
1389 161 1488 206 ET
1536 163 1691 207 SOL.
1730 157 1949 224 [u,221.]

355 263 654 320 lationibus
664 261 744 334 *);
809 262 1015 316 etenim
1037 263 1151 332 -qui
1190 260 1577 333 ingrediuntur
1617 263 1677 316 in
1715 263 1954 333 templo-

354 356 480 394 rum
499 338 634 392 atria
648 377 660 400 ‚
703 353 802 407 per
822 336 1133 392 ablutiones
1152 344 1208 390 et
1226 337 1569 406 aspersiones
1593 336 1948 392 mundantur.

359 411 434 486 [³¹⁶]
459 411 716 484 Aegyptii
741 427 904 482 porro
929 419 983 466 et
1009 419 1183 466 totum
1210 411 1411 466 radunt
1430 427 1629 483 corpus
1643 452 1656 475 ‚
1698 410 1939 466 auferen·

357 496 440 542 tes
461 487 606 558 pilos
623 494 870 559 tegentes
887 485 1359 558 obscurantesque
1376 502 1621 557 corpora,
1647 494 1709 541 ut
1726 486 1953 541 candidi

357 563 580 618 omnino
617 569 940 633 appareant:
1005 577 1199 616 verum
1240 578 1349 616 non
1385 561 1665 616 modicum
1700 562 1855 616 iuvat
1884 560 1955 614 ad

359 636 688 692 munditiam
708 637 874 708 pellis
895 636 1247 690 circumcisio
1260 675 1273 700 ‚
1304 635 1443 690 alias
1462 635 1957 707 abhorreretquis-

357 729 525 784 quam
539 753 554 776 ,
584 711 806 782 quando
824 710 1087 775 vidisset,
1120 711 1266 765 sicut
1283 711 1341 766 in
1360 711 1429 766 sd
1440 719 1543 766 ost.

468 786 672 852 Quarto
687 827 700 849 ‚
745 785 855 840 duo
880 793 1010 840 sunt
1036 786 1098 840 in
1122 785 1287 840 nobis
1305 786 1650 858 generativa,
1694 785 1753 839 in
1775 786 1959 840 anima

361 871 414 915 et
449 862 508 915 in
547 877 798 931 corpore:
851 860 1233 931 generativum
1272 862 1488 916 animae
1524 859 1852 923 intellectio,
1904 867 1961 914 et

362 935 604 1005 corporis
626 935 1053 990 instrumentum
1074 951 1417 1006 corporeum.
1446 935 1751 991 Voluerunt
1768 935 1958 1004 itaque

362 1010 576 1081 antiqui
600 1008 669 1064 ad
690 1009 1051 1070 imitationem
1073 1009 1463 1065 intellectionis
1478 1051 1491 1074 ‚
1515 1027 1657 1081 quae
1676 1009 1853 1082 magis
1875 1017 1961 1064 est

360 1085 744 1158 generativum
771 1083 980 1148 eoi-dm,
1030 1083 1235 1139 referre
1260 1086 1643 1156 generativum
1681 1084 1955 1155 corporis:

362 1171 416 1215 et
435 1177 625 1216 revera
646 1160 790 1215 nulli
810 1161 888 1214 ita.
906 1159 1150 1215 similius
1170 1160 1459 1231 reperitur,
1478 1176 1646 1230 quam
1666 1159 1963 1212 circumci-

363 1237 506 1290 sioni
529 1234 733 1290 cordia.
778 1235 924 1289 Haec
943 1251 1073 1307 ergo
1094 1241 1224 1288 sunt
1242 1251 1302 1289 re
1321 1235 1443 1306 ipsa
1463 1234 1622 1298 facta,
1648 1234 1795 1288 sicut
1814 1233 1962 1288 cele-

363 1310 550 1364 bratae
585 1311 822 1366 rationes
849 1326 1035 1368 rerum
1061 1310 1466 1380 quaesitarum3
1536 1325 1731 1372 verum
1759 1307 1831 1361 de
1858 1307 1963 1361 ha-

363 1384 626 1438 bentibus
648 1383 898 1456 symbola
918 1385 1144 1446 maiora,
1159 1401 1301 1454 quae
1322 1393 1523 1440 certam
1542 1382 1857 1455 praeferunt
1872 1400 1963 1436 ra-

364 1459 597 1520 tionem,
641 1457 940 1513 dicendum
966 1465 1068 1514 est.
1950 1527 1955 1533 ἢ

477 1531 836 1588 Circumcisio
864 1536 1052 1604 itaque
1071 1533 1237 1604 pellis
1259 1533 1574 1606 symbolum
1593 1549 1715 1588 esse
1735 1532 1958 1595 dicitur,

367 1609 528 1678 quasi
556 1623 687 1662 vero
716 1616 960 1680 oporteat
988 1605 1296 1679 superfluas
1326 1609 1750 1679 excessivasque
1780 1607 1966 1661 absci—

367 1682 497 1736 dere
529 1682 888 1754 cupiditate8‚
928 1683 1297 1743 continentiae
1326 1683 1613 1755 religionis
1656 1681 1957 1737 studendo:

367 1775 496 1812 nam
525 1758 993 1830 quemadmodum
1029 1757 1100 1812 ad
1134 1758 1543 1832 generationem
1576 1753 1853 1827 superflua
1880 1764 1965 1810 est

364 1833 530 1904 pellis
541 1835 837 1907 praeputii,
853 1850 1075 1905 unaque
1085 1833 1282 1889 nociva
1293 1833 1364 1887 ob
1375 1831 1627 1887 morbum
1648 1831 1797 1902 ignis
1816 1831 1877 1884 in
1899 1847 1964 1884 ea

365 1908 606 1964 ardentis
622 1953 634 1975 ‚
677 1912 760 1964 sic
780 1911 944 1965 etiam
967 1909 1125 1980 copia
1144 1907 1465 1978 cupiditatis
1490 1915 1601 1962 tam
1630 1921 1965 1978 supervaca-

365 1999 467 2034 nea
489 1991 598 2047 est,
641 2000 809 2054 quam
835 1984 1173 2056 perniciosa:
1218 1999 1652 2053 supervacanea,
1695 1981 1827 2052 quia
1853 1997 1963 2035 non

365 2063 448 2107 est
483 2071 570 2107 res
608 2057 943 2124 necessaria;
999 2064 1054 2110 et
1087 2056 1425 2127 perniciosa,
1487 2057 1620 2128 quia
1648 2055 1965 2112 morborum

366 2143 531 2180 causa
551 2135 633 2182 est
653 2130 898 2200 corporis
919 2138 971 2183 et
992 2129 1226 2184 animae.
1277 2132 1379 2186 Per
1400 2130 1759 2202 cupiditatem
1780 2139 1963 2184 autem

365 2201 630 2254 maiorem
667 2210 851 2258 monet
897 2203 1262 2260 abscidendas
1302 2223 1423 2260 esse
1464 2213 1702 2260 caeteras
1741 2220 1963 2276 quoque

367 2274 718 2346 cupiditateS.
798 2275 968 2332 Maior
998 2286 1180 2333 autem
1210 2279 1415 2352 dicitur
1441 2280 1566 2343 illa,
1619 2295 1762 2350 quae
1784 2280 1965 2354 respi-

366 2350 443 2404 cit
481 2351 892 2406 matrimonium
928 2353 1097 2406 maris
1142 2370 1270 2407 cum
1312 2353 1543 2422 femina;
1604 2353 1868 2424 quoniam
1911 2361 1964 2407 et

365 2443 597 2499 magnae
640 2427 720 2481 rei
771 2425 995 2481 initium
1040 2424 1199 2491 facit,
1263 2430 1633 2500 generationis
1678 2427 1959 2490 videlicet,

365 2518 740 2574 magnumque
770 2500 1111 2558 desiderium
1139 2511 1393 2572 operatur
1419 2505 1477 2558 in
1498 2503 1843 2576 genitoribus
1863 2517 1965 2571 pro

365 2578 664 2646 genituris:
706 2577 952 2632 naturale
974 2577 1123 2632 enim
1144 2584 1374 2648 asterga
1394 2579 1577 2648 proles
1599 2576 1745 2632 affici
1766 2575 1964 2630 carita-

470 2697 512 2743 *)
546 2708 582 2736 s.
609 2703 648 2736 et
673 2699 923 2738 oblationem
946 2700 994 2739 in
1019 2700 1153 2738 caes-1¹5
1180 2697 1293 2736 loeis.
1346 2698 1508 2734 Anoh.
