2125 3084
299 160 360 212 42
551 163 746 210 PHIL.
784 161 933 208 IUD.
971 161 1294 220 QUAEST.
1332 161 1435 206 ET
1471 163 1627 208 SOL.
1674 157 1892 224 [11,181.]
1940 181 1965 193 “

459 341 620 401 Quare
655 343 796 395 dicit:
856 379 890 407 „
911 343 1123 394 Transiit
1154 343 1369 408 seditque
1401 359 1544 408 super
1574 343 1663 394 iila
1672 342 1729 408 ⁸)

858 411 1153 460 Abraam‘tae
1194 412 1318 476 (ib.)

407 533 460 584 8.
519 527 628 596 Qui
669 528 1105 584 immolationem
1150 537 1347 600 putant
1391 528 1680 603 designari
1723 529 1891 586 rebus

289 603 676 676 praesentibus
690 645 705 668 ,
743 604 1013 668 dixerint,
1055 604 1207 676 quod
1234 604 1388 660 velut
1416 604 1475 662 in
1500 621 1781 678 synagoga
1800 622 1894 660 se·-

291 679 430 736 dens
460 680 548 734 vir
572 678 780 751 probus
805 678 1019 734 viscera
1045 679 1493 753 perscrutabatur
1508 721 1521 744 ,
1566 679 1730 754 quasi
1760 697 1893 734 con-

289 762 442 810 stans
480 752 796 826 symbolum
831 753 895 808 id
932 761 1216 826 reputetur
1252 769 1354 834 ,ο
1382 753 1713 810 declaranda
1740 754 1893 810 veri-

289 837 420 884 tate.
491 829 602 881 Nos
623 835 805 881 tamen
823 828 964 884 Mosi
984 827 1345 886 adhaerentes
1370 829 1751 902 placitumque
1770 845 1893 884 ma—

289 902 452 974 gistri
471 900 763 958 manifeste
787 910 1075 960 noscentes
1088 945 1101 968 ,
1143 905 1355 977 quippe
1374 905 1477 976 qui
1496 903 1568 960 ab
1590 903 1742 961 omni
1762 919 1895 974 spe-

289 977 376 1032 cie
395 975 698 1048 sophistica
723 975 816 1032 vel
839 980 1191 1050 prognostica
1217 979 1437 1034 vultum
1466 985 1717 1037 avertens
1731 1017 1745 1042 ‚
1787 975 1901 1032 deo,

289 1051 396 1107 soli
417 1050 705 1116 credebat,
745 1050 996 1110 dicamus
1011 1093 1024 1118 ‚
1068 1069 1196 1108 cum
1215 1053 1356 1124 ipsis
1376 1069 1525 1108 nune
1545 1052 1893 1126 congregatis

290 1126 490 1182 avibus
519 1125 1004 1198 supervolantibus
1030 1126 1408 1182 introduxisse
1439 1128 1651 1182 iustum
1686 1127 1893 1182 virtute

288 1201 629 1272 praeditum,
673 1218 782 1254 non
813 1199 968 1254 aliud
994 1199 1309 1270 parabolice
1330 1199 1739 1264 demonstrans,
1778 1201 1891 1254 nisi

289 1276 423 1345 quia
452 1274 716 1327 iniuriam
747 1272 1179 1343 aviditatemque
1206 1272 1477 1342 impediat
1503 1280 1557 1327 et
1590 1273 1731 1326 rixis
1768 1272 1893 1328 bel-

289 1347 472 1419 lisque
501 1346 915 1400 infensissimus
945 1346 1044 1409 sit,
1098 1347 1461 1400 constantiam
1494 1353 1658 1417 atque
1696 1364 1892 1418 paoem

291 1439 508 1476 amans:
554 1421 676 1490 ipse
693 1420 843 1474 enim
862 1419 1132 1474 veraciter
1149 1420 1305 1491 pacis
1325 1427 1508 1481 custos
1529 1428 1631 1477 est.
1701 1421 1891 1488 Quon-

288 1498 401 1550 iam
420 1513 520 1567 per
540 1495 713 1549 malos
733 1510 836 1548 neo
855 1510 966 1548 una
986 1494 1186 1548 civitas
1216 1495 1496 1566 aequievit
1528 1495 1586 1550 in
1616 1496 1891 1569 tranquil-

289 1571 470 1634 litate,
518 1567 618 1624 sed
646 1566 960 1623 immobiles
991 1567 1166 1640 factae
1195 1576 1351 1633 sunt,
1400 1586 1575 1640 quum
1614 1587 1759 1625 unus
1797 1571 1887 1626 vel

291 1644 428 1698 alter
449 1643 616 1698 homo
632 1643 836 1698 virtute
857 1642 1143 1715 praeditus
1164 1643 1402 1708 exstitit,
1426 1646 1587 1699 cuius
1608 1645 1785 1701 virtus
1808 1645 1889 1699 ci-

288 1718 432 1774 viles
467 1717 688 1773 morbos
716 1726 896 1782 sanat,
941 1717 1106 1774 dante
1135 1718 1239 1774 deo
1268 1719 1490 1774 virtutis
1522 1719 1787 1776 studiosis
1818 1718 1888 1774 ad

288 1793 552 1849 honorem
579 1793 752 1848 bonos
771 1811 976 1863 mores;
1023 1811 1126 1849 neo
1144 1796 1225 1850 eis
1248 1793 1591 1849 solummodo
1606 1836 1620 1860 ,
1650 1795 1752 1850 sed
1770 1794 1885 1849 illis

288 1885 537 1997 quoquae,
577 1869 676 1942 qui
702 1868 769 1943 (s.
793 1869 1020 1944 quibus)
1041 1870 1485 1942 appropinquant
1504 1869 1575 1926 ad
1594 1871 1888 1926 utilitatem

288 1961 460 2015 paran
503 1962 611 1998 am.

293 2089 368 2154 [Ἴ
413 2087 544 2145 Quid
585 2097 656 2136 eet
699 2123 731 2149 „
747 2087 852 2138 Sub
895 2105 1069 2138 occasu
1108 2089 1224 2140 solie
1276 2092 1471 2142 «03εωῦ
1526 2091 1698 2142 cecidit
1746 2107 1889 2154 super

423 2156 642 2285 ,31113αέιί
649 2191 678 2272 ‚5
685 2257 702 2282 ,
722 2163 916 2282 eltgscee
958 2155 1128 2206 Item-or
1169 2174 1368 2224 maguus
1414 2161 1683 2210 taneta-mus
1722 2157 1891 2208 inuidit

400 2327 452 2378 9.
505 2323 736 2377 Divinus
766 2322 994 2394 quidam
1033 2342 1295 2385 excessus
1331 2327 1666 2399 tranquillus
1710 2325 1885 2382 factus

391 2499 436 2545 ἣ)
470 2495 644 2534 Melius:
679 2497 846 2536 sedebat
869 2499 990 2538 iuxta
1013 2500 1093 2538 illa
1119 2510 1154 2539 s.
1182 2501 1365 2539 comedit
1388 2501 1494 2547 illis,
1524 2497 1795 2545 συνεκάθισεν
1808 2493 1887 2538 αὖ-

291 2551 388 2592 τοῑς.
443 2545 527 2584 Ubi
553 2555 706 2585 sensns
731 2548 848 2586 solus
875 2549 1039 2588 aceedit
1065 2549 1120 2588 ad
1144 2549 1273 2597 Vulg.
1298 2551 1543 2590 lectionem:
1590 2551 1783 2598 abiqobat
1816 2559 1885 2588 ean

292 2595 430 2643 (aves)
461 2597 668 2642 Auream,
703 2600 810 2646 puta
842 2599 962 2640 iuxta
989 2599 1127 2648 Lxx,
1166 2601 1373 2640 adsedem
1404 2601 1689 2640 cadaveribus
1722 2599 1887 2646 divisis,

291 2657 346 2686 ne
373 2656 474 2684 aves
501 2647 706 2685 auderent
730 2648 868 2694 adire;
918 2660 1048 2698 quare
1068 2651 1113 2689 in
1132 2650 1405 2698 sequentibus
1424 2651 1619 2700 apposite
1636 2649 1741 2690 dicit
1758 2649 1886 2692 etiam

290 2697 435 2737 Philo:
473 2697 710 2746 repellebat.
769 2698 928 2738 Anoh.
