<?xml version="1.0" encoding="UTF-8"?>
<!DOCTYPE html PUBLIC "-//W3C//DTD XHTML 1.0 Transitional//EN"
    "http://www.w3.org/TR/xhtml1/DTD/xhtml1-transitional.dtd">
<html xmlns="http://www.w3.org/1999/xhtml" xml:lang="en" lang="en">
 <head>
  <title>
</title>
<meta http-equiv="Content-Type" content="text/html;charset=utf-8" />
  <meta name='ocr-system' content='tesseract 3.04.00' />
  <meta name='ocr-capabilities' content='ocr_page ocr_carea ocr_par ocr_line ocrx_word'/>
</head>
<body>
  <div class='ocr_page' id='page_1' title='image "./philonisiudaeio00alejgoog_0307.png"; bbox 0 0 2125 3084; ppageno 0'>
   <div class='ocr_carea' id='block_1_1' title="bbox 1266 123 1299 150">
    <p class='ocr_par' dir='ltr' id='par_1_1' title="bbox 1266 123 1299 150">
     <span class='ocr_line' id='line_1_1' title="bbox 1266 123 1299 150; baseline 0 0"><span class='ocrx_word' id='word_1_1' title='bbox 1266 123 1299 150; x_wconf 59' lang='lat' dir='ltr'>N</span> 
     </span>
    </p>
   </div>
   <div class='ocr_carea' id='block_1_2' title="bbox 362 185 1937 254">
    <p class='ocr_par' dir='ltr' id='par_1_2' title="bbox 362 185 1937 254">
     <span class='ocr_line' id='line_1_2' title="bbox 362 185 1937 254; baseline -0.001 -14"><span class='ocrx_word' id='word_1_2' title='bbox 362 185 462 240; x_wconf 75' lang='grc'><strong>292</strong></span> <span class='ocrx_word' id='word_1_3' title='bbox 596 190 796 236; x_wconf 83' lang='lat' dir='ltr'>PHIL.</span> <span class='ocrx_word' id='word_1_4' title='bbox 835 189 982 236; x_wconf 89' lang='lat' dir='ltr'>1UD.</span> <span class='ocrx_word' id='word_1_5' title='bbox 1021 189 1345 248; x_wconf 80' lang='lat' dir='ltr'><strong>QUAEST.</strong></span> <span class='ocrx_word' id='word_1_6' title='bbox 1384 190 1483 236; x_wconf 82' lang='grc' dir='ltr'><strong>ΕΤ</strong></span> <span class='ocrx_word' id='word_1_7' title='bbox 1531 191 1687 236; x_wconf 75' lang='lat' dir='ltr'><strong>SOL.</strong></span> <span class='ocrx_word' id='word_1_8' title='bbox 1731 186 1811 251; x_wconf 73' lang='grc' dir='ltr'><strong>ΠΙ,</strong></span> <span class='ocrx_word' id='word_1_9' title='bbox 1832 189 1937 254; x_wconf 67' lang='grc'><strong>441]</strong></span> 
     </span>
    </p>
   </div>
   <div class='ocr_carea' id='block_1_3' title="bbox 353 287 1965 1043">
    <p class='ocr_par' dir='ltr' id='par_1_3' title="bbox 353 287 2071 2164">
     <span class='ocr_line' id='line_1_3' title="bbox 361 287 1942 365; baseline 0.001 -19"><span class='ocrx_word' id='word_1_10' title='bbox 361 292 542 365; x_wconf 84' lang='lat' dir='ltr'><strong>gentis</strong></span> <span class='ocrx_word' id='word_1_11' title='bbox 557 331 571 355; x_wconf 89' lang='lat'>‚</span> <span class='ocrx_word' id='word_1_12' title='bbox 611 308 754 363; x_wconf 76' lang='lat' dir='ltr'><strong>quae</strong></span> <span class='ocrx_word' id='word_1_13' title='bbox 781 289 1081 346; x_wconf 77' lang='lat' dir='ltr'><strong>Chaldaice</strong></span> <span class='ocrx_word' id='word_1_14' title='bbox 1109 295 1337 345; x_wconf 80' lang='lat' dir='ltr'><strong>vocatur</strong></span> <span class='ocrx_word' id='word_1_15' title='bbox 1366 290 1549 344; x_wconf 64' lang='lat' dir='ltr'><strong>Labant</strong></span> <span class='ocrx_word' id='word_1_16' title='bbox 1572 299 1627 347; x_wconf 91' lang='lat' dir='ltr'><strong>et</strong></span> <span class='ocrx_word' id='word_1_17' title='bbox 1654 291 1837 347; x_wconf 72' lang='lat' dir='ltr'><strong>Latine</strong></span> <span class='ocrx_word' id='word_1_18' title='bbox 1864 287 1942 347; x_wconf 72' lang='grc' dir='ltr'><strong><em>αι’-</em></strong></span> 
     </span>
     <span class='ocr_line' id='line_1_4' title="bbox 360 365 1942 437; baseline 0.001 -14"><span class='ocrx_word' id='word_1_19' title='bbox 360 372 504 424; x_wconf 75' lang='lat' dir='ltr'><strong>bodo.</strong></span> <span class='ocrx_word' id='word_1_20' title='bbox 585 365 725 422; x_wconf 88' lang='lat' dir='ltr'><strong>Sunt</strong></span> <span class='ocrx_word' id='word_1_21' title='bbox 753 367 853 437; x_wconf 92' lang='lat' dir='ltr'><strong>qui</strong></span> <span class='ocrx_word' id='word_1_22' title='bbox 883 365 1083 420; x_wconf 81' lang='lat' dir='ltr'><strong>faciem</strong></span> <span class='ocrx_word' id='word_1_23' title='bbox 1112 381 1297 420; x_wconf 87' lang='lat' dir='ltr'><strong>rerum</strong></span> <span class='ocrx_word' id='word_1_24' title='bbox 1325 365 1659 436; x_wconf 78' lang='lat' dir='ltr'><strong>aspicientes</strong></span> <span class='ocrx_word' id='word_1_25' title='bbox 1686 367 1775 421; x_wconf 82' lang='lat' dir='ltr'><strong>vel</strong></span> <span class='ocrx_word' id='word_1_26' title='bbox 1804 368 1942 424; x_wconf 86' lang='lat' dir='ltr'><strong>vitu-</strong></span> 
     </span>
     <span class='ocr_line' id='line_1_5' title="bbox 357 439 1945 516; baseline -0.001 -18"><span class='ocrx_word' id='word_1_27' title='bbox 357 449 553 515; x_wconf 79' lang='lat' dir='ltr'><strong>perant</strong></span> <span class='ocrx_word' id='word_1_28' title='bbox 581 458 702 496; x_wconf 84' lang='lat' dir='ltr'><strong>eam</strong></span> <span class='ocrx_word' id='word_1_29' title='bbox 729 441 819 498; x_wconf 85' lang='lat' dir='ltr'><strong>vel</strong></span> <span class='ocrx_word' id='word_1_30' title='bbox 849 440 1098 496; x_wconf 78' lang='lat' dir='ltr'><strong>laudant.</strong></span> <span class='ocrx_word' id='word_1_31' title='bbox 1176 439 1349 495; x_wconf 87' lang='lat' dir='ltr'><strong>Nobis</strong></span> <span class='ocrx_word' id='word_1_32' title='bbox 1375 448 1585 506; x_wconf 84' lang='lat' dir='ltr'><strong>tamen,</strong></span> <span class='ocrx_word' id='word_1_33' title='bbox 1629 443 1731 513; x_wconf 89' lang='lat' dir='ltr'><strong>qui</strong></span> <span class='ocrx_word' id='word_1_34' title='bbox 1752 441 1945 516; x_wconf 76' lang='lat' dir='ltr'><strong>allego-</strong></span> 
     </span>
     <span class='ocr_line' id='line_1_6' title="bbox 357 515 1951 589; baseline -0.003 -17"><span class='ocrx_word' id='word_1_35' title='bbox 357 519 530 572; x_wconf 73' lang='lat' dir='ltr'><strong>ricem</strong></span> <span class='ocrx_word' id='word_1_36' title='bbox 549 517 869 589; x_wconf 76' lang='lat' dir='ltr'><strong>quaerimus</strong></span> <span class='ocrx_word' id='word_1_37' title='bbox 891 524 1143 572; x_wconf 74' lang='lat' dir='ltr'><strong>naturam</strong></span> <span class='ocrx_word' id='word_1_38' title='bbox 1156 557 1169 578; x_wconf 88' lang='lat'>‚</span> <span class='ocrx_word' id='word_1_39' title='bbox 1200 515 1300 569; x_wconf 87' lang='lat' dir='ltr'><strong>sed</strong></span> <span class='ocrx_word' id='word_1_40' title='bbox 1322 523 1475 570; x_wconf 82' lang='lat' dir='ltr'><strong>extra</strong></span> <span class='ocrx_word' id='word_1_41' title='bbox 1494 517 1767 572; x_wconf 78' lang='lat' dir='ltr'><strong>visionem</strong></span> <span class='ocrx_word' id='word_1_42' title='bbox 1780 558 1793 581; x_wconf 90' lang='lat'><strong>‚</strong></span> <span class='ocrx_word' id='word_1_43' title='bbox 1822 534 1951 574; x_wconf 84' lang='lat' dir='ltr'><strong>con-.</strong></span> 
     </span>
     <span class='ocr_line' id='line_1_7' title="bbox 357 591 1945 664; baseline 0.001 -17"><span class='ocrx_word' id='word_1_44' title='bbox 357 594 513 648; x_wconf 87' lang='lat' dir='ltr'><strong>venit</strong></span> <span class='ocrx_word' id='word_1_45' title='bbox 541 593 764 648; x_wconf 81' lang='lat' dir='ltr'><strong>nomina</strong></span> <span class='ocrx_word' id='word_1_46' title='bbox 791 592 915 664; x_wconf 79' lang='lat' dir='ltr'><strong>ipsa</strong></span> <span class='ocrx_word' id='word_1_47' title='bbox 944 591 1255 662; x_wconf 79' lang='lat' dir='ltr'>disquirere</span> <span class='ocrx_word' id='word_1_48' title='bbox 1284 606 1466 661; x_wconf 88' lang='lat' dir='ltr'><strong>neque</strong></span> <span class='ocrx_word' id='word_1_49' title='bbox 1486 591 1672 662; x_wconf 78' lang='lat' dir='ltr'><strong>decipi</strong></span> <span class='ocrx_word' id='word_1_50' title='bbox 1692 593 1945 648; x_wconf 84' lang='lat' dir='ltr'><strong>similitu-</strong></span> 
     </span>
     <span class='ocr_line' id='line_1_8' title="bbox 358 665 1941 740; baseline -0.001 -15"><span class='ocrx_word' id='word_1_51' title='bbox 358 668 488 727; x_wconf 82' lang='lat' dir='ltr'><strong>dine</strong></span> <span class='ocrx_word' id='word_1_52' title='bbox 519 668 832 723; x_wconf 87' lang='lat' dir='ltr'><strong>nominum:</strong></span> <span class='ocrx_word' id='word_1_53' title='bbox 895 683 1133 740; x_wconf 86' lang='lat' dir='ltr'><strong>quorum</strong></span> <span class='ocrx_word' id='word_1_54' title='bbox 1162 665 1446 721; x_wconf 82' lang='lat' dir='ltr'><strong>distinctio</strong></span> <span class='ocrx_word' id='word_1_55' title='bbox 1474 667 1534 721; x_wconf 91' lang='lat' dir='ltr'><strong>in</strong></span> <span class='ocrx_word' id='word_1_56' title='bbox 1560 667 1666 722; x_wconf 87' lang='lat' dir='ltr'><strong>hoc</strong></span> <span class='ocrx_word' id='word_1_57' title='bbox 1686 669 1941 732; x_wconf 80' lang='lat' dir='ltr'><strong>consistit,</strong></span> 
     </span>
     <span class='ocr_line' id='line_1_9' title="bbox 356 740 1947 816; baseline -0.001 -17"><span class='ocrx_word' id='word_1_58' title='bbox 356 744 506 816; x_wconf 87' lang='lat' dir='ltr'><strong>quod</strong></span> <span class='ocrx_word' id='word_1_59' title='bbox 546 741 762 814; x_wconf 85' lang='lat' dir='ltr'><strong>aliquid</strong></span> <span class='ocrx_word' id='word_1_60' title='bbox 797 742 1104 814; x_wconf 82' lang='lat' dir='ltr'><strong>perfeetum</strong></span> <span class='ocrx_word' id='word_1_61' title='bbox 1140 749 1225 796; x_wconf 85' lang='lat' dir='ltr'><strong>est</strong></span> <span class='ocrx_word' id='word_1_62' title='bbox 1253 750 1308 796; x_wconf 87' lang='lat' dir='ltr'><strong>et</strong></span> <span class='ocrx_word' id='word_1_63' title='bbox 1335 740 1619 814; x_wconf 77' lang='lat' dir='ltr'><strong>splendori</strong></span> <span class='ocrx_word' id='word_1_64' title='bbox 1648 743 1947 815; x_wconf 86' lang='lat' dir='ltr'><strong>luminique</strong></span> 
     </span>
     <span class='ocr_line' id='line_1_10' title="bbox 355 817 1947 890; baseline 0.001 -17"><span class='ocrx_word' id='word_1_65' title='bbox 355 819 560 875; x_wconf 88' lang='lat' dir='ltr'><strong>similis</strong></span> <span class='ocrx_word' id='word_1_66' title='bbox 589 827 837 874; x_wconf 84' lang='lat' dir='ltr'><strong>creatura</strong></span> <span class='ocrx_word' id='word_1_67' title='bbox 851 859 864 882; x_wconf 90' lang='lat'>‚</span> <span class='ocrx_word' id='word_1_68' title='bbox 907 817 1123 889; x_wconf 79' lang='lat' dir='ltr'><strong>aliquid</strong></span> <span class='ocrx_word' id='word_1_69' title='bbox 1153 825 1337 872; x_wconf 79' lang='lat' dir='ltr'><strong>autem</strong></span> <span class='ocrx_word' id='word_1_70' title='bbox 1365 817 1652 872; x_wconf 84' lang='lat' dir='ltr'><strong>sensibilis</strong></span> <span class='ocrx_word' id='word_1_71' title='bbox 1685 819 1947 890; x_wconf 73' lang='lat' dir='ltr'><strong>quaedem</strong></span> 
     </span>
     <span class='ocr_line' id='line_1_11' title="bbox 355 893 1965 966; baseline -0.001 -16"><span class='ocrx_word' id='word_1_72' title='bbox 355 895 594 966; x_wconf 80' lang='lat' dir='ltr'><strong>qualitas</strong></span> <span class='ocrx_word' id='word_1_73' title='bbox 615 893 1038 966; x_wconf 77' lang='lat' dir='ltr'><strong>superficialiter</strong></span> <span class='ocrx_word' id='word_1_74' title='bbox 1063 893 1243 948; x_wconf 80' lang='lat' dir='ltr'><strong>colore</strong></span> <span class='ocrx_word' id='word_1_75' title='bbox 1272 893 1472 958; x_wconf 48' lang='lat' dir='ltr'><strong>tincta</strong></span> <span class='ocrx_word' id='word_1_76' title='bbox 1514 894 1660 948; x_wconf 85' lang='lat' dir='ltr'><strong>sicut</strong></span> <span class='ocrx_word' id='word_1_77' title='bbox 1690 893 1787 948; x_wconf 79' lang='lat' dir='ltr'><strong>illa</strong></span> <span class='ocrx_word' id='word_1_78' title='bbox 1812 910 1965 966; x_wconf 77' lang='lat' dir='ltr'><strong>quae·</strong></span> 
     </span>
     <span class='ocr_line' id='line_1_12' title="bbox 353 967 1744 1043; baseline -0.002 -18"><span class='ocrx_word' id='word_1_79' title='bbox 353 971 662 1043; x_wconf 80' lang='lat' dir='ltr'><strong>pinguntur</strong></span> <span class='ocrx_word' id='word_1_80' title='bbox 683 969 752 1024; x_wconf 86' lang='lat' dir='ltr'><strong>ab</strong></span> <span class='ocrx_word' id='word_1_81' title='bbox 771 969 1042 1041; x_wconf 83' lang='lat' dir='ltr'><strong>improbis</strong></span> <span class='ocrx_word' id='word_1_82' title='bbox 1061 967 1133 1024; x_wconf 81' lang='lat' dir='ltr'><strong>ad</strong></span> <span class='ocrx_word' id='word_1_83' title='bbox 1152 968 1471 1024; x_wconf 83' lang='lat' dir='ltr'><strong>illusionem</strong></span> <span class='ocrx_word' id='word_1_84' title='bbox 1492 969 1744 1023; x_wconf 85' lang='lat' dir='ltr'><strong>visionis.</strong></span> 
     </span>
    </p>
   </div>
   <div class='ocr_carea' id='block_1_4' title="bbox 357 1093 1948 1229">
    <p class='ocr_par' dir='ltr' id='par_1_4' title="bbox 357 1093 1948 1229">
     <span class='ocr_line' id='line_1_13' title="bbox 357 1093 1948 1162; baseline -0.001 -16"><span class='ocrx_word' id='word_1_85' title='bbox 357 1095 432 1162; x_wconf 77' lang='grc'><strong>[*]</strong></span> <span class='ocrx_word' id='word_1_86' title='bbox 476 1095 607 1153; x_wconf 75' lang='lat' dir='ltr'><strong>Quid</strong></span> <span class='ocrx_word' id='word_1_87' title='bbox 638 1105 708 1146; x_wconf 76' lang='lat' dir='ltr'><strong>est</strong></span> <span class='ocrx_word' id='word_1_88' title='bbox 741 1095 984 1160; x_wconf 75' lang='lat' dir='ltr'><strong>„Audivit</strong></span> <span class='ocrx_word' id='word_1_89' title='bbox 1015 1093 1168 1144; x_wconf 84' lang='lat' dir='ltr'><strong>Iacob</strong></span> <span class='ocrx_word' id='word_1_90' title='bbox 1205 1103 1394 1158; x_wconf 79' lang='lat' dir='ltr'><strong>patrem</strong></span> <span class='ocrx_word' id='word_1_91' title='bbox 1441 1095 1633 1160; x_wconf 78' lang='lat' dir='ltr'><strong>(suum)</strong></span> <span class='ocrx_word' id='word_1_92' title='bbox 1676 1104 1721 1144; x_wconf 79' lang='lat' dir='ltr'><strong>et</strong></span> <span class='ocrx_word' id='word_1_93' title='bbox 1761 1105 1948 1146; x_wconf 81' lang='lat' dir='ltr'><strong>matrem</strong></span> 
     </span>
     <span class='ocr_line' id='line_1_14' title="bbox 522 1159 1785 1229; baseline -0.002 -16"><span class='ocrx_word' id='word_1_94' title='bbox 522 1166 686 1229; x_wconf 80' lang='lat' dir='ltr'><strong>(suam</strong></span> <span class='ocrx_word' id='word_1_95' title='bbox 686 1166 742 1228; x_wconf 86' lang='lat'><strong>),</strong></span> <span class='ocrx_word' id='word_1_96' title='bbox 782 1172 828 1213; x_wconf 82' lang='lat' dir='ltr'><strong>et</strong></span> <span class='ocrx_word' id='word_1_97' title='bbox 860 1163 945 1213; x_wconf 75' lang='lat' dir='ltr'><strong>ivit</strong></span> <span class='ocrx_word' id='word_1_98' title='bbox 976 1161 1027 1212; x_wconf 77' lang='lat' dir='ltr'><strong>in</strong></span> <span class='ocrx_word' id='word_1_99' title='bbox 1059 1159 1539 1227; x_wconf 74' lang='lat' dir='ltr'><strong>Mesopotamiam“?</strong></span> <span class='ocrx_word' id='word_1_100' title='bbox 1574 1163 1681 1226; x_wconf 84' lang='lat'><strong>(28,</strong></span> <span class='ocrx_word' id='word_1_101' title='bbox 1712 1161 1785 1228; x_wconf 83' lang='lat'><strong>⁷.)</strong></span> 
     </span>
    </p>
   </div>
   <div class='ocr_carea' id='block_1_5' title="bbox 352 1235 1953 1396">
    <p class='ocr_par' dir='ltr' id='par_1_5' title="bbox 352 1235 1953 1396">
     <span class='ocr_line' id='line_1_15' title="bbox 464 1235 1946 1312; baseline -0.004 -4"><span class='ocrx_word' id='word_1_102' title='bbox 464 1252 586 1308; x_wconf 75' lang='lat'><strong>244.</strong></span> <span class='ocrx_word' id='word_1_103' title='bbox 637 1252 777 1305; x_wconf 92' lang='lat' dir='ltr'><strong>Tum</strong></span> <span class='ocrx_word' id='word_1_104' title='bbox 807 1235 877 1304; x_wconf 77' lang='lat' dir='ltr'><strong>ad</strong></span> <span class='ocrx_word' id='word_1_105' title='bbox 907 1249 1146 1304; x_wconf 81' lang='lat' dir='ltr'><strong>litteram</strong></span> <span class='ocrx_word' id='word_1_106' title='bbox 1176 1248 1298 1304; x_wconf 83' lang='lat' dir='ltr'><strong>laus</strong></span> <span class='ocrx_word' id='word_1_107' title='bbox 1326 1247 1603 1304; x_wconf 81' lang='lat' dir='ltr'><strong>confertur</strong></span> <span class='ocrx_word' id='word_1_108' title='bbox 1623 1248 1809 1304; x_wconf 87' lang='lat' dir='ltr'><strong>itineri</strong></span> <span class='ocrx_word' id='word_1_109' title='bbox 1828 1247 1946 1312; x_wconf 90' lang='lat' dir='ltr'><strong>filii,</strong></span> 
     </span>
     <span class='ocr_line' id='line_1_16' title="bbox 352 1322 1953 1396; baseline 0 -18"><span class='ocrx_word' id='word_1_110' title='bbox 352 1326 452 1395; x_wconf 91' lang='lat' dir='ltr'><strong>qui</strong></span> <span class='ocrx_word' id='word_1_111' title='bbox 488 1323 739 1379; x_wconf 84' lang='lat' dir='ltr'><strong>obedivit</strong></span> <span class='ocrx_word' id='word_1_112' title='bbox 776 1322 1044 1381; x_wconf 84' lang='lat' dir='ltr'><strong>ambobus</strong></span> <span class='ocrx_word' id='word_1_113' title='bbox 1081 1323 1434 1396; x_wconf 79' lang='lat' dir='ltr'><strong>parentibus3</strong></span> <span class='ocrx_word' id='word_1_114' title='bbox 1516 1323 1780 1394; x_wconf 78' lang='lat' dir='ltr'><strong>quoniam</strong></span> <span class='ocrx_word' id='word_1_115' title='bbox 1817 1341 1953 1379; x_wconf 86' lang='lat' dir='ltr'><strong>non-</strong></span> 
     </span>
    </p>
   </div>
   <div class='ocr_carea' id='block_1_6' title="bbox 352 1432 1956 1460">
    <p class='ocr_par' dir='ltr' id='par_1_6' title="bbox 352 1432 1956 1460">
     <span class='ocr_line' id='line_1_17' title="bbox 352 1432 1956 1460; baseline 0 1624"><span class='ocrx_word' id='word_1_116' title='bbox 352 1432 1956 1460; x_wconf 95' lang='lat' dir='ltr'><strong> </strong></span> 
     </span>
    </p>
   </div>
   <div class='ocr_carea' id='block_1_7' title="bbox 348 1511 2070 2690">
    <p class='ocr_par' dir='ltr' id='par_1_7' title="bbox 348 1511 2070 2540">
     <span class='ocr_line' id='line_1_18' title="bbox 351 1511 1957 1586; baseline 0 -20"><span class='ocrx_word' id='word_1_117' title='bbox 351 1529 504 1575; x_wconf 87' lang='lat' dir='ltr'><strong>mus,</strong></span> <span class='ocrx_word' id='word_1_118' title='bbox 548 1513 681 1582; x_wconf 84' lang='lat' dir='ltr'><strong>quia</strong></span> <span class='ocrx_word' id='word_1_119' title='bbox 701 1521 907 1568; x_wconf 79' lang='lat' dir='ltr'><strong>semota</strong></span> <span class='ocrx_word' id='word_1_120' title='bbox 935 1522 1065 1568; x_wconf 87' lang='lat' dir='ltr'><strong>sunt</strong></span> <span class='ocrx_word' id='word_1_121' title='bbox 1093 1531 1124 1568; x_wconf 82' lang='lat' dir='ltr'><strong>a</strong></span> <span class='ocrx_word' id='word_1_122' title='bbox 1152 1512 1507 1577; x_wconf 75' lang='lat' dir='ltr'><strong>visibilibus,</strong></span> <span class='ocrx_word' id='word_1_123' title='bbox 1551 1511 1778 1584; x_wconf 79' lang='lat' dir='ltr'><strong>expedit</strong></span> <span class='ocrx_word' id='word_1_124' title='bbox 1804 1513 1957 1586; x_wconf 83' lang='lat' dir='ltr'><strong>vigi-</strong></span> 
     </span>
     <span class='ocr_line' id='line_1_19' title="bbox 351 1587 1958 1660; baseline 0 -18"><span class='ocrx_word' id='word_1_125' title='bbox 351 1587 660 1644; x_wconf 83' lang='lat' dir='ltr'><strong>lantissime</strong></span> <span class='ocrx_word' id='word_1_126' title='bbox 688 1589 911 1644; x_wconf 82' lang='lat' dir='ltr'><strong>nomina</strong></span> <span class='ocrx_word' id='word_1_127' title='bbox 939 1597 1210 1654; x_wconf 80' lang='lat' dir='ltr'><strong>scrutare,</strong></span> <span class='ocrx_word' id='word_1_128' title='bbox 1254 1606 1357 1646; x_wconf 88' lang='lat' dir='ltr'><strong>nec</strong></span> <span class='ocrx_word' id='word_1_129' title='bbox 1386 1587 1625 1645; x_wconf 85' lang='lat' dir='ltr'><strong>alicuius</strong></span> <span class='ocrx_word' id='word_1_130' title='bbox 1664 1603 1958 1660; x_wconf 83' lang='lat' dir='ltr'><strong>nuncupa-</strong></span> 
     </span>
     <span class='ocr_line' id='line_1_20' title="bbox 349 1661 1961 1736; baseline -0.001 -17"><span class='ocrx_word' id='word_1_131' title='bbox 349 1664 518 1719; x_wconf 85' lang='lat' dir='ltr'><strong>tionis</strong></span> <span class='ocrx_word' id='word_1_132' title='bbox 539 1663 910 1720; x_wconf 87' lang='lat' dir='ltr'><strong>similitudine</strong></span> <span class='ocrx_word' id='word_1_133' title='bbox 928 1663 1049 1721; x_wconf 79' lang='lat' dir='ltr'><strong>falli</strong></span> <span class='ocrx_word' id='word_1_134' title='bbox 1066 1706 1079 1728; x_wconf 87' lang='lat'>‚</span> <span class='ocrx_word' id='word_1_135' title='bbox 1110 1681 1349 1736; x_wconf 90' lang='lat' dir='ltr'><strong>quorum</strong></span> <span class='ocrx_word' id='word_1_136' title='bbox 1366 1663 1650 1720; x_wconf 87' lang='lat' dir='ltr'><strong>distinctio</strong></span> <span class='ocrx_word' id='word_1_137' title='bbox 1668 1671 1723 1719; x_wconf 88' lang='lat' dir='ltr'><strong>et</strong></span> <span class='ocrx_word' id='word_1_138' title='bbox 1742 1661 1961 1718; x_wconf 86' lang='lat' dir='ltr'><strong>discre-</strong></span> 
     </span>
     <span class='ocr_line' id='line_1_21' title="bbox 349 1737 1955 1806; baseline -0.001 -12"><span class='ocrx_word' id='word_1_139' title='bbox 349 1741 428 1795; x_wconf 87' lang='lat' dir='ltr'><strong>tio</strong></span> <span class='ocrx_word' id='word_1_140' title='bbox 447 1738 813 1798; x_wconf 81' lang='lat' dir='ltr'><strong>differentiam</strong></span> <span class='ocrx_word' id='word_1_141' title='bbox 831 1757 1014 1796; x_wconf 88' lang='lat' dir='ltr'><strong>rerum</strong></span> <span class='ocrx_word' id='word_1_142' title='bbox 1035 1739 1297 1796; x_wconf 74' lang='lat' dir='ltr'><strong>declarat.</strong></span> <span class='ocrx_word' id='word_1_143' title='bbox 1350 1739 1445 1798; x_wconf 84' lang='lat' dir='ltr'><strong>Sic</strong></span> <span class='ocrx_word' id='word_1_144' title='bbox 1464 1747 1519 1794; x_wconf 85' lang='lat' dir='ltr'><strong>et</strong></span> <span class='ocrx_word' id='word_1_145' title='bbox 1535 1737 1700 1806; x_wconf 84' lang='lat' dir='ltr'><strong>modo</strong></span> <span class='ocrx_word' id='word_1_146' title='bbox 1726 1738 1955 1804; x_wconf 67' lang='lat' dir='ltr'><strong>condor,</strong></span> 
     </span>
     <span class='ocr_line' id='line_1_22' title="bbox 349 1814 1959 1888; baseline -0.001 -18"><span class='ocrx_word' id='word_1_147' title='bbox 349 1833 518 1888; x_wconf 89' lang='lat' dir='ltr'><strong>quem</strong></span> <span class='ocrx_word' id='word_1_148' title='bbox 538 1817 696 1873; x_wconf 86' lang='lat' dir='ltr'><strong>aiunt</strong></span> <span class='ocrx_word' id='word_1_149' title='bbox 711 1833 834 1873; x_wconf 82' lang='lat' dir='ltr'><strong>esse</strong></span> <span class='ocrx_word' id='word_1_150' title='bbox 854 1816 1060 1880; x_wconf 70' lang='lat' dir='ltr'><strong>Laberi,</strong></span> <span class='ocrx_word' id='word_1_151' title='bbox 1090 1815 1333 1888; x_wconf 77' lang='lat' dir='ltr'><strong>perfecta</strong></span> <span class='ocrx_word' id='word_1_152' title='bbox 1354 1814 1709 1882; x_wconf 64' lang='lat' dir='ltr'><strong>translatione</strong></span> <span class='ocrx_word' id='word_1_153' title='bbox 1730 1814 1959 1869; x_wconf 82' lang='lat' dir='ltr'><strong>lucidus</strong></span> 
     </span>
     <span class='ocr_line' id='line_1_23' title="bbox 348 1889 1964 1964; baseline -0.001 -19"><span class='ocrx_word' id='word_1_154' title='bbox 348 1892 438 1947; x_wconf 84' lang='lat' dir='ltr'><strong>vel</strong></span> <span class='ocrx_word' id='word_1_155' title='bbox 469 1892 798 1964; x_wconf 81' lang='lat' dir='ltr'><strong>splendens:</strong></span> <span class='ocrx_word' id='word_1_156' title='bbox 841 1891 930 1948; x_wconf 88' lang='lat' dir='ltr'><strong>sin</strong></span> <span class='ocrx_word' id='word_1_157' title='bbox 956 1909 1088 1948; x_wconf 85' lang='lat' dir='ltr'><strong>vero</strong></span> <span class='ocrx_word' id='word_1_158' title='bbox 1114 1891 1423 1948; x_wconf 83' lang='lat' dir='ltr'><strong>secundum</strong></span> <span class='ocrx_word' id='word_1_159' title='bbox 1440 1889 1693 1946; x_wconf 80' lang='lat' dir='ltr'><strong>visibilia</strong></span> <span class='ocrx_word' id='word_1_160' title='bbox 1708 1897 1964 1945; x_wconf 80' lang='lat' dir='ltr'><strong>transtu-</strong></span> 
     </span>
     <span class='ocr_line' id='line_1_24' title="bbox 349 1964 1963 2032; baseline -0.002 -10"><span class='ocrx_word' id='word_1_161' title='bbox 349 1967 482 2022; x_wconf 89' lang='lat' dir='ltr'><strong>leris</strong></span> <span class='ocrx_word' id='word_1_162' title='bbox 497 2007 510 2031; x_wconf 89' lang='lat'>‚</span> <span class='ocrx_word' id='word_1_163' title='bbox 553 1983 752 2024; x_wconf 85' lang='lat' dir='ltr'><strong>nomen</strong></span> <span class='ocrx_word' id='word_1_164' title='bbox 779 1967 1062 2032; x_wconf 81' lang='lat' dir='ltr'><strong>candoris,</strong></span> <span class='ocrx_word' id='word_1_165' title='bbox 1106 1967 1211 2023; x_wconf 89' lang='lat' dir='ltr'><strong>hoc</strong></span> <span class='ocrx_word' id='word_1_166' title='bbox 1236 1975 1347 2031; x_wconf 83' lang='lat' dir='ltr'><strong>est,</strong></span> <span class='ocrx_word' id='word_1_167' title='bbox 1390 1965 1723 2021; x_wconf 77' lang='lat' dir='ltr'><strong>albescentis</strong></span> <span class='ocrx_word' id='word_1_168' title='bbox 1752 1964 1963 2022; x_wconf 87' lang='lat' dir='ltr'><strong>coloris</strong></span> 
     </span>
     <span class='ocr_line' id='line_1_25' title="bbox 348 2039 1968 2116; baseline -0.001 -20"><span class='ocrx_word' id='word_1_169' title='bbox 348 2041 650 2108; x_wconf 85' lang='lat' dir='ltr'><strong>indicium,</strong></span> <span class='ocrx_word' id='word_1_170' title='bbox 693 2053 755 2100; x_wconf 92' lang='lat' dir='ltr'><strong>ut</strong></span> <span class='ocrx_word' id='word_1_171' title='bbox 779 2044 958 2100; x_wconf 88' lang='lat' dir='ltr'><strong>solent</strong></span> <span class='ocrx_word' id='word_1_172' title='bbox 987 2044 1227 2116; x_wconf 86' lang='lat' dir='ltr'><strong>pictores</strong></span> <span class='ocrx_word' id='word_1_173' title='bbox 1248 2059 1319 2098; x_wconf 86' lang='lat' dir='ltr'><strong>ex</strong></span> <span class='ocrx_word' id='word_1_174' title='bbox 1344 2041 1580 2098; x_wconf 82' lang='lat' dir='ltr'><strong>candore</strong></span> <span class='ocrx_word' id='word_1_175' title='bbox 1604 2039 1857 2096; x_wconf 78' lang='lat' dir='ltr'><strong>colorum</strong></span> <span class='ocrx_word' id='word_1_176' title='bbox 1878 2039 1968 2095; x_wconf 82' lang='lat' dir='ltr'><strong>fa-</strong></span> 
     </span>
     <span class='ocr_line' id='line_1_26' title="bbox 349 2115 2070 2194; baseline -0.002 -22"><span class='ocrx_word' id='word_1_177' title='bbox 349 2119 491 2173; x_wconf 89' lang='lat' dir='ltr'><strong>ciem</strong></span> <span class='ocrx_word' id='word_1_178' title='bbox 513 2121 824 2192; x_wconf 80' lang='lat' dir='ltr'><strong>exprimere</strong></span> <span class='ocrx_word' id='word_1_179' title='bbox 844 2119 1287 2174; x_wconf 69' lang='lat' dir='ltr'><strong>interno-minim</strong></span> <span class='ocrx_word' id='word_1_180' title='bbox 1346 2115 1445 2192; x_wconf 85' lang='lat' dir='ltr'><strong>[Ita</strong></span> <span class='ocrx_word' id='word_1_181' title='bbox 1465 2116 1631 2173; x_wconf 80' lang='lat' dir='ltr'><strong>etiam</strong></span> <span class='ocrx_word' id='word_1_182' title='bbox 1649 2116 1833 2180; x_wconf 79' lang='lat' dir='ltr'><strong>Isaac,</strong></span> <span class='ocrx_word' id='word_1_183' title='bbox 1858 2117 1968 2186; x_wconf 88' lang='lat' dir='ltr'><strong>qui</strong></span> <span class='ocrx_word' id='word_1_184' title='bbox 2069 2169 2070 2194; x_wconf 24' lang='grc' dir='ltr'>ἢ</span> 
     </span>
     <span class='ocr_line' id='line_1_27' title="bbox 348 2191 1971 2265; baseline -0.002 -17"><span class='ocrx_word' id='word_1_185' title='bbox 348 2193 554 2250; x_wconf 85' lang='lat' dir='ltr'><strong>dicitur</strong></span> <span class='ocrx_word' id='word_1_186' title='bbox 572 2196 718 2249; x_wconf 82' lang='lat' dir='ltr'><strong>risus</strong></span> <span class='ocrx_word' id='word_1_187' title='bbox 732 2235 745 2257; x_wconf 83' lang='lat'><strong>‚</strong></span> <span class='ocrx_word' id='word_1_188' title='bbox 787 2193 1024 2265; x_wconf 75' lang='lat' dir='ltr'><strong>perfecte</strong></span> <span class='ocrx_word' id='word_1_189' title='bbox 1046 2194 1402 2250; x_wconf 79' lang='lat' dir='ltr'><strong>translatione</strong></span> <span class='ocrx_word' id='word_1_190' title='bbox 1420 2209 1650 2248; x_wconf 86' lang='lat' dir='ltr'><strong>serenus</strong></span> <span class='ocrx_word' id='word_1_191' title='bbox 1669 2199 1840 2263; x_wconf 78' lang='lat' dir='ltr'><strong>atque</strong></span> <span class='ocrx_word' id='word_1_192' title='bbox 1872 2191 1971 2246; x_wconf 88' lang='lat' dir='ltr'><strong>lu·-</strong></span> 
     </span>
     <span class='ocr_line' id='line_1_28' title="bbox 349 2266 978 2343; baseline 0 -21"><span class='ocrx_word' id='word_1_193' title='bbox 349 2269 510 2324; x_wconf 84' lang='lat' dir='ltr'><strong>cidus</strong></span> <span class='ocrx_word' id='word_1_194' title='bbox 535 2266 910 2343; x_wconf 70' lang='lat' dir='ltr'><strong>intelligitur]</strong></span> <span class='ocrx_word' id='word_1_195' title='bbox 925 2267 978 2341; x_wconf 82' lang='lat'><strong>*)</strong></span> 
     </span>
     <span class='ocr_line' id='line_1_29' title="bbox 487 2388 1823 2454; baseline -0.001 -14"><span class='ocrx_word' id='word_1_196' title='bbox 487 2389 618 2446; x_wconf 76' lang='lat' dir='ltr'><strong>Quid</strong></span> <span class='ocrx_word' id='word_1_197' title='bbox 649 2400 718 2440; x_wconf 80' lang='lat' dir='ltr'><strong>est</strong></span> <span class='ocrx_word' id='word_1_198' title='bbox 751 2388 995 2452; x_wconf 78' lang='lat' dir='ltr'><strong>„Audivit</strong></span> <span class='ocrx_word' id='word_1_199' title='bbox 1028 2388 1181 2438; x_wconf 65' lang='lat' dir='ltr'><strong>Iacob</strong></span> <span class='ocrx_word' id='word_1_200' title='bbox 1210 2399 1398 2454; x_wconf 79' lang='lat' dir='ltr'><strong>patrem</strong></span> <span class='ocrx_word' id='word_1_201' title='bbox 1434 2398 1481 2437; x_wconf 81' lang='lat' dir='ltr'><strong>et</strong></span> <span class='ocrx_word' id='word_1_202' title='bbox 1512 2400 1731 2454; x_wconf 77' lang='lat' dir='ltr'><strong>matrem,</strong></span> <span class='ocrx_word' id='word_1_203' title='bbox 1772 2399 1823 2439; x_wconf 76' lang='lat' dir='ltr'><strong>et</strong></span> 
     </span>
     <span class='ocr_line' id='line_1_30' title="bbox 731 2455 1559 2540; baseline 0.001 -34"><span class='ocrx_word' id='word_1_204' title='bbox 731 2457 950 2522; x_wconf 63' lang='lat' dir='ltr'><strong>perressit</strong></span> <span class='ocrx_word' id='word_1_205' title='bbox 989 2457 1041 2506; x_wconf 77' lang='lat' dir='ltr'><strong>in</strong></span> <span class='ocrx_word' id='word_1_206' title='bbox 1073 2455 1559 2540; x_wconf 59' lang='lat' dir='ltr'><strong>Mesppotamiam“?</strong></span> 
     </span>
    </p>

    <p class='ocr_par' dir='ltr' id='par_1_8' title="bbox 458 2543 1977 2614">
     <span class='ocr_line' id='line_1_31' title="bbox 458 2543 1977 2614; baseline -0.001 -16"><span class='ocrx_word' id='word_1_207' title='bbox 458 2545 578 2598; x_wconf 74' lang='lat'><strong>244.</strong></span> <span class='ocrx_word' id='word_1_208' title='bbox 620 2543 899 2599; x_wconf 82' lang='lat' dir='ltr'><strong>Laudetur</strong></span> <span class='ocrx_word' id='word_1_209' title='bbox 917 2544 1085 2599; x_wconf 87' lang='lat' dir='ltr'><strong>etiam</strong></span> <span class='ocrx_word' id='word_1_210' title='bbox 1104 2545 1336 2599; x_wconf 84' lang='lat' dir='ltr'><strong>oratoria</strong></span> <span class='ocrx_word' id='word_1_211' title='bbox 1356 2560 1484 2614; x_wconf 69' lang='lat' dir='ltr'><strong>pars</strong></span> <span class='ocrx_word' id='word_1_212' title='bbox 1500 2585 1513 2608; x_wconf 88' lang='lat'>‚</span> <span class='ocrx_word' id='word_1_213' title='bbox 1544 2560 1689 2614; x_wconf 81' lang='lat' dir='ltr'><strong>quae</strong></span> <span class='ocrx_word' id='word_1_214' title='bbox 1708 2543 1977 2598; x_wconf 88' lang='lat' dir='ltr'><strong>continet</strong></span> 
     </span>
    </p>

    <p class='ocr_par' dir='ltr' id='par_1_9' title="bbox 348 2614 1977 2690">
     <span class='ocr_line' id='line_1_32' title="bbox 348 2614 1977 2690; baseline 0.004 -24"><span class='ocrx_word' id='word_1_215' title='bbox 348 2614 526 2668; x_wconf 83' lang='lat' dir='ltr'><strong>filium</strong></span> <span class='ocrx_word' id='word_1_216' title='bbox 547 2634 668 2672; x_wconf 89' lang='lat' dir='ltr'><strong>esse</strong></span> <span class='ocrx_word' id='word_1_217' title='bbox 689 2617 876 2689; x_wconf 60' lang='lat' dir='ltr'><strong>(mam-9.</strong></span> <span class='ocrx_word' id='word_1_218' title='bbox 899 2618 1030 2690; x_wconf 88' lang='lat' dir='ltr'><strong>isse)</strong></span> <span class='ocrx_word' id='word_1_219' title='bbox 1057 2617 1406 2673; x_wconf 84' lang='lat' dir='ltr'><strong>obedientem</strong></span> <span class='ocrx_word' id='word_1_220' title='bbox 1433 2619 1684 2690; x_wconf 87' lang='lat' dir='ltr'><strong>utrisque</strong></span> <span class='ocrx_word' id='word_1_221' title='bbox 1702 2619 1977 2690; x_wconf 82' lang='lat' dir='ltr'><strong>parenti-</strong></span> 
     </span>
    </p>
   </div>
   <div class='ocr_carea' id='block_1_8' title="bbox 347 2713 766 2726">
    <p class='ocr_par' dir='ltr' id='par_1_10' title="bbox 347 2713 766 2726">
     <span class='ocr_line' id='line_1_33' title="bbox 347 2713 766 2726; baseline 0 358"><span class='ocrx_word' id='word_1_222' title='bbox 347 2713 766 2726; x_wconf 95' lang='lat' dir='ltr'><strong> </strong></span> 
     </span>
    </p>
   </div>
   <div class='ocr_carea' id='block_1_9' title="bbox 450 2735 2070 2820">
    <p class='ocr_par' dir='ltr' id='par_1_11' title="bbox 450 2735 2070 2820">
     <span class='ocr_line' id='line_1_34' title="bbox 450 2735 2070 2820; baseline 0.019 -31"><span class='ocrx_word' id='word_1_223' title='bbox 450 2753 492 2798; x_wconf 80' lang='lat'><strong>*)</strong></span> <span class='ocrx_word' id='word_1_224' title='bbox 543 2753 674 2794; x_wconf 81' lang='lat' dir='ltr'><strong>Uncis</strong></span> <span class='ocrx_word' id='word_1_225' title='bbox 701 2759 867 2796; x_wconf 73' lang='lat' dir='ltr'><strong>inclusa</strong></span> <span class='ocrx_word' id='word_1_226' title='bbox 894 2759 1049 2798; x_wconf 83' lang='lat' dir='ltr'><strong>desunt</strong></span> <span class='ocrx_word' id='word_1_227' title='bbox 1076 2760 1119 2796; x_wconf 87' lang='lat' dir='ltr'><strong>in</strong></span> <span class='ocrx_word' id='word_1_228' title='bbox 1146 2757 1263 2800; x_wconf 80' lang='lat' dir='ltr'><strong>Arm.</strong></span> <span class='ocrx_word' id='word_1_229' title='bbox 1966 2735 1997 2788; x_wconf 44' lang='lat' dir='ltr'><strong>&#39;j</strong></span> <span class='ocrx_word' id='word_1_230' title='bbox 2068 2787 2070 2820; x_wconf 58' lang='lat' dir='ltr'><strong>l</strong></span> 
     </span>
    </p>
   </div>
  </div>
 </body>
</html>
