2125 3084
366 162 459 214 ⁴00
790 168 1157 214 rmnoms
1203 167 1474 215 mnam
1749 162 1828 228 [1,
1855 166 2008 232 1⁰3]

362 268 707 340 acquiescere
738 266 945 323 malum
960 309 972 332 ‚
1018 266 1118 323 sed
1143 266 1391 339 procedit
1409 268 1584 339 magis
1605 284 1672 323 ac
1692 270 1907 343 magis
1931 273 2000 326 in

360 350 713 418 augmentum
730 342 1007 398 infinitum
1024 341 1639 413 indeterminatamque.

470 472 557 523 94.
596 468 815 523 Talisne
842 468 915 522 sit
942 476 1156 523 curator
1183 475 1366 521 noster
1395 483 1458 521 ac
1484 466 1816 539 inspector?
1879 470 1988 523 Di-

357 560 456 598 ves
492 544 660 597 miser
698 541 883 598 evadit
920 558 991 597 ex
1036 541 1443 613 multiplicibus
1491 543 1677 597 causis
1720 559 1983 599 concur-

360 618 635 673 rentibus:
696 618 840 672 siout
875 615 1168 671 nonnullos
1205 617 1322 671 ursi
1360 615 1661 680 invadunt,
1711 626 1818 673 aut
1848 621 1978 690 apri

361 700 455 748 aut
482 692 667 749 leones
692 699 789 747 aut
814 691 955 746 aliae
974 690 1122 747 ferae
1141 690 1451 759 silvestres3
1504 699 1560 747 et
1577 700 1706 763 post
1725 692 1874 747 haee
1894 694 1977 747 il-

361 768 477 822 lum
512 766 831 839 putabimus
866 765 1106 839 cogitare
1133 766 1373 821 maxime
1403 764 1472 820 de
1501 774 1690 823 nostro
1717 766 1974 839 genere?

358 842 557 898 Melius
576 840 817 912 profecto
835 857 934 913 per
958 842 1144 897 Iovem
1170 839 1286 895 illis
1315 839 1594 895 attendere
1621 841 1812 905 liceat,
1851 843 1963 912 qui

358 934 429 971 ex
448 917 769 988 insipientia
787 916 1115 973 arbitrentur
1129 956 1142 979 ,
1181 913 1316 971 haec
1343 916 1644 972 animantia
1669 933 1770 987 pro
1791 933 1957 971 exer-

358 992 615 1048 citatione
634 992 919 1047 hominum
938 1000 1188 1045 namram
1205 1007 1522 1062 procreasse
1533 1030 1548 1055 ‚
1581 998 1644 1047 ut
1663 990 1952 1047 firmaren-

358 1076 447 1121 tur
464 1067 683 1131 robore;
712 1063 786 1140 [⁴⁵]
808 1064 1256 1139 quandoquidem
1273 1082 1414 1137 quos
1432 1066 1658 1137 praevia
1679 1068 1952 1123 exercita-

292 1200 299 1205 ,
356 1143 507 1195 tione
534 1142 827 1197 instructos
854 1139 1072 1205 vident,
1111 1141 1262 1211 ipsos
1289 1140 1487 1195 timent
1517 1139 1944 1213 aufugiuntque,

356 1231 529 1285 quum
566 1216 626 1269 in
664 1216 951 1271 venatione
989 1223 1042 1270 et
1071 1214 1130 1269 in
1155 1214 1468 1270 obviatione
1493 1225 1812 1271 occurrunt.
1888 1216 1946 1271 In

360 1306 453 1344 eos
482 1306 613 1344 vero
639 1291 739 1361 qui
758 1290 935 1345 solent
954 1306 1112 1363 agros
1131 1288 1308 1345 colere
1327 1298 1382 1344 et
1399 1290 1760 1361 tranquillam
1779 1292 1944 1347 vitam

359 1380 611 1419 exercere
627 1404 639 1427 ‚
672 1381 852 1434 neque
874 1364 1173 1421 maioribus
1201 1362 1424 1419 student
1441 1364 1637 1429 rebus,
1669 1366 1731 1419 in
1751 1365 1942 1423 huius-

356 1436 505 1491 modi
528 1438 821 1497 certamine
840 1439 1150 1509 periouloso
1168 1440 1385 1495 irruunt
1401 1446 1456 1497 et
1480 1439 1838 1497 insidiantur.

468 1564 553 1617 92.
598 1560 719 1616 Sint
738 1570 942 1627 tamen,
968 1564 1230 1638 agedum,
1255 1564 1402 1637 lupi,
1437 1566 1556 1637 apri
1577 1572 1632 1619 et
1653 1564 1838 1621 leones
1860 1567 1938 1619 in-

357 1644 649 1691 structores
680 1635 991 1703 hominum,
1034 1640 1412 1695 exercitabunt
1441 1640 1510 1694 ad
1535 1639 1706 1695 robur
1724 1656 1936 1712 corpora

356 1721 565 1781 nostra3
627 1729 761 1767 num
791 1713 955 1768 etiam
983 1716 1206 1787 viperae
1231 1723 1286 1769 et
1313 1714 1562 1769 basilisci
1601 1716 1934 1787 scorpiones-

358 1805 467 1860 que
487 1796 540 1842 et
560 1796 769 1843 caetera
790 1787 1146 1844 huiusmodi?
1199 1789 1347 1855 Ouid
1372 1793 1520 1844 enim
1540 1798 1784 1861 praestat
1799 1807 1936 1845 scor-

358 1864 450 1934 pio
489 1864 593 1919 sub
634 1861 853 1934 lapide?
906 1864 974 1919 Et
1000 1880 1144 1935 quae
1171 1865 1277 1920 alia
1307 1864 1753 1920 veneniferorum
1779 1866 1934 1919 innu-

358 1954 505 1991 mera
540 1946 669 1993 sunt
706 1954 931 2010 genera,
980 1955 1080 2010 pro
1116 1940 1504 1995 exercitatione
1540 1938 1756 1994 [actone
1783 1936 1932 1993 sunt?

358 2012 802 2083 quandoquidem
842 2030 948 2068 non
986 2015 1172 2085 ipsum
1210 2014 1629 2085 praeexsistens·
1649 2014 1820 2073 robur
1850 2029 1930 2067 so-
2049 2030 2051 2115 4

360 2085 491 2149 lum,
514 2102 706 2140 verum
730 2088 893 2142 etiam
914 2088 1285 2143 valetudinem
1307 2087 1594 2143 destruunt
1612 2088 1927 2160 explodunt-

358 2176 492 2231 que‚
534 2162 645 2215 imo
682 2162 919 2233 amplius
957 2164 1136 2233 ipsam
1165 2164 1336 2219 vitam
1374 2162 1732 2227 abscindunt,
1773 2162 1927 2217 mole-
2049 2118 2051 2229 i

358 2243 468 2289 stos
490 2252 551 2289 ac
571 2250 763 2290 saevos
792 2236 1005 2291 dolores
1033 2237 1366 2293 inducendo.
1443 2237 1752 2302 Praeterea,
1791 2234 1922 2308 quod
2049 2238 2051 2273 ³

357 2314 535 2381 magis
552 2326 713 2365 curae
733 2326 855 2365 esse
871 2312 1036 2367 debet
1062 2311 1382 2367 hominibus
1395 2352 1408 2378 ,
1451 2328 1634 2366 nonne
1651 2311 1923 2384 oportebat

355 2386 661 2452 perniciosa
682 2384 843 2457 longe
871 2386 1062 2457 procul
1095 2386 1384 2451 collocare,
1427 2386 1586 2441 utilia
1615 2394 1797 2441 autem
1820 2385 1920 2441 sola

356 2458 537 2510 vicina
559 2458 717 2511 nobis
746 2460 904 2513 esse‘?
958 2462 1207 2515 Attamen
1227 2462 1448 2517 omnino
1467 2461 1798 2517 contrarium
1813 2476 1920 2515 cer-

356 2528 531 2607 nitur,
564 2533 697 2599 quia
718 2548 969 2604 capreae,
1004 2536 1152 2589 cervi
1176 2544 1230 2590 et
1249 2536 1459 2607 lepores
1478 2535 1673 2606 procul
1692 2553 1727 2590 a
1745 2536 1922 2591 civita-

352 2596 503 2649 tibus
533 2603 753 2671 expulsi
786 2616 917 2661 sunt
930 2648 942 2671 ‚
982 2609 1300 2665 venenifera
1325 2626 1454 2665 vero
1475 2626 1537 2663 ac
1552 2610 1788 2668 exitiosa
1803 2625 1921 2665 coa·-

354 2666 484 2719 ferta
506 2675 709 2727 suntin
731 2680 970 2749 singulis
988 2682 1246 2739 domibus
1262 2726 1274 2747 ‚
1317 2686 1374 2739 in
1402 2683 1560 2739 cellis
1588 2683 1820 2740 internis
1843 2687 1922 2739 in-
