2125 3084
302 166 396 219 {78
531 172 730 217 PHIL.
767 170 920 218 IUD.
965 172 1289 231 QUAEST.
1326 174 1425 217 ET
1466 174 1630 219 SOL.
1669 168 1755 233 [11,
1784 172 1907 236 364]

297 272 472 335 trahi,
516 287 664 325 nunc
692 289 764 326 ex
793 272 1027 327 adverso
1059 290 1093 326 a
1122 274 1351 327 veritate
1380 271 1623 327 retrahi?
1684 274 1911 329 Etenim

301 346 637 417 ambiguitas
663 348 865 401 mentis
893 346 1217 417 imperfecta
1247 355 1300 400 et
1328 347 1526 401 clauda
1552 356 1636 401 est
1654 365 1905 419 semper3

299 420 449 492 quod
471 422 522 475 si
546 429 793 492 oporteat
818 438 949 475 vero
976 423 1307 493 proprioque
1335 423 1561 477 nomine
1590 423 1701 486 uti,
1745 441 1911 479 caeca

299 513 522 567 quoque
566 504 670 550 est.
768 496 1157 551 Verumtamen
1198 496 1425 567 expedit
1463 496 1746 552 oculatum
1784 515 1911 553 esse

300 570 599 643 aliquando
630 578 685 625 et
714 579 938 625 acutum
966 572 1096 624 visu
1126 570 1196 624 ad
1224 578 1429 625 certam
1456 572 1911 642 comprehensio-

301 664 427 701 nem
455 646 719 701 scientiae
750 645 882 700 boni
903 652 955 699 et
975 644 1134 699 mali:
1187 645 1320 715 quia
1340 646 1633 716 utriusque
1654 655 1909 702 naturam

300 723 576 795 attingens
606 721 888 791 quispiam
918 729 1083 791 atque
1110 719 1355 774 salutans
1385 728 1439 775 et
1464 719 1643 775 obiter
1682 719 1901 785 videns,

300 812 685 867 unum-eorum
703 795 998 866 suscipiat,
1032 793 1267 849 alterum
1288 795 1457 850 evitet
1476 812 1704 851 necesse
1724 803 1825 850 est.

461 950 592 1009 Quid
625 960 692 1000 est
729 950 874 1014 „Ivit
915 950 1211 1015 inter-roqare
1247 965 1282 999 α
1318 949 1503 1000 domino
1521 953 1587 999 “2
1632 952 1751 1015 (ib.)

420 1074 533 1125 ⁴56.
607 1070 986 1142 Superborum
1025 1071 1509 1139 arrogantiumque
1549 1070 1904 1140 reprehensio

303 1153 386 1201 est
405 1146 640 1201 verbum
666 1146 798 1210 hoc,
840 1145 1052 1216 quippe
1074 1144 1172 1214 qui
1199 1140 1272 1217 [³⁵]
1297 1143 1439 1198 nihil
1461 1145 1700 1199 scientes
1719 1147 1905 1199 omnia

301 1239 360 1276 se
383 1222 525 1275 scire
545 1219 840 1286 fateantur5
883 1227 936 1273 et
956 1218 1035 1273 nil
1059 1217 1212 1273 aliud
1232 1218 1461 1289 pudoris
1482 1236 1545 1273 ac
1565 1220 1907 1292 ignominiae

301 1313 423 1351 esse
445 1303 688 1357 censent,
713 1310 882 1364 quam
903 1292 1234 1363 disquirere,
1261 1292 1514 1348 dubitare
1536 1302 1589 1348 et
1609 1295 1903 1349 sciscitari.

300 1370 643 1441 Quapropter
681 1384 879 1439 magno
918 1367 1018 1421 illo
1055 1368 1247 1423 morbo
1286 1369 1596 1440 imperitiae
1626 1382 1807 1440 usque
1838 1370 1907 1423 ad

303 1679 453 1733 enim
473 1678 674 1732 mentis
695 1674 1016 1749 imperfecta
1039 1684 1093 1731 et
1114 1676 1329 1731 clauda.
1393 1677 1461 1731 Et
1480 1679 1531 1731 si
1547 1684 1759 1748 oportet
1778 1694 1913 1748 pro-

301 1754 440 1826 priis
468 1761 523 1808 et
550 1751 738 1825 (mary.
763 1749 842 1823 ut)
871 1751 1187 1815 revocabis,
1232 1769 1391 1806 caeca
1422 1762 1523 1806 est.
1602 1752 1760 1807 Unde
1788 1768 1912 1805 me—

303 1832 414 1885 lius
436 1838 519 1884 est
539 1827 728 1884 oculos
748 1828 948 1882 mentis
971 1828 1271 1890 instruere,
1297 1837 1351 1881 et
1373 1828 1587 1881 acutius
1608 1843 1800 1880 semen
1820 1845 1912 1881 re-

304 1902 652 1976 ventatem(‘?)
667 1903 811 1957 malo
833 1921 895 1957 ac
916 1903 1059 1958 bono
1082 1903 1417 1971 examinat03
1446 1903 1737 1973 utriusque
1758 1903 1911 1956 enim

305 1989 529 2034 naturae
559 1980 848 2049 amplexus
865 2019 877 2042 ,
922 1979 1112 2049 quivis
1140 1986 1192 2033 et
1213 1978 1457 2049 simplici
1480 1986 1661 2034 mente
1682 1976 1906 2042 ductuS‚

303 2070 476 2107 unum
501 2053 736 2121 appetit,
770 2052 1004 2107 alterum
1025 2061 1272 2108 excusat.

409 2204 539 2264 Quid
591 2215 660 2255 est
718 2205 989 2269 „Perrexit
1043 2210 1338 2273 interroyare
1395 2226 1426 2257 a
1482 2209 1667 2258 domino
1722 2209 1817 2257 elo-

918 2276 1074 2337 quium
1116 2276 1217 2326 Dei
1229 2278 1295 2325 “2

423 2388 536 2440 ⁴56.
588 2384 919 2455 Superbiam
945 2385 1173 2457 corripit
1201 2405 1299 2457 pro
1329 2390 1437 2452 eiS‚
1480 2388 1581 2459 qui
1616 2404 1677 2441 se
1715 2385 1916 2442 dicunt

307 2459 522 2530 aliquid
554 2476 742 2523 nosse,
787 2475 926 2530 quos
957 2460 1099 2513 nihil
1130 2462 1367 2516 scientes
1396 2462 1571 2533 pudet
1604 2464 1909 2533 requirere,

307 2534 668 2605 interrogare,
713 2541 976 2587 scrutare.
1057 2536 1123 2587 Hi
1147 2537 1309 2589 etiam
1331 2538 1657 2608 languorum
1680 2538 1917 2607 imperi—-

307 2607 410 2668 tia,
453 2624 630 2677 usque
661 2608 720 2661 in
749 2609 1045 2662 terminum
1076 2609 1221 2663 vitae
1253 2619 1593 2681 aegrotantes
1628 2612 1917 2667 medicum

309 2695 417 2731 non
443 2682 784 2750 suscipiunt,
834 2699 864 2735 a
893 2698 1003 2752 quo
1024 2680 1288 2737 facillime
1310 2686 1481 2739 curati
1506 2686 1627 2739 sani
1651 2684 1914 2743 fuissent.

2032 24 2075 108 Ἰ
2095 24 2096 33 ,

2059 197 2084 264 '2
