2125 3084
309 155 407 210 412
762 157 1130 206 PHILONIS
1167 157 1442 204 IUDAEI
1677 156 1767 224 [IL
1793 163 1922 228 5700]

308 259 521 314 bellum
552 259 700 313 enim
730 258 1078 314 committunt
1113 273 1220 313 non
1261 249 1428 313 armis
1465 275 1650 332 neque
1689 263 1920 322 heroica

308 334 598 398 virilitate,
640 332 739 388 sed
768 341 851 386 est
879 333 999 388 eius
1030 332 1217 386 vultus
1235 350 1412 397 arma,
1453 333 1681 406 gladius
1703 357 1913 407 sermo,

312 408 552 464 adulatio
582 415 635 463 et
664 406 965 484 blanditiae
986 405 1231 462 flamma:
1275 408 1422 479 quod
1441 417 1628 464 autem
1646 412 1919 485 inopina-

308 494 426 539 tum
454 501 586 556 prae
611 482 868 538 omnibus
897 491 1005 546 est,
1048 484 1307 546 vincunt,
1351 500 1522 555 quum
1548 500 1750 557 pacem
1780 507 1915 546 cum

309 561 383 614 iis
401 561 651 624 inimus..
706 557 862 624 Quod
884 558 932 611 si
952 575 1175 611 rursum
1197 573 1358 630 aegre
1378 575 1468 613 eas
1488 558 1731 615 feramus
1745 603 1758 625 ,
1801 566 1914 619 ite-

310 651 433 688 rum
460 635 763 699 vincimus;
808 632 895 686 sin
925 641 1108 688 autem
1137 632 1383 704 placidas
1413 649 1476 687 ac
1503 629 1911 706 gratas‘existi-

308 725 548 772 memuS‚
598 708 996 764 convincimur.
1073 708 1310 762 Maxime
1338 708 1592 779 quidem,
1634 711 1767 781 quia
1795 715 1904 767 etsi

312 786 461 839 omni
480 784 589 840 telo
608 783 907 840 velociores
928 783 1039 837 sint
1054 781 1124 836 ad
1142 783 1549 838 vulnerandum
1563 826 1576 849 ,
1593 802 1696 840 non
1717 794 1900 841 tamen

310 860 585 916 nolentem
610 865 841 930 possunt
866 857 1055 926 ferire3
1111 873 1264 912 cassa
1293 859 1444 914 enim
1473 867 1528 914 et
1546 861 1728 915 inania
1750 878 1905 916 com-

308 937 599 1007 periuntur
633 951 821 988 earum
856 932 991 996 tela,
1042 933 1092 986 si
1131 949 1240 989 non
1281 948 1602 989 moveamus
1639 936 1708 990 de
1743 937 1902 992 nobis

307 1011 447 1082 ipsis
468 1010 854 1079 irritemusque
874 1025 967 1063 eas
986 1022 1155 1079 super
1171 1025 1293 1062 nos.
1353 1007 1674 1076 Quomodo?
1711 1012 1905 1067 Venit-

306 1103 378 1140 ne
396 1087 457 1139 in
474 1091 828 1156 conspectum
844 1082 1134 1138 muliebris
1155 1083 1344 1142 vultus
1366 1083 1657 1156 fulgidus?
1692 1087 1906 1142 Instru-

307 1169 555 1216 mentum
582 1159 718 1215 belli
749 1175 985 1214 vacuum
1014 1165 1100 1212 est
1127 1158 1258 1222 ista,
1282 1174 1456 1229 quum
1477 1159 1647 1229 iacet3
1673 1162 1723 1215 si
1744 1179 1907 1234 prae-

306 1244 481 1290 tereas
511 1252 631 1288 eam
660 1235 1012 1305 simpliciter,
1053 1233 1336 1288 transiisti.
1359 1234 1772 1300 invulneratus;
1817 1239 1905 1292 sin

309 1319 487 1364 autem
510 1307 786 1381 impingas
808 1319 861 1364 et
878 1309 1059 1381 erigas
1080 1307 1297 1363 vultum
1317 1309 1376 1362 in
1399 1308 1617 1366 vultum
1631 1350 1644 1374 ‚
1679 1319 1735 1378 et
1764 1311 1907 1368 facie

308 1383 503 1438 faciem
525 1382 706 1455 (velis)
731 1401 989 1456 superare
1010 1383 1260 1438 mulieris
1276 1423 1289 1448 ,
1331 1399 1404 1438 ex
1429 1383 1662 1440 adverso
1687 1395 1908 1442 contra-

306 1459 415 1512 rias
437 1457 669 1512 insidias
688 1457 831 1532 (tibi)
841 1458 1044 1530 parasti
1060 1459 1188 1514 eius
1207 1458 1602 1527 intensionem;
1627 1459 1726 1516 illa
1745 1479 1908 1516 nam·-

306 1550 415 1604 que
444 1533 611 1587 armis
638 1533 867 1589 vincens
896 1535 953 1589 in
982 1551 1078 1589 cor
1111 1550 1278 1588 suum
1305 1541 1538 1588 tractum
1569 1534 1661 1608 (te)
1692 1535 1904 1610 fixit*).

308 1609 401 1664 Sic
422 1609 606 1680 itaque
627 1625 775 1663 arma
796 1626 969 1666 vacua
990 1618 1045 1664 et
1062 1609 1256 1664 inanes
1277 1608 1452 1682 gladii
1473 1619 1620 1674 sunt,
1644 1617 1698 1666 et
1707 1627 1808 1668 nos
1823 1609 1900 1686 [¹²]

306 1701 639 1756 usurpamus
658 1701 722 1740 ea
741 1693 925 1740 contra
944 1701 1043 1740 nos
1067 1684 1245 1756 ipsoS,
1273 1685 1418 1740 ultro
1444 1684 1526 1739 eis
1545 1684 1751 1742 induti.

416 1814 502 1866 35.
552 1812 721 1866 Nemo
750 1819 931 1868 autem
959 1815 1031 1866 eii
1058 1809 1404 1865 auditoribus
1441 1811 1658 1866 incuset
1691 1811 1905 1883 impro-

306 1886 470 1951 bam,
511 1887 601 1942 vel
629 1887 788 1958 quasi
815 1887 1156 1960 ignorantem
1178 1894 1378 1940 memet
1396 1886 1610 1958 ipsum,
1651 1885 1741 1942 vel
1773 1886 1904 1957 plus

308 1978 479 2032 aequo
510 1970 874 2034 arrogantem3
920 1979 1021 2018 nec
1050 1961 1200 2015 enim
1227 1969 1288 2015 ut
1318 1960 1609 2032 Sampsoni
1636 1959 1904 2032 prodesse

306 2037 506 2094 vellem
520 2078 533 2100 ‚
576 2053 755 2108 neque
784 2044 846 2092 ut
864 2038 1003 2092 meis
1024 2035 1211 2091 verbis
1231 2053 1424 2090 sanum
1444 2035 1730 2090 ostendam
1749 2036 1905 2090 insa-

304 2130 438 2167 num
452 2151 465 2176 ‚
498 2112 555 2165 in
578 2112 667 2166 his
688 2128 893 2168 moram
914 2111 1048 2180 feci3
1091 2110 1187 2166 sed
1209 2113 1450 2182 primum
1467 2152 1479 2175 ,
1513 2119 1575 2165 ut
1595 2111 1904 2166 accusatio-

306 2205 431 2243 nem
453 2187 523 2241 de
542 2186 869 2260 alienigenis
891 2186 1100 2241 faciens
1114 2227 1128 2250 ‚
1171 2184 1360 2262 dolum
1387 2186 1563 2241 malae
1590 2202 1780 2240 eorum
1799 2202 1903 2241 vo·—

307 2263 531 2320 luntatis
569 2261 869 2325 declarem,
919 2259 1123 2316 deinde
1161 2278 1292 2316 vero
1327 2268 1390 2315 ut
1421 2277 1684 2333 praesens
1719 2277 1903 2315 sermo

306 2339 465 2393 nobis
502 2337 697 2408 prosit.
790 2335 1060 2402 Quoniam
1103 2337 1409 2408 primorum
1455 2336 1594 2392 vitia
1636 2335 1904 2390 secundis

403 2512 447 2559 ¹)
492 2511 538 2550 Si
570 2512 712 2560 aliqua
743 2509 951 2550 vocabula
982 2511 1108 2550 uncis
1141 2519 1168 2549 a
1198 2510 1324 2550 nobis
1357 2509 1503 2550 addita
1519 2493 1580 2548 'in
1614 2510 1695 2548 hac
1719 2509 1904 2558 periodo

301 2565 426 2603 aliter
459 2563 677 2609 dispones.
722 2571 834 2602 nova
866 2561 1059 2601 formatis
1093 2561 1199 2600 haee
1234 2561 1371 2608 surgit
1403 2553 1636 2600 torstenus:
1681 2559 1765 2607 „Si
1791 2560 1906 2600 dura

301 2614 431 2654 facie.
446 2611 664 2658 superabis
697 2612 937 2658 mulierem,
990 2621 1044 2650 ex
1076 2609 1258 2649 adverso
1292 2611 1367 2649 illa
1399 2611 1576 2652 insidias
1612 2610 1696 2650 sibi
1727 2611 1906 2660 paravit

301 2661 520 2712 proprium
545 2661 768 2699 intuitum:
808 2662 881 2698 ma
906 2661 1019 2699 enlm
1046 2661 1136 2699 suis
1159 2661 1276 2698 victa
1302 2661 1450 2707 armis,
1487 2662 1531 2699 in
1559 2669 1632 2700 cor
1655 2671 1782 2699 auum
1809 2664 1904 2699 tra—

303 2713 410 2751 hem
436 2710 531 2748 fixit
555 2713 719 2748 arma.“
754 2709 837 2750 Sed
862 2720 948 2750 non
973 2711 1017 2749 id
1044 2710 1186 2750 dicere
1201 2711 1310 2752 vene
1341 2711 1508 2754 videtur
1533 2715 1694 2752 auctor.
1730 2710 1902 2752 Auch.
