2125 3084
1137 108 1149 124 2
2079 88 2081 117 ι

402 166 468 220 44
854 172 1226 218 PHILONIS
1263 170 1536 217 IUDAEI
1833 168 1906 235 [Ι.
1941 171 2040 235 3fi.]
2079 188 2081 241 J

402 270 499 327 sed
528 287 673 343 quae
698 279 829 327 sunt
854 288 1023 343 super
1046 278 1250 327 terram
1277 271 1460 327 solum
1485 280 1540 327 et
1561 272 1790 329 omnino
1827 274 2042 329 intue-

401 356 509 402 tur.

510 422 597 476 75.
646 419 831 487 Quum
854 438 1053 476 navem
1075 437 1173 492 per
1192 437 1342 475 mare
1361 428 1670 477 currentem
1691 420 1764 477 ad
1782 432 2038 494 portum

402 497 689 569 appulisse
706 497 837 567 quis
860 496 1092 561 viderit,
1135 497 1184 551 is
1211 496 1536 553 nauclerum
1564 494 1782 562 laudat,
1829 514 2034 569 quon·

400 573 513 627 iam
543 571 858 627 nullatenus
884 572 1106 627 nescius
1135 581 1219 627 est
1249 589 1280 627 a
1307 574 1554 643 sapiente
1582 571 1872 629 navarcho
1895 591 2028 629 eam

400 646 763 721 gubernatam
786 645 985 704 fuisse:
1047 647 1120 701 ita
1149 655 1210 703 ut
1229 646 1492 703 navarchi
1511 648 1686 702 solius
1704 646 2025 719 perfectio-

400 740 529 778 nem
558 722 813 787 miretu'r‚
861 738 969 777 non
996 722 1201 792 operis.
1279 722 1498 779 Etenim
1525 722 1676 794 quod
1703 731 1790 779 est
1819 724 2021 779 inani-

400 806 611 853 matum
624 838 639 861 ‚
669 812 779 851 non
798 797 995 868 recipit
1013 797 1248 870 gloriam
1267 796 1338 852 de
1359 796 1518 852 factis
1539 797 1706 853 rebus
1721 838 1736 861 ,
1779 798 1892 853 sed
1911 799 2017 869 qui

400 890 499 946 per
518 873 811 945 ingenium
826 870 1166 927 industrium
1181 889 1312 943 prae
1337 890 1398 927 se
1424 873 1614 928 tulerit
1639 880 1814 928 artem
1831 914 1846 938 ,
1890 891 2016 927 me-

399 957 550 1003 retur
581 947 804 1003 laudem
846 948 974 1001 navi
1014 946 1286 1012 debitam,
1329 965 1394 1003 eo
1431 946 1581 1020 quod
1611 947 1739 1002 utili
1770 947 2010 1003 artificio

399 1021 711 1080 moderatus
741 1022 959 1077 clavum
990 1019 1156 1076 fuerit
1183 1022 1250 1077 ad
1277 1021 1707 1095 procedendum.
1791 1022 1855 1077 Si
1877 1039 2006 1095 ergo

397 1099 497 1170 qui
519 1098 753 1153 classem
776 1099 950 1152 cernit
965 1139 977 1162 ‚
1020 1098 1206 1151 statim
1228 1098 1474 1171 agnoscit
1495 1102 1614 1151 es‘se
1634 1098 1884 1169 aliquem
1905 1114 2006 1151 na-

397 1172 667 1229 varchum
702 1172 1067 1245 principalem
1107 1188 1210 1227 nec
1243 1174 1457 1245 ignorat
1484 1188 1605 1227 esse
1633 1180 1688 1227 et
1715 1174 2002 1243 ministros

398 1248 547 1311 eius,
597 1263 697 1301 cur
724 1264 929 1319 quaeso
964 1246 1370 1321 providentiam
1409 1255 1534 1303 ante
1570 1264 1764 1303 omnes
1803 1247 2004 1303 mundi

396 1329 581 1393 partes
609 1338 718 1375 non
748 1322 1007 1389 fateatur,
1049 1323 1101 1377 si
1129 1331 1326 1379 cuncta
1354 1323 1622 1378 elementa
1651 1321 1720 1377 ab
1749 1324 1878 1397 ipsa
1897 1340 2002 1396 guff-

396 1394 739 1451 bernantur‘?

504 1483 590 1539 76.
634 1481 925 1555 Siquidem
945 1484 1088 1540 nihil
1105 1528 1117 1552 ‚
1142 1484 1292 1558 quod
1311 1486 1384 1541 sit
1403 1485 1752 1557 providentia
1773 1478 2000 1561 sapien-

394 1558 507 1613 tius
523 1599 535 1623 ,
576 1574 803 1629 possum
832 1556 1102 1630 proferre,
1147 1579 1178 1616 a
1204 1578 1315 1633 qua
1343 1568 1539 1615 cuncta
1573 1577 1804 1633 corpora
1842 1560 2000 1618 effor-

397 1640 541 1688 mata
571 1634 936 1691 necessariam
964 1634 1414 1701 distributionem
1442 1652 1736 1709 suscepere
1763 1638 1998 1709 eiusque

397 1710 651 1783 potestati
690 1708 938 1765 subiecta
972 1710 1044 1765 ab
1073 1730 1137 1766 ea
1165 1727 1384 1783 semper
1409 1719 1696 1785 reguntur.
1778 1712 1843 1767 Si
1871 1712 1994 1785 quis

396 1770 687 1842 veroffiolit
706 1784 995 1859 (obsequi),
1020 1786 1365 1858 providentia
1387 1804 1516 1841 suos
1537 1787 1674 1841 lines
1696 1788 1993 1843 non'trans-

396 1862 663 1935 greditur.
741 1862 971 1935 Insuper
1009 1862 1264 1934 exempla
1302 1869 1527 1918 naturae
1562 1864 1745 1933 primo
1791 1863 1992 1943 intuitu

394 1937 801 2008 providentiam
823 1954 943 1992 esse
961 1936 1360 2007 demonstrant;
1423 1938 1626 1992 etenim
1654 1954 1846 1993 rerum
1872 1954 1991 2010 spe-

398 2012 513 2066 cies
532 2021 589 2079 et
608 2012 813 2067 formae
833 2014 966 2067 satis
995 2022 1126 2068 sunt
1139 2054 1151 2076 ‚
1195 2021 1256 2068 ut
1275 2020 1465 2067 notum
1484 2010 1685 2067 faciant
1706 2012 1983 2075 artificem,

398 2088 503 2142 etsi
531 2103 668 2143 voce
698 2087 957 2142 destituta
978 2104 1203 2159 corpora
1222 2087 1472 2143 ordinata
1491 2087 1658 2142 silere
1676 2088 1982 2150 videantur,

396 2162 848 2235 quandoquidem
886 2171 1072 2218 amant
1107 2161 1335 2218 formata
1373 2162 1443 2217 ab
1481 2162 1667 2235 aliquo
1705 2164 1986 2235 proprium

397 2245 672 2295 auctorem
698 2236 965 2293 confiteri.
1188 2238 1204 2254 ⁹

506 2330 593 2382 77.
640 2327 712 2403 [³¹⁵]
737 2327 808 2384 At
828 2337 913 2384 est
930 2329 1096 2384 homo
1112 2328 1264 2384 solus
1290 2328 1432 2384 inter
1458 2319 1709 2387 homines
1725 2368 1740 2392 ,
1783 2326 1989 2399 qui,fa-

395 2404 499 2460 teri
527 2402 692 2468 nolit,
734 2403 854 2459 dari
890 2405 1280 2460 universorum
1316 2402 1721 2475 providentiam
1759 2402 1991 2457 effectri-

396 2494 517 2533 cem
531 2519 544 2543 ,
579 2495 651 2533 ex
668 2479 766 2535 illa
788 2479 1047 2535 audacior
1066 2479 1310 2535 evadens
1323 2520 1336 2543 ‚
1368 2494 1512 2550 quae
1529 2477 1638 2548 ipsi
1656 2477 1806 2533 inest
1824 2468 1992 2533 liher-

395 2560 479 2606 tas
518 2552 744 2609 arbitrio
780 2554 1056 2627 praedita:
1127 2554 1260 2610 hinc
1287 2554 1437 2609 enim
1465 2570 1537 2608 ex
1561 2568 1694 2607 sana
1723 2560 1902 2609 mente
1927 2554 1992 2607 in

396 2624 657 2683 delirium
677 2630 847 2693 venit,
868 2631 1100 2685 miratus
1121 2628 1604 2701 improvidentiam
1619 2628 1808 2698 potius
1825 2644 1990 2699 quam

394 2697 817 2768 providentiam.
914 2703 1188 2769 Quoniam
1231 2704 1413 2759 reiicit
1449 2702 1546 2757 ille
1585 2700 1837 2758 fraenum
1873 2704 1988 2759 suis
