2125 3084
176 192 237 258 [1‚
262 188 377 255 m]
560 193 696 239 mn.
734 194 833 239 DE.
877 194 1360 241 ANIMALIBUS.
1657 192 1752 245 455

175 295 245 353 ad
266 294 550 349 sanitatem
568 293 1172 365 perseverationemque
1195 293 1529 349 valetudinis
1551 294 1754 352 habent

170 367 473 443 (animalia)
492 369 883 441 appetitionem
902 366 1015 439 (aut
1032 368 1524 440 imaginationem),
1555 377 1610 423 et
1627 372 1755 425 uni-

172 444 377 500 versali
414 442 898 514 comprehensione
934 442 1315 497 universorum
1351 450 1596 497 carentes
1637 458 1756 497 eam

170 518 457 591 possident
474 517 858 573 certitudinem
874 558 886 580 ‚
927 532 1070 587 quae
1097 518 1156 570 in
1184 517 1405 588 propria
1429 517 1612 587 specie
1639 534 1758 571 cer·-

172 594 343 648 nitur.
388 593 772 649 Verumtamen
794 591 1072 645 rationalis
1091 590 1312 645 habitus
1337 587 1410 719 ς’]
1435 606 1658 646 necesse
1677 600 1760 647 est

172 667 275 722 illa
302 666 509 721 nullam
540 666 743 721 habere
767 666 1261 737 participationem.
1388 665 1640 721 ationalis
1659 682 1759 720 au-

171 751 286 797 tem
322 741 543 796 habitus
579 749 661 795 est
696 740 1049 813 syllogismus
1083 756 1154 795 ex
1190 739 1622 812 apprehensione
1661 756 1759 795 en-

171 818 315 871 tium
328 857 342 882 ,
366 832 508 887 quae
526 816 757 869 minime
777 814 999 872 adsunt:
1029 822 1093 871 ut
1108 814 1418 879 intellectus
1441 814 1510 869 de
1531 814 1658 879 deo,
1689 813 1760 869 de

170 891 407 954 mundo,
439 890 678 964 delego,
712 888 781 944 de
796 889 972 961 patrio
991 906 1166 955 more,
1199 887 1268 944 de
1295 890 1541 954 civitate,
1572 888 1760 961 depo-

170 964 355 1028 litim,
395 964 573 1035 deque
608 964 733 1019 aliis
764 964 1096 1029 innumeris,
1136 980 1368 1035 quorum
1404 964 1546 1020 nihil
1577 964 1760 1037 perci-

168 1040 337 1113 piunt
354 1038 579 1095 bestiae.

289 1148 375 1200 86.
402 1146 471 1201 At
493 1154 655 1217 caput
672 1144 901 1200 efferens
918 1160 1097 1216 equus
1116 1145 1323 1210 hinnit,
1347 1154 1401 1200 et
1419 1145 1610 1217 pavidi
1631 1154 1761 1201 sunt

171 1237 373 1277 cervus
402 1219 697 1292 lepusque,
740 1227 794 1275 et
828 1219 1037 1291 perfida
1067 1220 1291 1292 vulpes,
1339 1220 1435 1275 alii
1462 1236 1758 1292 puerorum

170 1296 398 1360 amasii,
437 1294 643 1360 invidi,
684 1303 737 1352 et
764 1294 824 1349 id
851 1311 1025 1368 genus
1051 1296 1244 1351 multa.
1319 1297 1439 1351 Non
1459 1296 1649 1367 utique
1669 1312 1762 1350 se-

171 1369 417 1427 cundum
472 1388 701 1427 acumen
758 1370 1041 1426 oculorum
1104 1372 1316 1426 animae
1375 1370 1760 1427 certitudinem

170 1445 468 1517 quamdam
506 1444 974 1519 comprehendunt
1016 1446 1355 1511 intellectus,
1415 1445 1516 1501 sed
1562 1463 1762 1501 secun-

172 1520 309 1575 dum
348 1519 517 1587 illud,
565 1521 715 1593 quod
755 1538 826 1576 ex
859 1529 1050 1575 natura
1090 1530 1379 1594 apparatus
1417 1522 1758 1577 necessarius

169 1597 411 1668 singulis
442 1597 773 1652 conveniens
802 1594 958 1649 datus
986 1603 1098 1660 est,
1139 1595 1282 1651 sicut
1309 1603 1490 1667 partes
1517 1596 1760 1669 corporis

171 1679 229 1725 et
259 1672 498 1733 animae,
539 1669 779 1741 singulis
814 1670 1035 1739 proprio
1073 1670 1234 1725 modo
1263 1668 1331 1725 ad
1365 1671 1454 1725 sui
1482 1672 1760 1741 totiusque

170 1743 563 1817 perfectionem
582 1742 953 1814 operantibus.

286 1852 370 1904 87.
398 1850 538 1904 Ecce
557 1856 611 1903 et
630 1850 839 1910 leona,
863 1846 1115 1901 videntes
1135 1864 1194 1902 se
1211 1848 1494 1903 evidenter
1514 1846 1757 1902 debella-

172 1936 259 1981 tos
272 1966 285 1989 ,
318 1922 647 1987 abscedunt,
679 1930 733 1977 et
750 1920 995 1975 nolentes
1014 1937 1348 1991 quemquam
1365 1920 1554 1976 videre
1572 1921 1758 1993 fugam

174 2008 493 2071 capessunt,
522 1999 659 2070 quin
679 2003 973 2050 retrorsum
992 2012 1052 2053 se
1073 2004 1307 2049 vertant:
1338 1994 1651 2050 ambitionis
1670 1998 1760 2049 ni·—

174 2075 259 2131 hil
278 2076 575 2146 quicquam
592 2071 679 2128 vel
700 2068 977 2125 modicum
996 2070 1311 2135 sentientes,
1333 2068 1431 2125 sed
1450 2072 1580 2140 quia
1597 2080 1758 2143 petu-

175 2152 352 2207 lantes
382 2165 503 2205 esse
539 2152 964 2209 consueverunt,
1004 2152 1285 2215 tamquam
1322 2146 1466 2199 acuti
1495 2144 1562 2199 ad
1591 2145 1758 2200 robur

174 2222 544 2281 exercendum
564 2223 684 2277 sine
704 2220 973 2277 doctrina:
1013 2219 1180 2274 robur
1207 2228 1386 2275 autem
1407 2236 1513 2274 non
1535 2221 1759 2292 acquie-

174 2301 283 2357 scit
310 2298 583 2355 contemni
612 2297 682 2353 ab
709 2296 853 2353 aliis.
928 2293 1083 2350 Idem
1111 2294 1250 2349 mihi
1277 2294 1535 2351 videntur
1565 2295 1678 2367 pati
1705 2303 1759 2349 et

176 2369 335 2445 equi,
378 2374 527 2430 cervi
556 2380 875 2442 caeteraque
904 2370 1251 2435 animalium,
1293 2386 1435 2443 quae
1461 2368 1757 2425 ambitione

177 2448 324 2505 affici
351 2456 630 2519 putantur.
705 2447 923 2501 Etenim
956 2444 1106 2502 haud
1133 2444 1202 2501 de
1228 2446 1468 2518 primatu
1497 2444 1750 2517 cogitant,

174 2523 275 2580 sed
294 2522 595 2579 assuefacta
617 2521 873 2577 alimento
888 2561 901 2585 ‚
947 2538 1011 2576 ea
1024 2560 1042 2587 ,
1080 2522 1140 2577 in
1167 2521 1372 2593 quibus
1393 2520 1756 2577 exercitantur

176 2599 248 2654 ab
264 2597 549 2654 educatore
565 2639 578 2662 ‚
600 2598 903 2652 imitantur.

286 2710 372 2761 88.
420 2708 533 2763 Nec
558 2715 740 2765 tamen
772 2704 1176 2779 desperandum
1209 2718 1515 2779 supponere
1551 2703 1659 2759 iam
1696 2703 1754 2757 in
