2125 3084
378 200 470 252 428
834 202 1198 248 rmnoms
1237 202 1506 247 mium
1762 196 1834 262 [1,
1867 200 2009 263 ¹39.)

372 306 539 377 plecti
578 310 743 375 atque
770 303 1142 373 constringere
1155 342 1170 365 ‚
1219 318 1384 355 suum
1420 300 1606 355 cibum
1647 303 1710 357 in
1729 320 1817 359 ,οε
1861 305 2004 359 eius

372 381 589 434 mittere
602 418 615 442 ‚
657 378 769 431 imo
788 393 969 447 neque
986 385 1144 431 nocte
1165 392 1346 446 neque
1365 376 1458 431 die
1475 377 1592 447 pati
1619 376 1692 431 ab
1713 394 1783 433 eo
1804 378 2000 433 dista-

370 472 431 509 re
444 496 457 518 ,
490 454 601 508 nisi
622 454 781 507 iussu
798 451 1049 523 magistri
1071 449 1332 505 ferarum.

482 564 569 619 29.
613 560 706 615 Sic
734 575 863 633 ergo
891 566 1083 613 natura
1113 558 1172 615 in
1193 560 1472 625 universis
1493 561 1697 614 animis
1719 560 1989 615 domina-

370 638 564 693 tricem
590 644 827 689 mentem
858 634 1131 688 condidit:
1175 634 1250 687 ita
1278 642 1485 697 tamen,
1527 642 1590 687 ut
1618 634 1680 688 in
1710 652 1830 689 uno
1865 636 1988 690 lan-

369 712 539 785 guida
560 712 631 767 sit
652 709 945 764 delineatio
968 726 1030 763 ac
1050 707 1390 763 subobscura
1412 707 1668 764 etfacilis
1690 709 1762 763 ad
1787 710 1988 766 delen-

370 787 504 841 dum
526 786 699 859 figura
721 784 953 847 formae,
1000 784 1057 837 in
1090 783 1256 838 altero
1287 801 1416 837 vero
1446 783 1599 839 velut
1623 784 1980 849 indelebiliS‚

369 862 515 917 clara
553 869 607 915 et
646 860 742 913 vix
777 857 1011 914 delenda
1040 857 1212 912 forma
1247 856 1465 929 depicta
1499 859 1592 912 sit.
1673 859 1980 916 lnevidens

369 938 554 1009 itaque
579 935 747 990 forma
768 936 927 989 estin
951 932 1076 987 aliis
1092 975 1106 998 ,
1137 942 1391 987 constans
1422 941 1604 987 autem
1625 935 1980 1007 evidensque

369 1021 533 1085 typus
554 1012 612 1065 in
632 1009 872 1064 hominis
895 1008 1066 1063 forma
1093 1008 1323 1081 geritur.

479 1140 563 1190 30.
605 1137 768 1190 Porro
798 1142 1013 1206 praeter
1042 1134 1153 1188 iam
1182 1134 1329 1189 dicta
1357 1148 1464 1188 non
1491 1132 1848 1205 superfluum
1875 1139 1973 1191 erit

368 1209 509 1265 illud
530 1224 751 1281 quoque
771 1210 981 1272 dicere,
1026 1208 1175 1280 quod
1194 1209 1548 1281 sapientiam,
1593 1211 1893 1267 scientiam
1921 1220 1972 1265 et

368 1286 632 1355 optimam
656 1282 729 1359 [⁴⁵]
756 1284 1207 1339 deliberationem
1223 1326 1235 1349 ‚
1261 1300 1380 1338 eam
1401 1284 1584 1347 etiam,
1614 1300 1764 1355 quae
1783 1287 1972 1357 provi—

368 1359 435 1413 da
466 1367 549 1413 est
587 1376 714 1412 cum
752 1361 1161 1431 procuratione,
1215 1368 1332 1413 tum
1362 1358 1526 1413 aliam
1559 1375 1708 1431 quae
1749 1361 1966 1416 consilii

366 1433 691 1505 prudentiae
720 1450 977 1507 germana
1005 1442 1116 1499 est,
1157 1434 1580 1506 compluresque
1615 1435 1786 1501 alias,
1829 1452 1964 1507 quaa

367 1508 649 1563 rationalis
672 1509 885 1563 animae
906 1511 1140 1564 virtutes
1161 1510 1526 1580 appellantur,
1552 1510 1818 1569 animalia
1841 1528 1964 1583 prae

366 1600 432 1637 se
446 1582 648 1637 ferunt.
726 1583 883 1650 Quod
903 1600 1072 1655 quam
1091 1602 1282 1641 verum
1302 1585 1376 1655 sit
1389 1626 1402 1649 ‚
1428 1584 1780 1640 manifestam
1801 1587 1960 1641 fidem

367 1658 575 1713 faciunt
604 1659 758 1713 nisus
788 1675 851 1713 ac
868 1660 1130 1714 molimen
1158 1659 1227 1714 de
1255 1660 1420 1715 rebus
1439 1661 1592 1715 victu
1609 1662 1954 1723 necessariis

367 1735 681 1809 ingenium,
712 1734 985 1794 industria
1004 1736 1261 1792 militaris
1280 1744 1335 1791 et
1353 1744 1736 1809 strategemata
1755 1736 1957 1792 diversi

367 1810 607 1883 generis,
665 1811 803 1865 Nam
823 1810 1063 1884 Polypus
1085 1811 1306 1882 quando
1325 1818 1582 1865 venatum
1603 1812 1648 1865 it
1669 1812 1813 1876 cibi,
1845 1830 1956 1866 cor-

368 1904 473 1958 pus
505 1902 668 1941 suum
692 1885 973 1958 lapidibus
995 1886 1264 1942 assimilat
1283 1886 1352 1941 ad
1371 1884 1729 1957 decipiendos
1749 1888 1948 1959 piscoe3

367 1978 541 2032 quum
562 1963 709 2015 enim
728 1969 923 2033 putant
939 1962 1027 2016 illi
1045 1963 1202 2016 iuxta
1223 1977 1419 2019 saxum
1447 1968 1633 2017 natare
1647 2003 1660 2026 ,
1705 1962 1952 2035 aggredi-

366 2046 455 2089 tur
476 2044 529 2091 et
548 2034 843 2108 prehendit
864 2036 1031 2110 eos*).
1111 2036 1262 2103 Quae
1293 2054 1423 2091 vero
1443 2036 1648 2091 dicitur
1664 2038 1839 2093 Narca
1859 2037 1948 2109 (sc.

370 2111 635 2185 Torpedo)
651 2152 663 2175 ‚
688 2111 937 2166 eiusdem
958 2112 1198 2167 nominis
1219 2112 1472 2167 morbum
1490 2127 1666 2184 quum
1687 2119 1950 2185 comparet

365 2186 616 2256 piscibus
636 2203 693 2239 se
714 2186 1067 2259 tangentibus
1083 2228 1095 2251 ,
1117 2187 1270 2243 nullo
1293 2188 1508 2260 negotio
1527 2188 1673 2241 sicut
1694 2188 1854 2244 homo
1868 2188 1949 2259 pi-

366 2270 549 2316 scatur
566 2260 817 2333 illos**),
850 2261 1015 2316 robur
1034 2263 1247 2333 ipsum,
1287 2279 1396 2333 quo
1417 2263 1760 2329 resisterent,
1805 2263 1868 2319 ad
1892 2279 1948 2315 se

366 2335 753 2391 contrahendo.
832 2335 981 2403 Quae
1002 2345 1192 2393 autem·
1206 2346 1430 2393 vocatur
1449 2337 1622 2395 Stella
1635 2378 1649 2403 ,
1688 2338 1848 2394 valde
1863 2355 1947 2392 sa-

365 2413 579 2479 pienter
607 2418 823 2483 gratum
850 2411 1267 2483 iucundumque
1293 2412 1404 2467 sibi
1441 2422 1621 2485 parat,
1680 2423 1945 2485 tamquam

366 2547 511 2633 Aac}
555 2550 725 2588 Prollxe
760 2553 849 2599 agit
883 2552 934 2591 de
970 2553 1132 2603 Polypo
1167 2564 1202 2592 s.
1245 2552 1462 2601 Polypode
1499 2554 1663 2593 Plinius
1698 2554 1771 2601 lx,
1803 2556 1909 2593 46⁸⁸.

465 2624 533 2687 m¹⁵⁰)
574 2648 685 2686 Plin.
712 2649 783 2696 lx,
813 2652 882 2703 67:
930 2652 1096 2699 „Novit
1129 2654 1306 2701 torpedo
1341 2655 1427 2693 vim
1455 2664 1594 2701 suam,
1639 2656 1736 2702 ipss
1759 2666 1838 2695 non
1859 2657 1949 2695 tor-

364 2700 489 2735 pens:
534 2704 755 2743 mersaque
788 2702 833 2739 in
865 2703 967 2739 limo
1002 2712 1048 2740 se
1085 2704 1291 2748 occultat,
1339 2704 1518 2751 piscium
1545 2706 1618 2752 qui
1642 2708 1784 2745 securi
1807 2716 1948 2753 super-

364 2742 556 2778 natantes
584 2744 857 2796 obtorpuere,
904 2754 1150 2800 corripiens.
1163 2754 1190 2775 ⁴‘
1242 2752 1407 2792 Auen.-
