2125 3084
346 170 442 221 456
595 172 791 218 mm..
829 170 979 217 ιω).
1018 168 1344 227 ρυΑΕεΤ.
1378 168 1477 213 Εἰ·
1524 168 1681 214 soi..
1728 162 1958 230 [mm]
2045 26 2072 240 l

347 322 507 381 Quare
548 320 773 371 Rebecca
816 319 974 368 omnia
1016 334 1119 366 cum
1148 316 1466 381 festinatione
1501 317 1639 381 aqit?
1689 317 1762 367 ait
1797 318 1924 367 enim
1937 339 1955 367 .-

476 388 778 451 „Fe-stiuam
810 384 880 435 ad
895 386 1085 450 sontem
1111 382 1271 434 hausit
1301 385 1527 447 aquam“
1537 420 1552 446 ‚
1595 393 1640 433 ct
1669 385 1959 449 „festinan-

476 466 547 506 ter
577 453 793 520 deposuit
824 451 1040 519 hydriam
1071 468 1213 515 super
1246 451 1489 503 brachium
1515 454 1705 514 suum“,
1739 461 1784 503 et
1804 470 1957 515 „cur-

472 540 581 573 rens
612 520 924 572 nuntiavit‘ff
976 523 1084 583 (24,
1107 524 1190 569 20.
1243 523 1322 569 18.
1346 522 1410 567 28
1431 519 1548 567 coll.
1569 524 1633 567 45
1649 522 1718 581 s.)

456 626 569 680 ⁴24.
606 624 753 679 Bona
778 636 945 693 opera
973 619 1191 676 honesti
1218 634 1283 675 ac
1310 618 1442 675 boni
1471 620 1594 675 sine
1627 635 1780 676 mora
1819 638 1958 694 per—

340 708 530 773 agunt.
609 697 758 753 Talis
798 694 905 750 fuit
942 702 996 750 et
1030 695 1290 749 universa
1332 693 1530 748 domus
1565 692 1820 750 Abrahae
1859 714 1954 750 sa-

338 772 704 846 pientissimi,
734 770 833 842 qui
854 770 913 823 in
933 769 1308 841 hospitalitate
1326 777 1576 839 receptor
1595 768 1776 824 factus
1795 769 1952 825 divi-

340 865 534 903 narum
554 854 872 901 naturarum
891 842 991 917 (sc.
1015 842 1377 916 angelorum),
1415 840 1488 930 [⁴⁵]
1504 851 1668 915 atque
1690 853 1950 917 receptu-

338 940 434 977 rus
455 921 582 977 illas
602 920 661 975 in
682 919 872 975 cibum
892 918 1134 973 laetitiae
1151 934 1164 985 ;
1197 915 1341 973 sicut
1361 925 1528 973 etiam
1547 919 1673 974 vice
1693 936 1856 975 versa
1876 919 1946 974 ab

339 997 454 1052 illis
482 994 717 1051 eundem
746 1000 1068 1065 recepturus
1093 991 1241 1048 nihil
1269 1000 1537 1056 moratur,
1581 991 1682 1048 sed
1722 992 1949 1049 festinat

338 1074 459 1143 ipse
475 1112 487 1135 ‚
525 1070 906 1143 praecipitque
924 1068 1088 1123 uxori
1106 1067 1216 1123 cito
1237 1067 1404 1122 citius
1419 1107 1433 1131 ,
1471 1076 1532 1121 ut
1550 1064 1753 1124 faceret
1771 1085 1947 1141 panes

338 1146 764 1202 subcinericios:
809 1142 1033 1198 festinat
1058 1156 1190 1216 crgo
1215 1148 1268 1197 et
1287 1140 1514 1207 mustei-3
1559 1143 1733 1198 currit
1753 1151 1807 1197 et
1827 1159 1948 1198 ser-

339 1239 442 1276 vus
465 1220 535 1276 ad
554 1220 801 1275 officium
819 1217 931 1273 sibi
952 1231 1280 1290 congruum.
1357 1214 1630 1283 Quoniam
1645 1259 1658 1282 ‚
1689 1218 1836 1272 sicut
1859 1218 1949 1272 hi-

338 1296 573 1350 striones
594 1294 885 1355 haesitant,
908 1290 1009 1346 ubi
1027 1308 1129 1364 par
1149 1292 1272 1356 erit,
1297 1292 1564 1355 cunctari,
1588 1308 1621 1347 e
1640 1296 1829 1347 con'tra
1847 1293 1947 1365 qui

337 1371 592 1424 conscius
614 1376 697 1423 est
714 1372 1023 1422 constanter
1044 1366 1385 1439 agendorum
1399 1408 1412 1431 ‚
1456 1365 1560 1421 hoc
1587 1366 1711 1422 dato
1733 1384 1844 1422 non
1865 1375 1949 1422 te-

337 1444 409 1497 rit
429 1452 668 1514 tempus.
748 1441 1034 1496 Caeterum
1063 1440 1206 1495 bene
1237 1450 1291 1497 et
1317 1442 1454 1497 haec
1472 1440 1644 1507 dixit,
1687 1450 1741 1497 et
1760 1441 1948 1498 futura

338 1516 588 1571 dicturus
610 1524 719 1581 est,
748 1516 894 1571 sicut
914 1515 1197 1589 duplicem
1215 1518 1569 1575 otiositatem.

456 1671 591 1732 Quae
624 1675 687 1726 sit
721 1674 804 1726 via
836 1674 1087 1726 veritatis?
1137 1675 1209 1725 ait
1247 1676 1393 1726 em‘m:
1450 1674 1561 1739 „In
1595 1676 1678 1725 via
1713 1676 1835 1725 veri·

893 1743 1093 1794 tatis“?
1145 1749 1253 1808 (24,
1273 1744 1383 1809 48.)

451 1848 566 1903 425.
602 1844 875 1912 Quoniam
893 1847 1100 1903 veritas
1121 1854 1205 1901 est
1224 1846 1403 1901 virtus
1425 1844 1702 1905 mirabilis
1721 1854 1776 1901 et
1793 1844 1945 1900 divi-

338 1937 406 1975 na
443 1922 644 1993 visque
670 1921 980 1995 deperdens
1007 1921 1305 1978 falsitatem
1340 1918 1408 1993 (s.
1435 1918 1760 1995 fallaciam),
1802 1936 1944 1992 quae

337 1995 485 2050 dicta
505 2004 589 2051 est
608 1998 915 2053 secundum
936 1997 1279 2069 vituperium
1298 1994 1366 2068 (s.
1380 2003 1756 2068 contemptum
1792 2036 1805 2060 ,
1844 2012 1943 2049 ve·-

336 2070 469 2123 ritas
489 2076 673 2125 autem
694 2070 1003 2125 secundum
1019 2072 1392 2144 privationem
1406 2068 1752 2126 oblivionis*
1783 2111 1794 2125 .
1818 2070 1944 2127 Vir·
1989 2082 2006 2099 ·
2095 2128 2097 2137 ¹

337 2152 425 2197 tus
446 2142 595 2197 enim
622 2145 885 2199 memoria
914 2154 997 2202 est
1016 2146 1214 2219 digna;
1254 2146 1345 2202 via
1376 2163 1508 2201 vero
1536 2144 1854 2201 conducens
1875 2144 1942 2200 ad

337 2233 458 2271 eam
495 2233 567 2272 ex
605 2225 788 2273 nostra
824 2226 978 2289 parte
1015 2220 1387 2293 intelligentia
1425 2230 1509 2277 est
1545 2228 1600 2277 et
1637 2220 1937 2292 sapientia3

338 2308 462 2347 nam
483 2309 584 2365 per
607 2294 741 2348 istas
771 2294 1133 2364 comperitur,
1175 2296 1486 2351 secundum
1514 2312 1645 2352 vero
1675 2296 1942 2349 rationem

335 2367 647 2423 voluntario
683 2376 958 2423 carentem
993 2386 1095 2440 per
1131 2370 1502 2442 prophetiam.
1599 2370 1764 2424 Porro
1804 2369 1939 2425 haec

335 2444 737 2514 proportionata
761 2460 1047 2515 aequaque
1066 2444 1160 2499 via
1179 2460 1372 2501 secura
1392 2454 1503 2510 est,
1534 2461 1682 2517 quae
1703 2445 1942 2500 anterio-

436 2611 481 2671 ..)
506 2612 642 2653 Ludit
664 2614 789 2656 Philo
813 2616 861 2656 in
883 2616 1144 2665 etymologia
1169 2614 1319 2656 Gram-
1345 2626 1504 2657 vocum
1535 2614 1832 2669 aeaoa'nowme,
1872 2628 1940 2656 re-

329 2661 717 2751 ξωῡῑδωλζῖῐὶῖοία,
740 2669 785 2707 et
810 2660 992 2717 ἆλὴθοια,
1019 2676 1062 2715 q.
1081 2666 1124 2706 d.
1143 2676 1226 2706 non
1241 2667 1392 2715 latere,
1419 2678 1504 2709 uon
1525 2668 1732 2714 oblivisci.
1769 2672 1816 2708 ut
1831 2670 1939 2707 veri·
