2125 3084
324 178 422 229 358
573 181 769 226 Pnu..
806 179 957 227 mn.
997 179 1320 238 QUAEs'r.
1358 179 1462 225 ET
1502 180 1667 225 son.
1705 177 1794 242 [11,
1822 180 1943 246 siz]
2080 25 2089 236 4

315 281 428 335 dus
440 279 514 352 *).
594 279 774 351 Super
801 288 982 352 tamen
1019 288 1196 334 stante
1232 277 1476 351 perfecta
1514 279 1766 345 visione,
1812 284 1941 339 iure
2082 249 2089 430 ι

321 355 574 426 superior
603 363 708 410 stat
738 356 915 410 virtus
942 353 1349 427 propitiatoria,
1391 371 1499 426 qua
1527 364 1709 409 erecta
1727 366 1863 412 sunt
1883 368 1941 414 et

324 438 633 485 constanter
652 431 928 485 exsistunt
947 431 1153 484 omnia.

329 570 488 629 Quare
515 571 901 636 propitiatorium
944 607 978 634 „
995 570 1328 636 lonyitudinem
1362 579 1407 619 et
1441 569 1733 620 latitudinem
1748 574 1786 600 “
1822 583 1932 622 tan-

455 649 549 688 tum
592 639 754 700 habet,
816 655 910 687 non
951 655 1063 688 vero
1109 637 1401 688 altitudinem
1451 638 1577 702 (sive
1610 638 1931 702 profundita-

455 708 594 770 tem).
637 707 758 770 ab.)

433 804 491 854 6⁴
507 841 519 853 .
550 799 872 873 Magnitudo
892 797 1267 872 profunditate
1287 787 1500 864 carena{
1524 801 1583 855 in
1605 803 1923 869 lonyitudine

320 884 532 930 tantum
551 883 605 930 et
624 877 684 930 in
705 879 980 930 latitudine
1009 875 1159 938 visa,
1203 873 1526 946 superficies
1556 875 1623 948 (s.
1652 891 1921 946 apparen-

319 949 416 1023 tia)
437 952 707 1006 vocitatur
727 968 758 1004 a
777 950 1129 1023 geometricis
1152 950 1310 1004 viris,
1380 949 1719 1022 Apparentia
1738 957 1923 1004 autem

319 1027 463 1081 entis
503 1026 840 1098 conspicitur
879 1025 1045 1080 etiam
1084 1041 1182 1096 per
1211 1025 1349 1080 alias
1376 1025 1611 1080 virtutes
1628 1067 1640 1090 ,
1684 1025 1921 1091 maxime

319 1117 452 1156 vero
469 1119 568 1173 per
591 1102 888 1173 propitiam
907 1109 962 1156 et
981 1098 1306 1154 beneficam.
1385 1100 1601 1155 Verum.
1624 1101 1723 1172 qui
1753 1099 1923 1154 bene-

320 1175 509 1232 ficmm
541 1177 877 1247 acceperint,
919 1175 1073 1230 illico
1101 1175 1160 1229 in
1192 1175 1511 1246 apparentia
1539 1175 1735 1230 vident
1753 1175 1922 1230 bene-

319 1249 580 1306 factorem
611 1259 962 1323 apparentem
993 1249 1162 1304 simul
1192 1249 1358 1323 (cum)
1395 1249 1619 1306 filiabus
1658 1251 1777 1305 suis
1804 1251 1922 1304 vir-

319 1326 574 1396 ginibus,
608 1327 824 1398 gratiis.

589 1465 663 1530 [¹³]
709 1463 838 1522 Quid
867 1467 929 1516 ait
963 1466 1347 1530 ‚,Cherubim“?
1391 1469 1499 1533 (25,
1542 1471 1648 1531 18.)

430 1570 516 1624 62.
575 1569 966 1640 Interpretatur
1002 1573 1223 1624 scientia
1258 1573 1447 1633 multa,
1492 1571 1551 1625 in
1578 1580 1791 1626 caetera
1820 1588 1921 1626 no-

317 1643 468 1698 mina
522 1644 949 1717 intelligentiam
993 1661 1056 1699 ac
1104 1645 1323 1716 copiam
1378 1661 1537 1700 suam
1594 1646 1915 1702 refundens,

317 1718 644 1792 Symbolum
665 1728 848 1776 autem
869 1729 952 1774 est
979 1719 1223 1791 duplicis
1251 1720 1502 1776 virtutis:
1563 1721 1834 1776 creativae
1864 1730 1919 1776 et

291 1790 528 1867 siegiaffi
593 1797 766 1852 maior
795 1807 977 1851 tamen
1007 1804 1091 1850 est
1116 1795 1359 1850 creativa
1380 1795 1688 1851 secundum
1708 1797 1918 1870 cogita-

310 1870 540 1926 tionem.
618 1869 884 1938 Quamvis
927 1871 1076 1926 enim
1112 1880 1432 1926 coaetaneae
1464 1871 1575 1926 sint
1603 1888 1747 1943 quae
1773 1872 1917 1938 circa

315 1944 481 2000 deum
501 1955 631 2001 sunt
649 1948 882 2002 virtutes
897 1988 909 2011 ‚
935 1963 1131 2002 verum
1151 1947 1309 2024 prius
1328 1946 1659 2019 intelligitur
1678 1947 1912 2002 creativa

313 2037 482 2090 quam
501 2023 672 2094 regia.
752 2024 869 2077 Rex
888 2023 1035 2076 enim
1058 2029 1140 2076 est
1161 2021 1457 2092 quisquam
1488 2038 1597 2077 non
1625 2023 1774 2084 eiuS,
1816 2023 1914 2094 qui

315 2112 423 2150 non
445 2105 546 2160 est,
571 2096 671 2151 sed
691 2101 831 2162 eiuS,
856 2099 955 2168 qui
977 2096 1155 2152 factus
1174 2103 1276 2152 est.
1328 2096 1574 2152 Titulum
1594 2106 1777 2152 autem
1795 2114 1914 2152 sor·

314 2171 412 2224 tita
433 2173 594 2226 estin
621 2173 793 2227 sacris
821 2172 1113 2243 scripturis
1142 2172 1383 2226 creativa
1412 2171 1657 2245 (virtus),
1698 2181 1761 2227 ut
1789 2177 1913 2226 deu-5

314 2246 710 2317 appellaretur;
777 2247 1040 2318 quoniam
1081 2246 1229 2319 apud
1267 2247 1502 2302 maiores
1542 2244 1912 2320 (Graecorum)

314 2319 432 2377 loco
455 2321 610 2376 verbi
630 2328 802 2391 [acere
821 2321 903 2394 (ut
924 2321 1128 2393 creare)
1158 2321 1447 2378 dicebatur
1471 2339 1661 2390 ponere
1688 2321 1914 2394 (Graece

311 2399 504 2461 θῆναι,
525 2396 677 2451 Arm.
703 2399 833 2450 mel.-
880 2395 1013 2451 hinc
1034 2400 1187 2461 theos,
1210 2397 1375 2471 deus).
1435 2397 1606 2470 Regia
1626 2412 1756 2452 vero
1778 2397 1914 2468 (vir-
2080 2391 2089 2484 l

312 2470 430 2543 tus)
468 2475 710 2526 dominus
743 2478 996 2536 vocatur,
1055 2473 1319 2543 quoniam
1358 2472 1553 2528 titulus
1592 2471 1802 2527 domini
1842 2471 1912 2526 ab

311 2545 570 2600 omnibus
583 2544 671 2618 *Ἴ
701 2554 1077 2601 consecratum
1107 2555 1189 2601 est
1218 2545 1362 2620 regi.

412 2682 455 2726 ι)
497 2693 534 2720 ο.
561 2693 688 2730 super
711 2686 1011 2733 intellim‘bitem
1034 2688 1231 2726 mundum
1250 2689 1433 2735 pomum
1459 2693 1531 2728 est.
1585 2688 1757 2727 Aueh.

413 2730 482 2776 *ἢ
511 2741 548 2770 ι.
573 2735 859 2774 universorum
885 2763 898 2774 .
919 2763 931 2776 .
952 2763 964 2776 .
991 2739 1098 2784 νυοί.
1150 2736 1311 2776 Aueh.
1774 2767 1781 2772 -
