2125 3084
200 179 289 244 [11,
313 177 435 241 aaa]
557 182 1027 243 mammam.
1068 154 1320 232 annuo
1355 190 1440 236 lv.
1715 182 1806 233 119

202 298 433 355 corpore
454 291 646 337 natura
668 292 908 351 mortuo;
954 284 1144 356 lugere
1165 294 1346 339 autem
1363 288 1690 359 sapientiam
1706 328 1719 351 ,
1746 306 1807 343 ac

202 360 250 411 si
272 357 536 411 videatur
556 366 611 411 et
628 374 792 428 opere
812 359 992 429 ipsam
1012 360 1320 413 seiunctam
1343 378 1374 415 a
1389 364 1610 417 virtute.
1654 362 1809 418 Alio-

204 434 343 503 quin
374 432 558 485 luctus
588 449 697 487 non
727 431 895 487 habet
924 434 1106 488 locum
1136 435 1194 487 in
1234 435 1591 507 incorruptis:
1655 439 1807 508 atqui

203 515 315 561 tam
360 507 665 577 sapientia,
728 524 896 578 quam
934 509 1113 563 virtus
1141 510 1333 564 -omnis
1373 510 1808 581 incorruptibilis

204 590 311 649 est3
378 582 439 635 in
472 581 587 636 illis
614 598 772 647 vern,
816 598 959 652 quae
987 583 1442 655 haheripossunt
1469 592 1526 639 et
1549 584 1812 639 deficiunt

203 665 391 711 tamen
406 698 418 721 ‚
463 672 691 710 necesse
712 666 795 711 est
816 674 977 730 aegre
998 657 1150 712 ferri.
1231 660 1435 713 Verum
1455 659 1662 731 optime
1681 660 1814 713 dili-

203 732 394 804 gentia
425 730 682 785 habenda
711 732 771 785 in
801 732 931 797 hoc,
975 732 1126 803 quod
1156 750 1258 787 nec
1277 731 1590 805 planctum,
1635 751 1812 805 neque

205 807 421 861 luctum
461 822 761 877 usurpasse
800 806 1120 877 Sapientem
1157 808 1398 873 inducit,
1467 808 1566 863 sed
1606 810 1815 863 solum-

205 880 370 935 modo
402 881 625 935 venisse
657 880 794 935 illuc
820 890 1046 953 propter
1075 882 1230 937 haec.
1308 882 1580 949 Quoniam
1615 901 1704 938 res
1745 900 1814 937 ex

206 956 513 1027 improviso
532 965 885 1011 occurrentes
902 966 1228 1029 praeterque
1248 958 1588 1015 voluntatem
1607 959 1815 1029 impin-

205 1039 399 1103 gentes
429 1030 713 1085 hominem
738 1032 978 1102 pusillae
1008 1034 1209 1087 mentis
1236 1042 1508 1089 coarctant
1527 1042 1580 1088 et
1599 1034 1815 1105 praeci-

204 1107 409 1177 pitant:
469 1114 807 1161 constantem
837 1124 969 1163 vero
998 1107 1248 1179 undique
1277 1108 1579 1163 humiliant
1605 1116 1814 1163 tantum

204 1182 423 1253 impetu
444 1178 615 1247 fact0,
650 1181 800 1236 haud
821 1190 1003 1237 tamen
1024 1184 1150 1246 tali,
1184 1200 1325 1254 quae
1353 1200 1532 1255 usque
1561 1184 1620 1236 in
1649 1182 1814 1237 finem

204 1255 517 1327 perducant
532 1297 545 1320 ,
588 1255 687 1310 sed
718 1274 747 1311 a
766 1266 976 1313 rectore
991 1257 1218 1312 consilii
1241 1258 1542 1313 fortissime
1560 1257 1814 1329 repulsae

205 1333 499 1385 retroverti
530 1339 819 1403 coguntur.
898 1334 1088 1404 Itaque
1119 1351 1227 1387 non
1259 1334 1388 1389 licet
1419 1333 1632 1388 homini
1652 1350 1813 1387 verae

206 1406 503 1477 probitatis
534 1406 783 1462 studioso
810 1407 1025 1463 devotis
1051 1408 1312 1480 precibus
1324 1408 1376 1481 ³¹²)
1392 1450 1405 1473 ,
1451 1424 1626 1480 quum
1650 1425 1814 1479 prae-

206 1492 288 1536 ter
306 1480 651 1536 voluntatem
674 1481 889 1552 aliquid
908 1484 1306 1554 supervenerit,
1321 1492 1495 1539 totum
1512 1501 1572 1538 se
1592 1491 1811 1554 raptum

206 1564 535 1627 motumque
574 1556 642 1611 ad
673 1556 817 1611 illud
846 1557 976 1612 ferri
1004 1560 1346 1631 permittere,
1395 1559 1496 1615 sed
1527 1559 1813 1629 paulisper

207 1639 427 1686 tantum
453 1639 750 1701 sequutum
780 1633 917 1686 tales
946 1634 1186 1705 impetus
1217 1634 1584 1697 retrocedere,
1625 1634 1814 1704 prius-

209 1722 379 1776 quam
400 1704 473 1759 ad
494 1704 661 1760 finem
679 1708 1013 1777 pervenerit.
1081 1709 1197 1764 Lex
1215 1710 1320 1763 ista
1341 1725 1494 1763 sacra
1517 1716 1813 1778 sanctaque

210 1781 417 1852 scripta
445 1788 529 1834 est
556 1797 657 1851 pro
686 1784 1070 1851 praecautione
1097 1792 1473 1854 peccatorum,
1517 1798 1658 1851 quae
1686 1782 1816 1851 qui-

211 1871 320 1925 que
338 1856 609 1926 patraturi
626 1856 763 1910 sint:
794 1865 873 1921 ut,
890 1856 1116 1927 quando
1135 1857 1204 1910 ab
1225 1858 1316 1919 iis,
1330 1872 1474 1926 quae
1495 1863 1647 1908 extra
1665 1863 1811 1917 sunt,

215 1931 426 1987 moveri
454 1947 515 1983 se
544 1932 808 1996 sentiant,
850 1933 999 1986 sieut
1028 1931 1099 1985 ab
1133 1928 1331 1985 alienis
1368 1928 1814 2000 possessionibus

214 2004 300 2059 vel
323 2021 355 2059 a
374 2004 653 2059 divisione
676 2006 955 2071 mulieris,
1000 2013 1229 2061 caveant
1257 2021 1327 2059 ne
1354 2010 1669 2079 perpetrent
1699 2002 1816 2057 fur-

213 2087 329 2134 tum
355 2080 448 2133 vel
470 2087 689 2151 raptum
709 2080 800 2135 vel
824 2080 1158 2135 adulterium
1180 2081 1300 2135 sive
1321 2081 1621 2152 quicquam
1640 2078 1815 2133 malo-

215 2170 337 2207 rum
357 2153 419 2208 id
439 2170 619 2227 genus
632 2195 645 2218 ‚
677 2154 777 2209 sed
796 2157 932 2210 satis
952 2157 1055 2210 rati
1079 2157 1344 2227 impetum
1366 2146 1580 2211 factum*
1590 2163 1734 2210 retro
1755 2171 1814 2208 se

214 2237 470 2284 moveant
508 2236 563 2284 et
597 2238 844 2301 perstent
886 2248 1055 2303 super
1101 2230 1443 2287 immobilem
1491 2230 1813 2300 firmamque

215 2312 474 2359 mentem.

314 2402 391 2467 [Ἴ
453 2401 551 2452 Cur
598 2402 739 2453 dicit.-
792 2403 1045 2467 „Advena
1092 2416 1138 2455 et
1165 2405 1452 2471 pereqrinus
1490 2416 1578 2464 eqo
1614 2415 1714 2449 aum

466 2464 471 2473 ⁵
735 2472 1045 2522 vobiscum“?
1097 2478 1203 2538 (23,
1224 2474 1302 2533 4.)

324 2555 411 2609 74.
458 2556 653 2611 Nonne
685 2554 1144 2629 peregrinationis
1169 2552 1334 2607 modo
1362 2551 1514 2623 degit
1542 2550 1687 2603 sicut
1717 2547 1816 2602 ad-

312 2688 357 2734 2)
388 2686 433 2727 Si
457 2690 737 2738 interrogatio
764 2690 897 2737 adsit,
922 2692 1068 2739 potest
1088 2690 1153 2727 sic
1174 2688 1305 2725 verti:
1351 2686 1493 2723 Nonne
1520 2684 1638 2721 liceat
1662 2680 1821 2719 homini

210 2738 345 2783 Probo
365 2742 513 2787 optare
532 2742 588 2785 (a.
607 2742 755 2787 orare)
776 2767 787 2780 .
808 2767 820 2780 .
841 2768 853 2781 .
870 2752 922 2781 ne
938 2744 1086 2789 raptus
1097 2740 1290 2785 seratur,
1318 2737 1392 2775 sed
1416 2736 1489 2773 etc.
1509 2760 1520 2772 .
1541 2759 1553 2771 .
1575 2734 1616 2771 ,r
1655 2728 1822 2769 Auch-
