2125 3084
215 184 308 251 με,
337 179 459 245 am]
573 184 655 231 ῙΝ
697 184 1051 264 GENEsm.
1093 184 1345 233 annuo
1382 188 1468 237 ιν.
1734 187 1827 239 ⁴93

219 290 334 345 lam
380 285 630 358 speciem
671 284 968 356 ideamque
1013 288 1239 340 virtutis
1286 287 1664 353 cernentibus,
1726 295 1826 361 qui

217 378 379 418 suam
409 360 747 432 imperitiam
777 367 831 414 et
867 360 1250 432 insipientiam
1286 362 1825 436 imprudentiamque

217 438 392 493 sacris
414 436 594 490 literis
615 434 913 490 dominicis
935 435 1284 499 adscribunt,
1309 444 1453 507 quae
1471 438 1717 492 omnium
1738 455 1825 494 re-

218 529 343 567 rum
363 510 692 566 verissimae
713 516 863 565 sunt.
915 511 1073 565 Ratio
1094 516 1274 565 autem
1296 527 1361 565 ea
1380 518 1481 574 est,
1506 513 1656 581 quia,
1682 515 1825 568 sicut

216 588 370 642 caeci
399 594 578 657 quum
617 592 842 657 tangere
881 592 1096 639 tantum
1134 585 1313 640 solent
1350 590 1403 639 et
1438 592 1586 640 tactu
1626 586 1827 642 adeunt

215 678 446 733 corpora
461 702 473 723 ,
510 676 612 713 nec
633 661 870 713 colorem
891 676 992 714 nec
1012 660 1246 732 figuram
1268 674 1371 714 nec
1394 658 1626 715 formam
1646 676 1831 732 neque

216 738 326 791 alia
347 734 603 807 qualitati
623 735 847 806 propria
878 736 1101 805 assequi
1128 743 1386 806 possunt,
1430 735 1691 789 similiter
1717 737 1824 789 im-

212 810 413 884 periti,
455 809 725 863 ineruditi
755 817 810 863 et
837 809 1048 864 indocti
1076 810 1255 864 oculis
1286 810 1507 865 'animae
1546 809 1824 866 obcaecati

215 886 310 941 vel
331 885 700 939 caecutientes
721 900 890 955 supra
912 885 1122 940 litteras
1152 891 1364 939 tantum
1394 883 1673 949 insidunt,
1716 886 1825 939 im-

212 961 512 1033 pingentes
542 957 1016 1030 adhaerentesque
1043 958 1181 1015 solis
1208 958 1527 1013 nominibus
1555 967 1609 1013 et
1633 959 1821 1014 verbis

211 1035 446 1106 prolatis
462 1074 474 1097 ‚
501 1033 652 1087 intus
671 1049 804 1088 vero
824 1034 1143 1105 perspicere
1163 1042 1443 1103 nequeunt
1465 1032 1532 1087 ad
1556 1034 1821 1089 intuenda

212 1103 618 1181 intelligibilia.
716 1107 892 1163 Habet
931 1108 1335 1191 autemwlittera
1372 1107 1519 1161 haud
1561 1108 1821 1181 exiguam

213 1183 617 1254 correptionem
657 1181 902 1237 hominis
941 1181 1096 1237 avidi
1135 1182 1382 1257 prodigi,
1429 1193 1529 1254 pro
1570 1182 1822 1237 admoni—

211 1259 363 1314 tione
385 1272 578 1312 eorum
592 1298 604 1320 ‚
636 1258 735 1327 qui
755 1258 936 1312 curari
956 1265 1209 1329 possunt.
1287 1258 1406 1312 Non
1428 1258 1578 1311 enim
1607 1258 1682 1312 ob
1706 1258 1820 1312 vile

210 1334 566 1406 pulmentum
587 1339 799 1387 coctum
821 1333 1099 1388 recusavit
1118 1331 1301 1404 (Esau)
1322 1333 1703 1396 maioritatem,
1728 1333 1821 1386 iu-

211 1409 357 1463 niori
379 1424 503 1463 eam
525 1406 752 1470 cedenS,
787 1406 886 1461 sed
904 1408 1037 1479 quia
1057 1424 1252 1463 servus
1274 1406 1494 1462 deditus
1516 1417 1631 1463 erat
1657 1408 1817 1463 volu-

211 1664 400 1712 mento
423 1655 656 1710 virtutes
676 1662 924 1719 cernunt,
946 1653 1253 1710 secundum
1270 1655 1619 1728 prudentiam
1632 1656 1815 1727 (mara.

211 1728 678 1802 imprudentiam)
719 1746 876 1783 suam
914 1729 1139 1785 divinas
1168 1730 1428 1785 lectiones
1455 1730 1813 1800 pensitanteS,

212 1822 360 1877 quae
379 1812 491 1859 tam
510 1811 668 1859 caute
687 1804 1059 1875 praescriptae
1077 1813 1227 1857 sunt.
1306 1803 1465 1856 Sicut
1492 1802 1641 1855 enim
1668 1803 1819 1855 caeci

213 1888 362 1936 tactu
404 1887 618 1935 tantum
653 1894 880 1950 corpora
919 1886 1177 1939 tractant,
1241 1892 1349 1930 non
1390 1875 1561 1929 decus
1598 1874 1815 1937 coloris,

211 1972 324 2010 non
345 1954 549 2009 formas
563 1994 576 2017 ‚
603 1970 782 2024 neque
803 1952 1010 2026 figuras
1023 1992 1038 2015 ‚
1076 1950 1165 2006 vel
1186 1951 1487 2021 quicquam
1506 1947 1661 2003 aliud
1680 1959 1819 2018 qua‘-

213 2030 388 2085 litatis
405 2030 785 2083 testimonium
813 2028 1110 2100 probantes
1124 2066 1137 2090 ‚
1177 2026 1256 2080 ita
1284 2026 1469 2079 minus
1490 2023 1637 2079 docti
1658 2030 1713 2077 et
1730 2023 1821 2075 in-

211 2105 350 2160 ertis
381 2103 596 2158 animae
624 2104 780 2158 oculi·
805 2104 1097 2175 privantur
1124 2101 1187 2155 in
1212 2116 1465 2156 sermone
1492 2097 1819 2155 narrationis

211 2179 468 2249 occupati
486 2219 499 2242 ,
545 2195 652 2232 non
683 2185 927 2232 scrutare
957 2177 1181 2232 nomina
1210 2176 1501 2239 Hebraico,
1544 2188 1653 2228 non
1692 2171 1821 2227 bar-

211 2254 350 2309 bara
369 2253 706 2307 intrinsecus
734 2250 1079 2324 perpendere
1107 2260 1337 2321 possunt
1366 2250 1434 2304 ad
1464 2246 1821 2303 consideran-

213 2327 349 2383 dam
375 2325 724 2382 altitudinem
755 2327 984 2391 mentis,
1025 2326 1266 2381 maxime
1293 2342 1420 2381 cum
1441 2325 1562 2394 ipsa
1584 2320 1821 2375 narratio

213 2402 616 2458 conscientiam
637 2402 819 2473 arguit
835 2401 1183 2472 impunitatis
1198 2441 1211 2465 ,
1250 2408 1305 2455 et
1323 2398 1596 2454 medelam
1616 2411 1820 2466 sugge-

210 2477 290 2532 rit
317 2490 391 2530 ex
421 2480 628 2546 aperto.
670 2504 746 2517 -—
781 2474 931 2542 Quid
963 2477 1113 2529 enim
1142 2489 1243 2547 pro
1262 2474 1464 2529 frivola
1478 2486 1602 2526 esca
1622 2470 1821 2540 primi-

211 2551 324 2607 tias
347 2550 548 2604 minori
576 2549 759 2605 cedit?
809 2551 880 2605 Ut
909 2549 1152 2604 famulus
1180 2548 1419 2610 ventris,
1460 2547 1816 2615 vituperator,

211 2624 442 2680 nullum
470 2626 837 2680 continentiae
865 2624 1048 2681 zelum
1076 2622 1363 2685 sectando,
1404 2622 1481 2675 ita
1512 2619 1703 2674 altiora
1731 2620 1822 2671 in-

208 2698 446 2754 tellectu
494 2699 664 2753 huius
715 2699 853 2755 dicti
900 2699 1153 2755 veritatis
1210 2696 1409 2819 titulo}
1439 2692 1821 2751 commendat.

287 2772 333 2822 P
348 2786 390 2823 n
403 2786 422 2821 1
437 2786 470 2821 ι,
485 2786 519 2821 0
557 2772 676 2823 Vll.
