2125 3084
58 223 69 264 :
170 203 335 271 [1,.24.]
438 209 538 253 DE
576 208 1124 256 Pnovmmwrm
1161 176 1414 257 sERnYo
1451 215 1488 257 1.
1687 211 1751 262 33

274 313 360 366 49.
400 307 559 374 Quod
576 309 626 362 si
646 309 773 379 quis
792 325 902 364 non
922 307 1065 362 hanc
1085 325 1206 363 esse
1227 310 1432 366 dixerit
1447 313 1568 366 eius
1594 323 1756 371 natu-

168 403 279 441 ram
294 426 307 449 ‚
337 391 401 439 ut
420 384 557 438 haec
577 399 795 455 semper
810 384 869 438 in
890 401 949 438 se
967 381 1192 447 habeat,
1226 392 1280 438 et
1301 384 1431 440 inde
1450 385 1568 450 det,
1605 389 1756 446 unde

168 461 327 516 habet
340 502 353 524 ,
388 458 735 532 interrogabo
756 475 857 530 ego
876 475 1004 512 eum
1028 458 1134 512 hoc
1151 459 1339 514 modo:
1403 460 1465 514 Si
1490 461 1591 532 qui
1613 465 1757 518 acci-

166 541 273 608 pit,
300 551 475 606 quum
496 536 619 605 ipse
638 551 765 606 pars
786 533 973 604 aliqua
992 535 1068 588 sit
1087 532 1282 588 mundi
1303 536 1587 606 partisque
1607 554 1752 608 parS,

165 611 431 683 providus
470 625 591 664 esse
637 609 855 664 videtur
868 649 881 672 ,
923 607 1198 679 quomodo
1238 609 1333 664 ille
1361 627 1472 664 non
1499 611 1603 666 erit
1630 629 1758 683 pro-

165 686 347 750 vidus»,
371 686 471 755 qui
492 693 671 739 creata
689 684 824 739 haec
841 682 981 738 dona
1002 683 1324 739 hominibus
1345 684 1513 750 affert,
1537 686 1758 756 quando

166 761 253 816 vel
282 762 405 832 ipse
420 801 433 824 ‚
479 761 579 831 qui
600 759 669 814 ab
690 759 789 814 illo
810 758 945 814 haec
966 759 1194 831 accipit,
1234 759 1502 830 providus
1524 778 1646 816 esse
1665 779 1758 817 co-

163 833 481 908 gnoscitur‘?

274 962 361 1013 50.
400 959 553 1014 Dicat
572 958 713 1012 mihi
730 957 1032 1029 Epicur-ua,
1065 966 1332 1030 quotquot
1353 961 1474 1030 ipse
1503 963 1760 1034 scriptio-

160 1052 263 1090 nes
295 1033 496 1098 edidit,
538 1041 725 1088 utrum
754 1049 825 1087 ex
850 1033 1200 1104 providentia
1217 1035 1599 1106 sapientiaque
1617 1039 1758 1091 scri-

158 1109 362 1183 pserit,
404 1125 472 1161 an
500 1109 619 1162 sine
646 1107 952 1180 sapientia?
1008 1108 1072 1162 Si
1099 1109 1249 1163 enim
1269 1109 1390 1163 sine
1409 1110 1757 1180 providentia

158 1183 545 1255 sapientiaque
564 1184 785 1254 scripsit
797 1223 810 1248 ‚
842 1199 981 1237 anne
1000 1183 1113 1237 sibi
1133 1183 1340 1256 gloriae
1359 1184 1564 1240 tribuet
1577 1227 1590 1251 ,
1615 1203 1758 1258 quae

158 1258 389 1329 scripsit
426 1257 743 1312 huiusmodi
781 1275 929 1321 esse,
973 1265 1035 1312 ut
1060 1257 1331 1329 sapientia
1365 1267 1420 1314 et
1457 1260 1757 1333 disciplina

157 1335 425 1390 destituta
454 1349 574 1387 esse
602 1331 931 1387 videantur?
986 1331 1142 1398 Quod
1169 1334 1220 1387 si
1239 1335 1515 1406 sapienter
1533 1339 1760 1409 scripsit

158 1419 326 1480 atque
345 1407 661 1480 prudenter,
692 1407 963 1479 quomodo
984 1409 1206 1479 sapiens
1230 1410 1350 1475 erit,
1375 1410 1524 1481 quod
1545 1429 1653 1467 non
1675 1421 1759 1468 est

117 1536 120 1538 ,
157 1501 232 1540 ex
252 1485 522 1555 sapientia
537 1525 549 1548 ,
592 1491 687 1538 aut
714 1483 1010 1554 providum
1025 1524 1038 1547 ,
1054 1483 1230 1554 ·quod
1249 1501 1358 1540 non
1379 1495 1462 1542 est
1479 1503 1550 1542 ex
1569 1489 1760 1559 provi-

158 1559 385 1615 dentia‘?
442 1558 734 1630 Siquidem
760 1573 869 1612 non
890 1556 1013 1632 (est)
1030 1561 1300 1630 sapientia
1317 1562 1438 1616 sine
1457 1563 1759 1634 providen—

152 1637 235 1691 tia
252 1677 264 1700 ,
298 1651 479 1706 neque
498 1632 847 1705 providentia
868 1633 988 1687 sine
1008 1635 1297 1706 sapientia.

274 1763 361 1813 5⁴.
408 1756 483 1832 [³¹⁵]
507 1757 663 1824 Quod
686 1759 733 1812 si
754 1755 890 1813 haec
911 1760 987 1814 ita
1006 1776 1068 1814 se
1087 1759 1309 1825 habent,
1334 1759 1593 1814 fatebitur
1613 1767 1758 1814 certe

153 1833 572 1909 providentiam
586 1873 599 1897 ‚
623 1831 813 1904 qui‘ex
831 1833 1178 1905 providentia
1197 1843 1298 1898 est,
1313 1842 1378 1888 et
1392 1833 1614 1888 docebit
1629 1850 1759 1903 pro-

151 1908 495 1972 videntiam,
538 1916 808 1978 quatenus
835 1909 1217 1981 providentiae
1242 1925 1370 1984 pars
1408 1917 1516 1962 est:
1577 1924 1759 1977 quon-

152 1988 273 2040 iam
302 1990 484 2054 partes
512 1985 633 2037 sine
662 1990 770 2038 toto
800 2001 907 2039 non
939 1985 1271 2046 consistunt,
1312 1999 1414 2036 nec
1443 1990 1616 2036 totum
1635 1983 1759 2038 sine

148 2057 435 2133 partibus,
520 2056 654 2123 Quis
696 2058 843 2112 enim
886 2057 1091 2112 dixerit
1127 2065 1299 2111 totum
1335 2058 1455 2110 sine
1482 2056 1752 2127 partihuS,

150 2133 371 2206 quibus
392 2131 625 2187 sublatis
646 2149 753 2190 non
775 2142 859 2188 est
882 2131 1093 2187 totum?
1146 2129 1296 2198 Quae
1327 2147 1456 2204 ergo
1485 2130 1758 2186 inutilitas

152 2227 224 2264 ac
246 2207 673 2279 improvidentia
696 2209 825 2271 erit,
868 2207 968 2261 ubi
998 2207 1294 2278 quisquam
1313 2208 1433 2277 ipse
1455 2214 1578 2260 ante
1597 2223 1758 2261 omne

150 2300 305 2356 opus
344 2284 708 2355 comperiatur
746 2283 969 2354 sapiens
1013 2298 1076 2336 ac
1123 2279 1426 2354 providus?
1502 2281 1563 2335 Si
1609 2281 1758 2335 enim

153 2359 395 2414 scientia
416 2365 525 2423 est,
558 2360 724 2414 etiam
744 2356 975 2429 provida
994 2365 1103 2411 est:
1167 2357 1320 2428 atqui
1351 2355 1512 2411 datur
1537 2355 1759 2427 sapien-

149 2436 235 2489 tia
256 2449 322 2487 ac
340 2433 572 2488 scientia
586 2475 599 2498 ‚
635 2451 666 2488 a
686 2449 797 2504 qua
817 2431 1042 2486 edoctus
1065 2430 1195 2498 fuit3
1260 2438 1342 2486 est
1363 2431 1510 2485 enim
1537 2431 1760 2502 sapien-

149 2509 233 2564 tia
254 2509 533 2578 sapientes
552 2508 779 2563 edocere
794 2549 807 2572 ,
844 2523 952 2561 non
974 2514 1156 2562 autem
1178 2507 1448 2577 insipiens
1470 2514 1552 2560 est
1577 2505 1760 2561 soien-

149 2585 255 2639 tia.
337 2581 494 2648 Quod
522 2585 698 2638 sinon
719 2590 802 2636 est
821 2582 1094 2653 insipiens
1109 2622 1122 2645 ‚
1156 2581 1378 2652 sapiens
1399 2583 1528 2648 erit3
1589 2584 1640 2636 si
1661 2598 1760 2636 au-

148 2667 272 2713 tem
293 2657 515 2728 sapiens
529 2699 542 2722 ‚
573 2657 807 2730 provida
828 2657 1021 2726 utique
1040 2655 1172 2710 erit:
1234 2657 1368 2726 quia
1387 2657 1627 2730 pervigil
1647 2657 1760 2712 sol-

148 2734 319 2788 lertia
345 2731 577 2805 provide
605 2731 789 2788 omnia
826 2731 957 2804 agit.
1035 2730 1275 2802 Ideoque
1313 2731 1516 2788 iterum
1547 2732 1758 2788 dicam:

225 2807 453 2858 Primo
493 2807 635 2858 Vlll.
1211 2832 1218 2838 ·
1305 2805 1348 2856 C
