2125 3084
182 222 247 289 [1,
270 218 367 286 83.]
442 225 541 271 DE
578 222 1128 274 PROVIDENTIA
1164 226 1417 273 SERMO
1453 230 1516 275 11.
1715 224 1773 276 81

184 334 383 381 nactus
403 326 609 381 bonum
628 324 767 381 velit
784 332 969 379 notare
987 326 1286 397 quicquam
1301 366 1314 389 ,
1353 335 1416 381 ut
1439 326 1782 399 superfluum

184 400 257 457 de
284 402 359 455 iis
386 416 529 473 quae
558 402 617 455 in
644 400 891 455 materiis
928 399 1336 455 discernuntur.
1415 400 1782 474 sophismatis

184 478 335 532 enim
356 492 497 548 opus
518 484 603 531 est
618 475 787 531 verba
810 476 1122 547 excogitare
1137 516 1149 540 ‚
1191 476 1494 547 sapientiae
1516 494 1648 532 vero
1665 480 1786 534 sin-

184 552 319 625 gula
336 551 679 615 examinare,
721 562 865 623 quae
889 550 949 603 in
978 559 1170 605 natura
1197 560 1516 615 occurrunt,
1557 551 1785 609 honesta

185 626 455 691 modestia
476 634 531 681 et
549 640 791 698 congrua
809 625 1161 695 perceptione
1181 624 1294 697 (aut
1313 627 1723 701 acceptatione).

298 722 385 775 52.
427 716 818 773 Auximon.
860 716 1080 771 Videris
1117 732 1346 789 arguere
1383 732 1500 782 me,
1541 735 1574 773 o
1603 719 1780 784 Philo,

190 802 473 865 tamquam
492 792 724 865 indigne
746 789 1009 847 ferentem
1025 791 1163 845 haec
1183 800 1237 845 et
1254 800 1428 847 tanta:
1480 810 1583 866 ego
1605 802 1784 851 tamen

186 868 339 924 haud
360 867 509 923 soleo
530 865 817 923 hominum
835 866 1101 922 rationem
1123 866 1352 931 hahere,
1377 876 1437 923 ut
1457 867 1594 923 dicit
1613 870 1782 934 Plato,

182 942 287 999 sed
308 960 449 1013 quae
470 942 731 1003 videntur
748 942 889 996 mihi
909 943 1221 1013 perspicua,
1251 940 1436 997 dicere
1457 944 1577 999 sinc
1599 959 1789 999 assen-

182 1019 411 1074 tatione.
488 1017 667 1084 Quare
703 1032 861 1071 nunc
890 1016 1054 1071 ctiam
1091 1016 1353 1087 quoniam
1388 1034 1478 1072 me
1503 1018 1669 1074 valde
1696 1020 1789 1073 in-

180 1094 420 1164 crepitat
457 1086 861 1147 animadversio
898 1100 1084 1145 contra
1123 1091 1556 1163 providentiam,
1605 1102 1785 1149 tacere

180 1169 413 1224 omnino
447 1182 555 1223 non
591 1182 845 1238 possum:
904 1182 1032 1221 ecce
1061 1168 1210 1221 enim
1239 1170 1492 1237 pervenit
1515 1185 1696 1241 usque
1723 1170 1784 1224 in

192 1244 445 1317 linguam
464 1250 519 1297 et
536 1256 596 1296 on
611 1283 624 1307 ‚
657 1250 719 1297 ut
738 1239 1061 1313 respirando
1081 1240 1355 1313 proferam
1374 1244 1682 1315 sequentia.

300 1334 387 1389 53.
436 1334 770 1388 Immensum
796 1348 1062 1398 vacuum,
1104 1341 1166 1388 ut
1191 1334 1495 1389 novissime
1529 1334 1785 1390 nonnulli

184 1410 411 1474 dicunt,-
426 1407 586 1463 datur
604 1410 775 1480 idque
796 1408 1072 1464 excedens
1091 1418 1356 1477 mentem;
1410 1418 1559 1481 patet
1579 1418 1779 1475 autem,

180 1483 334 1558 quod
354 1501 463 1540 non
485 1490 567 1539 est
596 1484 801 1539 iactum
828 1484 1138 1539 secundum
1165 1484 1568 1555 providentiam
1585 1528 1597 1550 ,
1639 1486 1784 1541 sicut

180 1576 365 1633 neque
394 1558 568 1615 locus.
646 1560 745 1615 Est
764 1560 939 1625 enim,
972 1558 1436 1631 quemadmodum
1465 1560 1785 1635 syllogistae

179 1634 405 1699 dicunt,
448 1650 719 1698 vacuum,
761 1633 914 1689 locus
942 1650 1074 1689 mox
1103 1650 1134 1688 a
1163 1650 1386 1707 corpore
1405 1634 1780 1707 occupandus.

177 1712 354 1781 Atqui
375 1710 425 1765 si
446 1724 548 1763 nec
567 1708 721 1763 loeus
750 1725 929 1780 neque
956 1704 1304 1781 superficies,
1349 1728 1479 1783 ergo
1507 1725 1688 1782 neque
1717 1710 1784 1763 fi-

178 1802 323 1859 gura
360 1782 555 1838 mundi
597 1782 903 1838 secundum
942 1784 1438 1857 providentiam‚in
1476 1801 1671 1840 verum
1705 1781 1779 1859 [¹¹]

178 1856 416 1935 globum
452 1857 623 1929 polita
664 1864 767 1912 est.
854 1856 1118 1931 Sequitur
1154 1876 1310 1931 ergo,
1368 1860 1533 1913 etiam
1573 1865 1784 1912 caetera

176 1934 368 1991 omnia
397 1934 518 1987 sine
546 1932 979 2007 praesidentia*)
1006 1933 1148 1989 facta
1179 1932 1352 1987 fuisse
1387 1942 1441 1987 et
1467 1934 1783 1987 visitatione

177 2010 246 2083 (i.
269 2026 319 2063 e.
344 2007 723 2080 providentiae
743 2008 892 2083 cura)
914 2012 1118 2063 carere}
1191 2007 1337 2074 Quin
1357 2008 1470 2062 imo
1491 2016 1543 2062 et
1564 2015 1782 2078 tempus
1877 2014 1892 2027 ”

177 2093 269 2141 est
289 2082 566 2137 infinitum
583 2101 595 2152 ;
648 2100 829 2157 nequ-e
850 2100 981 2157 ergo
1001 2084 1122 2139 iure
1142 2082 1348 2137 dicitur
1365 2100 1466 2153 per
1483 2081 1784 2153 providen—

175 2160 320 2216 tiam
339 2156 431 2213 dei
452 2176 591 2213 esse.
651 2158 809 2226 Quod
830 2160 881 2213 si
902 2160 973 2214 ita
995 2176 1054 2219 se
1076 2158 1242 2213 habet
1256 2200 1268 2221 ‚
1291 2174 1421 2231 ergo
1443 2174 1621 2229 neque
1643 2166 1783 2213 tem—

174 2230 335 2308 poris
356 2235 625 2289 sectiones
640 2276 655 2299 ‚
697 2232 819 2290 dies
838 2244 893 2289 et
910 2241 1098 2289 noctes
1119 2248 1447 2304 mensesque
1468 2238 1630 2305 atque
1651 2235 1780 2287 anni

176 2319 236 2366 et
259 2316 370 2365 tota
390 2308 764 2365 circumactio.

291 2400 378 2456 54.
426 2396 901 2473 Quandoquidem
920 2416 1048 2453 vero
1081 2398 1150 2453 ad
1177 2400 1620 2469 incorporeorum
1640 2414 1780 2469 quo-

174 2494 291 2548 que
327 2474 679 2532 ascendimus
719 2475 1013 2538 rationem,
1058 2492 1159 2528 nec
1199 2490 1261 2528 ea
1297 2473 1778 2544 praetermittenda

173 2560 311 2606 sunt
324 2592 337 2615 ,
360 2552 509 2606 unde
531 2551 854 2607 dialecticae
874 2550 1224 2621 quaestiones
1245 2557 1298 2603 et
1323 2547 1480 2603 ideae
1498 2557 1772 2618 constant3

175 2626 443 2697 quoniam
483 2627 834 2697 quaestiones
870 2625 1004 2679 istas
1051 2623 1120 2679 de
1171 2622 1437 2678 absolutis
1481 2625 1778 2679 nominatis

280 2768 323 2815 ⁵)
352 2768 397 2807 h.
424 2776 465 2807 e.
492 2768 585 2807 sine
610 2769 755 2807 mente
780 2766 975 2815 praeside
999 2765 1071 2807 vel
1095 2742 1270 2805 modum
1293 2768 1523 2807 statuente.
1574 2765 1735 2806 Anch.

251 2814 473 2868 Pnino
510 2818 655 2869 Vlll.
1323 2816 1370 2867 F
