2125 3084
181 202 266 268 [11‚
292 200 415 265 172]
536 204 618 249 IN
659 204 1011 251 GENESIN.
1050 207 1308 253 SERMO
1352 208 1440 253 111.
1761 207 1794 258 5

179 305 335 378 quod
358 312 543 359 autem
562 303 781 357 animae
800 302 1037 375 praefert
1056 305 1504 371 similitudinem,
1531 310 1588 362 in
1611 312 1792 365 aerem

180 390 235 436 et
253 380 441 451 magis
462 378 633 433 vitale
654 378 1023 449 spiraculum:
1075 388 1129 434 et
1148 379 1280 444 hoc,
1311 389 1371 438 ut
1392 382 1541 447 dixi,
1573 400 1794 439 mascu—

180 456 302 510 lum
330 461 437 510 est.
518 452 580 507 Si
610 469 743 525 ergo
772 454 1078 509 masculum
1109 462 1323 525 oportet
1348 472 1542 511 vocare
1563 475 1793 513 moven-
1843 514 1853 524 ,

179 540 295 585 tem
336 544 565 583 eausam
590 535 645 581 et
673 536 927 599 agentem
940 569 953 592 ‚
1008 527 1218 584 femina
1253 529 1358 585 erit
1387 529 1622 585 dicenda
1649 549 1794 603 quae

179 611 439 659 movetur
465 619 529 657 ac
553 602 782 673 patitur.

294 705 635 763 Volatilibus
656 712 839 759 autem
854 745 866 768 ‚
889 712 953 759 ut
972 712 1104 760 sunt
1123 704 1378 760 columba
1399 715 1455 762 et
1473 714 1654 763 turtur
1667 750 1680 773 ,
1713 708 1796 763 fa-

180 782 426 837 miliaris
448 780 720 851 reperitur
739 786 913 833 totum
934 780 1150 834 caelum
1165 820 1178 843 ‚
1209 780 1572 837 distributum
1593 783 1651 836 in
1671 783 1795 857 pla-

180 865 440 911 netarum
465 852 538 929 [³¹⁶]
565 854 911 926 fixarumque
940 852 1264 927 (stellarum)
1293 872 1514 929 gyrum.
1595 858 1792 913 Plane-

180 932 257 986 tis
276 932 469 1003 itaque
490 928 711 983 addicat
734 928 1074 997 columbam;
1115 930 1268 985 cicur
1287 932 1434 985 enim
1459 940 1541 987 est
1562 940 1614 987 et
1633 950 1792 987 man-

180 1004 501 1060 suefactum
528 1002 760 1058 animal:
814 1003 958 1058 sicut
986 1012 1039 1057 et
1063 1004 1315 1074 planetae
1342 1004 1646 1061 familiares
1671 1024 1792 1073 ma-

178 1080 288 1155 gis·
307 1078 474 1133 nobis
501 1086 653 1142 sunt,
705 1084 767 1133 ut
792 1077 1090 1132 viciniores
1119 1086 1295 1133 terrae
1324 1088 1377 1133 et
1397 1080 1793 1151 compatientes

180 1154 503 1209 nobiscum.
574 1153 731 1207 Fixis
754 1160 935 1206 autem
954 1160 1250 1218 turturem3
1301 1152 1621 1207 solitudinis
1644 1155 1794 1207 enim

180 1237 397 1283 amator
416 1236 501 1282 est
523 1228 775 1283 animans
789 1268 801 1290 ‚
850 1235 903 1281 et
924 1228 1394 1282 conversationem
1416 1228 1792 1283 multitudinis

178 1306 333 1359 sicut
361 1303 529 1357 etiam
558 1302 766 1358 coitum
794 1299 964 1373 fugit:
1018 1303 1101 1355 sic
1128 1302 1465 1375 longinquus
1497 1304 1630 1358 etin
1657 1303 1792 1358 ulti-

179 1381 293 1435 mis
312 1377 469 1433 orbis
489 1376 931 1432 extremitatibus
952 1384 1034 1431 est
1057 1376 1258 1449 globus
1285 1378 1554 1432 inerrans,
1634 1379 1792 1432 Assi-

180 1454 367 1509 milati
397 1460 529 1507 sunt
556 1468 687 1525 ergo
716 1450 1046 1507 caelestibus
1065 1451 1366 1507 virtutibus
1387 1453 1548 1507 ambo
1568 1451 1792 1507 ordines

180 1530 427 1584 duarum
468 1527 684 1590 avium,
733 1526 1022 1597 quoniam,
1070 1534 1134 1583 ut
1172 1528 1248 1581 ait
1277 1526 1588 1582 Socraticus
1615 1527 1798 1599 Plato,r

165 1620 414 1660 'currum
452 1602 738 1657 volucrem
774 1617 893 1655 esse
922 1603 1180 1655 convenit
1205 1601 1357 1656 caelo
1385 1609 1609 1675 propter
1638 1601 1794 1655 velo-

181 1680 476 1735 cissimam
514 1675 1020 1740 circumactionern,
1070 1677 1281 1748 quippe
1319 1675 1470 1749 quod
1511 1674 1599 1730 vel
1639 1677 1792 1747 ipsos

181 1755 447 1811 volucres
476 1758 701 1823 superat
735 1750 1021 1805 velocitate
1049 1751 1109 1804 in
1139 1768 1306 1805 cursu
1333 1767 1455 1804 suo.
1535 1750 1792 1808 Cantato-

181 1846 271 1884 res
310 1844 446 1883 vero
483 1834 614 1880 sunt
652 1832 1114 1896 praememoratae
1149 1841 1305 1886 aves,
1350 1823 1457 1877 sub
1487 1824 1796 1893 aenigmate

182 1903 475 1959 indicante
495 1899 765 1977 propheta
790 1916 928 1963 eam,
952 1898 1178 1971 quaein
1201 1896 1351 1949 caelo
1372 1903 1470 1960 est,
1497 1894 1796 1966 perfectam

183 1978 490 2039 musicam,
533 1991 605 2028 ex
632 1981 784 2028 motu
814 1973 1098 2041 stellarum
1123 1971 1440 2026 harmonice
1468 1979 1790 2042 coaptatam.

184 2052 463 2119 Quoniam
484 2055 872 2121 argumentum
890 2048 1165 2102 humanae
1186 2054 1268 2101 est
1288 2047 1420 2101 artis
1434 2087 1449 2112 ,
1486 2063 1596 2118 qua
1613 2046 1794 2101 omnis

186 2142 469 2199 congruus
496 2131 691 2178 cantus
711 2124 866 2177 vocis
888 2122 1212 2177 animalium
1235 2130 1286 2177 et
1305 2121 1794 2177 instrumentorum

186 2200 558 2255 animantium
587 2198 927 2253 construitur
953 2214 1053 2269 per
1080 2196 1412 2252 industriam
1438 2196 1677 2275 ingenii3
1723 2194 1795 2248 il-

186 2274 305 2330 lum
334 2290 470 2329 vero
498 2281 723 2330 cantum
754 2272 1043 2327 caelestem
1073 2271 1224 2326 haud
1254 2272 1404 2345 large
1432 2269 1680 2325 extendit
1698 2286 1796 2323 us-

186 2366 297 2421 que
316 2350 379 2407 in
396 2357 599 2404 terram
620 2354 861 2411 creator,
904 2346 1047 2401 sicut
1068 2354 1120 2400 et
1147 2344 1328 2401 radios
1357 2345 1564 2401 solares
1579 2385 1592 2408 ,
1635 2359 1798 2420 prae-

186 2424 421 2479 veniens
442 2440 631 2477 curam
652 2438 847 2497 gerere
865 2426 1086 2494 propter
1105 2437 1281 2493 genus
1302 2420 1627 2475 humanum.
1683 2416 1801 2467 Ex-

188 2500 323 2553 citat
352 2498 502 2551 enim
531 2496 681 2570 (talis
704 2494 918 2568 cantus)
938 2494 1214 2549 insaniam
1232 2496 1292 2549 in
1315 2492 1544 2548 auribus
1567 2495 1621 2541 et
1638 2486 1802 2540 indo—

185 2572 385 2627 mitam
406 2572 753 2643 voluptatem
774 2568 1003 2625 afferens
1024 2570 1227 2632 animo,
1253 2567 1386 2621 facit
1404 2572 1467 2617 ut
1487 2568 1803 2615 contemna-

186 2656 277 2703 tur
297 2646 466 2701 cibus
487 2654 542 2700 et
559 2654 727 2717 potus
742 2686 756 2710 ‚
798 2652 965 2720 atque
993 2643 1139 2697 fame
1159 2648 1390 2697 mortem
1408 2640 1806 2708 approperante

188 2721 305 2778 fere
332 2720 638 2777 moriamur
664 2720 740 2777 ob
773 2718 1102 2792 cupidinem
1129 2721 1344 2771 cantus.
1405 2708 1564 2777 Quod
1583 2709 1633 2761 si
1654 2706 1808 2759 Sire-
