2125 3084
148 210 229 274 [IL
252 205 374 271 196]
499 212 579 257 IN
618 210 971 257 GENESIN.
1012 210 1265 257 SERMO
1302 210 1394 257 m.
1683 203 1750 257 25

148 323 199 368 et
226 312 581 367 accusatione
612 310 892 366 existimat
920 310 1130 366 bonum
1157 310 1486 366 servandum
1524 326 1647 365 esse
1685 326 1750 365 ac

148 402 403 442 veracem
419 426 432 449 ‚
500 386 733 440 minime
776 400 909 441 vero
952 384 1377 441 obliviscentem
1431 386 1745 458 coniugem,

149 468 375 533 semper*
399 460 550 515 enim
577 476 708 515 eum
734 459 952 516 inducit
974 461 1129 516 omni
1149 460 1496 515 veneratione
1515 460 1751 515 honora-

149 547 265 591 tum
278 576 295 601 ‚
340 534 631 591 dominum
659 536 971 591 nominans.
1049 536 1256 589 Verum
1293 542 1380 589 est
1413 543 1594 589 tamen
1631 535 1752 607 pri-

148 628 333 677 mum;
364 627 440 665 ex
456 624 569 681 quo
591 610 743 664 enim
760 618 1002 681 tempore
1022 608 1285 664 ancillam
1297 608 1454 663 dedit
1470 609 1524 662 ei
1541 618 1602 662 ut
1622 624 1752 663 con-

149 686 417 740 cubinam
430 725 443 749 ,
480 684 698 755 despici
716 692 905 755 putata
922 691 1010 739 est
1025 685 1172 755 ipsa.
1250 684 1488 739 Litterae
1517 681 1643 737 talis
1671 692 1755 737 est

147 776 373 815 sensus.
452 757 539 815 Ad
572 767 812 813 mentem
840 774 998 814 vero:
1048 758 1283 826 Quando
1311 758 1440 829 quis
1470 757 1626 812 dabit
1653 755 1758 828 (al-

148 829 277 906 teri)
320 834 627 904 sapientiae
669 832 953 898 ancillam,
1005 834 1240 889 consilio
1268 833 1367 888 illa
1397 832 1754 904 sophismatis

150 910 418 980 ignorans
456 905 738 962 dominam
777 907 1072 978 despiciet3
1135 906 1357 979 quando
1385 908 1535 963 enim
1563 923 1756 979 posse-

153 982 305 1037 derit
351 983 474 1052 ipsa
520 981 1002 1055 encyclopaediam
1048 998 1114 1037 ac
1159 981 1462 1039 delectetur
1507 982 1755 1039 claritate

152 1058 311 1111 eius:
378 1055 479 1109 ubi
515 1072 879 1129 unaquaeque
922 1056 1274 1112 scientiarum
1323 1055 1487 1112 valde
1535 1056 1757 1111 attrahit

154 1131 407 1185 animam
434 1128 490 1183 in
520 1147 605 1197 se,
648 1138 933 1205 tamquam
960 1130 1174 1185 habens
1202 1132 1320 1186 vim
1349 1130 1620 1185 violenter
1643 1140 1758 1185 tra-

152 1202 333 1260 hendi
347 1245 361 1265 ,
400 1220 507 1259 non
528 1204 767 1277 amplius
787 1213 967 1277 potest
986 1204 1210 1278 (ancilla
1230 1202 1348 1277 illa)
1369 1221 1429 1259 se
1450 1204 1610 1259 unire
1631 1220 1758 1258 cum

153 1280 403 1343 domina,
433 1279 553 1334 sive
571 1280 818 1353 imagine
838 1281 1144 1352 sapientiae
1165 1296 1229 1335 ac
1247 1280 1487 1353 gloriosa
1507 1278 1628 1334 eius
1649 1279 1758 1332 mi-

152 1352 437 1425 rabilique
464 1352 665 1420 forma,
709 1354 883 1410 donec
916 1354 1316 1427 superveniens
1353 1361 1546 1409 acutus
1583 1352 1757 1410 iudex

154 1446 343 1484 rerum
357 1469 371 1493 ‚
412 1429 648 1485 verbum
669 1428 927 1485 divinum
940 1470 954 1495 ,
992 1438 1209 1501 separet
1228 1438 1283 1485 et
1305 1428 1588 1502 disiungat
1607 1430 1758 1484 veri-

154 1502 366 1559 similia
390 1520 421 1558 a
442 1504 688 1569 veritate,
703 1503 996 1578 mediaque
1016 1504 1088 1559 ab
1105 1504 1567 1569 extremitatibuS‚
1595 1512 1648 1559 et
1668 1520 1759 1559 se—

155 1578 340 1634 cunda
360 1596 391 1633 a
412 1579 725 1645 constitutis
742 1580 803 1634 in
831 1578 1009 1652 primo
1038 1579 1259 1636 ordine:
1310 1578 1668 1653 quamobrem
1698 1579 1758 1632 in

152 1654 375 1709 ultimis
397 1652 560 1709 dicit:
608 1654 805 1711 Iudicat
824 1656 949 1709 deus
968 1659 1105 1709 inter
1122 1673 1201 1709 ma
1219 1662 1266 1710 et
1286 1663 1351 1709 te.

161 1810 326 1867 Quare
355 1809 477 1860 decit
494 1809 769 1860 Abraham.-
804 1810 981 1874 „Ecce
1007 1810 1186 1863 ancilla
1215 1819 1299 1869 tua
1323 1810 1376 1859 in
1401 1810 1615 1859 manibus
1642 1810 1757 1867 εαίες

264 1878 363 1942 sac
398 1894 500 1927 cum
534 1876 643 1941 illa,
684 1878 913 1943 quomodo
948 1878 1037 1928 tibi
1058 1876 1302 1941 placuerit
1318 1878 1386 1923 “i
1427 1872 1535 1937 (16,
1567 1874 1640 1938 6.)

273 1982 359 2035 24.
410 1978 661 2035 Laudem
698 1980 939 2035 continet
978 1979 1160 2033 littera
1199 1976 1270 2033 de
1299 1976 1546 2048 sapiente
1572 1973 1638 2046 (s.
1671 1992 1762 2030 sa-

156 2052 413 2125 pientis);
449 2070 553 2107 nec
573 2054 722 2107 enim
743 2069 971 2109 uxorem
990 2070 1148 2109 suam
1171 2069 1352 2125 neque
1373 2049 1754 2117 concubinam,

157 2127 260 2181 sed
282 2128 542 2183 ancillam
562 2129 753 2182 uxoris
772 2144 905 2182 suae
927 2128 1072 2183 dixit
1091 2145 1213 2182 eam
1226 2170 1239 2193 ‚
1269 2145 1411 2200 quae
1432 2146 1462 2183 a
1482 2144 1542 2183 se
1563 2145 1760 2183 conce-

154 2210 332 2273 perat.
413 2201 687 2269 Quoniam
724 2219 855 2257 vero
896 2201 1124 2259 videbat
1159 2211 1212 2259 et
1249 2204 1404 2259 illam
1448 2204 1761 2276 productri—

156 2293 281 2331 cem
295 2317 307 2340 ‚
340 2294 449 2331 non
473 2277 556 2331 ira
573 2293 712 2330 usus
730 2277 1082 2333 exacerbavit
1105 2274 1178 2365 [⁴⁶⁵]
1205 2276 1543 2334 affectionem
1565 2279 1756 2339 animi,

154 2351 259 2405 sed
296 2350 517 2406 sedavit
545 2349 621 2423 (s.
653 2350 980 2422 prudentem
1008 2352 1293 2426 reddidit).
1371 2355 1548 2408 Locus
1577 2361 1762 2405 autem

156 2425 483 2497 allegoriam
503 2425 749 2481 continet
766 2442 866 2497 per
893 2426 1035 2483 illud
1066 2433 1122 2483 in
1149 2430 1420 2494 waniba-35
1467 2425 1658 2495 quasi,
1701 2431 1765 2476 ut

157 2501 237 2555 ita
274 2498 459 2554 dicam
472 2540 487 2564 ‚
549 2498 658 2555 sub
704 2501 1021 2557 auctoritate
1058 2502 1366 2572 sapientiae
1403 2498 1634 2551 exsistat
1673 2512 1765 2549 so-

154 2574 382 2643 phisma
395 2615 407 2635 ‚
449 2573 603 2645 quod
624 2574 854 2645 quidem
872 2583 1156 2648 tamquam
1175 2592 1248 2629 ex
1265 2573 1415 2627 fonte
1435 2567 1625 2624 eodem
1646 2585 1769 2623 sca-

156 2648 313 2711 turit,
344 2648 446 2703 sed
462 2665 566 2719 per
585 2666 753 2703 unam
772 2658 1003 2721 partem,
1026 2666 1139 2704 non
1158 2649 1367 2703 directe
1381 2684 1394 2708 ,
1416 2659 1598 2713 neque
1619 2659 1771 2696 ema-

158 2723 441 2777 nationem
460 2724 737 2797 integram
757 2733 941 2781 servat
958 2722 1228 2779 mundam
1242 2760 1256 2784 ‚
1289 2717 1389 2774 sed
1409 2716 1611 2772 foetida
1631 2731 1772 2786 quo-
