2125 3084
376 174 470 227 458
811 171 1170 221 rumetum
1209 169 1486 217 IUDABI
1769 164 1854 231 [1,
1883 168 2032 233 170]

484 280 570 333 95.
618 276 795 331 Vitem
822 274 1031 329 evitant
1052 269 1294 341 populus
1322 268 1388 341 (s.
1421 268 1664 341 crambe)
1701 278 1768 324 et
1819 272 1992 327 lam-i
2005 315 2020 326 .

374 352 485 411 Sed
505 352 777 407 neminem
799 348 1030 403 arbitror
1048 344 1184 399 adeo
1201 345 1440 399 insanire
1455 384 1467 406 ‚
1505 352 1569 397 nt
1587 344 1811 401 audeat
1833 346 2020 401 dice-

374 446 461 495 re,
502 426 639 481 haec
672 440 743 479 ex
778 422 959 477 fidelis
996 418 1270 474 amicitiae
1305 426 1399 472 aut
1430 418 1756 474 hostilitatis
1795 423 2012 477 animo

374 502 535 565 oriri,
596 498 695 554 sed
735 511 1021 569 supremae
1066 502 1292 548 naturae
1337 493 1544 546 ratione
1589 493 1898 563 quaedam
1941 498 2004 551 in

374 592 549 633 unum
569 573 941 634 adducuntur,
984 569 1092 623 alia
1113 564 1186 642 [⁴¹⁶]
1211 568 1630 639 disiunguntur,
1675 567 1850 623 haud
1881 572 1998 625 sibi

376 652 619 707 invicem
646 645 1041 704 convenientia.
1127 644 1238 697 Hoc
1277 643 1464 712 itaque
1491 649 1679 696 tenore
1711 645 1996 699 existimo

379 726 577 782 falsum
604 740 727 779 esse
753 719 1009 775 animalia
1034 717 1282 773 mortalia
1307 732 1560 788 quaeque
1573 756 1588 780 ,
1625 726 1864 787 praeter
1885 720 1992 775 ho-

376 802 583 856 minem
596 839 609 864 ,
670 795 1098 853 contrarietatem
1139 793 1564 867 societatemque
1605 799 1662 845 et
1709 809 1870 864 quae
1913 794 1984 848 ad

378 877 513 931 istas
550 872 859 929 referuntur
902 866 1154 923 rationali
1195 884 1322 921 cum
1358 866 1642 921 harmonia
1655 906 1670 931 ,
1733 884 1876 939 prae
1917 885 1980 922 se

380 950 540 1007 ferre.
636 948 778 1003 Haec
824 943 973 999 enim
1010 943 1196 996 omnia
1233 941 1442 995 ratione
1480 949 1534 995 et
1569 949 1761 996 mente
1795 944 1975 998 solent

380 1022 689 1089 conciliari;
732 1016 1126 1075 similitudines
1151 1032 1280 1070 vero
1307 1024 1360 1069 et
1387 1024 1668 1085 tamquam
1693 1016 1968 1090 imagines

380 1102 438 1156 in
458 1096 789 1154 animalibus
810 1092 1074 1150 delineari
1092 1090 1319 1162 contigit
1333 1130 1346 1155 ,
1385 1098 1440 1144 et
1455 1090 1704 1160 speciem
1723 1102 1967 1147 contem-

380 1182 506 1247 ptus
530 1172 615 1227 vel
636 1170 858 1226 honoris
872 1208 885 1232 ,
918 1164 1118 1228 studii,
1137 1166 1436 1237 gratiarum
1457 1164 1688 1219 actionis
1709 1174 1768 1221 et
1787 1166 1963 1221 consi·

381 1246 599 1303 milium
628 1261 810 1299 rerum
838 1240 1102 1297 exhibent
1129 1240 1311 1310 aliqua
1337 1238 1679 1293 subobscura
1718 1240 1960 1295 delinea-

380 1330 561 1377 menta
589 1321 883 1391 impressa,
932 1332 1074 1387 quae
1101 1330 1208 1369 non
1234 1314 1506 1385 pertinent
1546 1312 1614 1366 ad
1657 1317 1954 1377 veritatem,

380 1393 828 1467 quandoquidem
847 1391 1100 1463 propriae
1113 1431 1126 1454 ,
1165 1397 1344 1444 certae
1369 1396 1423 1443 et
1441 1387 1652 1443 solidae
1681 1389 1888 1447 formae
1907 1392 1954 1444 in

382 1470 578 1524 animis
598 1474 725 1522 sunt
750 1466 1054 1521 hominum.

490 1646 576 1698 96.
621 1639 959 1713 Quapropter
986 1649 1038 1695 et
1067 1639 1276 1695 ciconia
1301 1653 1411 1693 non
1439 1638 1723 1693 enutriens
1752 1638 1950 1711 genito·

383 1736 496 1775 rem
519 1716 829 1791 iniquitatis
848 1732 939 1771 rea
959 1714 1272 1770 nullatenus
1291 1712 1422 1777 erit,
1447 1713 1550 1768 etsi
1569 1712 1787 1784 aliquid
1805 1714 1950 1769 simi-

384 1796 436 1851 le
455 1794 691 1849 iniuriae
709 1791 886 1847 faeere
901 1790 1152 1845 videatur
1166 1829 1181 1853 ‚
1225 1789 1358 1860 quia
1383 1805 1492 1843 non
1510 1786 1760 1860 procedit
1777 1806 1847 1843 ex
1863 1804 1947 1842 vo-

383 1870 609 1924 luntate.
686 1870 877 1938 Neque
904 1865 1016 1921 fuci
1052 1864 1294 1919 laborem
1323 1879 1490 1934 apum
1519 1862 1854 1917 devastando
1879 1862 1944 1917 rei

382 1944 646 2009 evadunt3
688 1959 796 1997 non
825 1942 973 1996 enim
1000 1939 1307 1993 voluntarie·
1332 1937 1390 1993 id
1420 1945 1615 2010 agunt,
1653 1936 1756 1991 sed
1779 1940 1942 2008 potius

383 2017 657 2073 desiderio
680 2016 880 2071 victus.
956 2016 1074 2068 Non
1093 2011 1250 2067 vides
1266 2054 1278 2077 ‚
1298 2010 1449 2083 quod
1467 2010 1761 2083 parvulum
1780 2011 1943 2067 infan-

382 2102 493 2147 tem
520 2108 677 2147 nemo
704 2090 772 2145 de
799 2089 912 2145 ullo
931 2105 1094 2160 opere
1130 2086 1286 2142 facto.
1303 2094 1520 2141 accusat
1555 2100 1843 2157 umquam,
1889 2102 1939 2139 eo

382 2166 529 2238 quod
557 2165 843 2237 prudentis
872 2165 1063 2218 aetatis
1095 2162 1335 2217 nondum
1361 2162 1634 2233 particeps
1659 2158 1855 2215 fuerit?
1883 2160 1939 2213 At

381 2258 519 2312 puer
550 2239 803 2311 quamvis
840 2237 1192 2309 imperfectus
1225 2237 1580 2307 comperitur,
1631 2236 1765 2305 quia
1799 2235 1936 2290 homo

382 2324 562 2369 tamen
592 2322 675 2368 est
700 2314 981 2368 rationalis
1006 2320 1224 2375 natura,
1265 2309 1429 2381 paulo
1457 2318 1579 2363 ante
1607 2311 1839 2381 acceptis
1863 2326 1934 2362 sa-

382 2388 623 2457 pientiae
651 2388 985 2451 seminibus‚
1032 2386 1286 2457 quamvis
1315 2383 1558 2438 nondum
1585 2382 1814 2439 formare
1837 2399 1930 2438 rem

372 2469 583 2527 potest,
605 2460 770 2530 paulo
790 2469 970 2515 tamen
988 2468 1112 2531 post
1131 2460 1262 2514 oriri
1284 2458 1469 2513 faciet:
1500 2457 1704 2512 etenim
1723 2475 1842 2513 aura
1857 2474 1931 2510 re-

378 2540 533 2598 cepta
562 2534 853 2587 seminales
882 2534 1029 2589 vires
1058 2532 1129 2587 ad
1163 2532 1388 2587 modum
1425 2530 1697 2586 scintillae
1729 2532 1786 2586 in
1811 2530 1931 2585 silva

376 2604 528 2653 iuxta
570 2612 811 2673 tempora
851 2622 977 2661 cum
1016 2605 1114 2660 illo
1152 2614 1455 2660 crescentes
1501 2606 1692 2675 vigere
1743 2621 1804 2659 ae
1843 2603 1932 2658 ad·-

378 2672 598 2727 haerere
624 2676 844 2732 debent.
923 2679 1171 2733 Aliorum
1199 2694 1329 2735 vero
1359 2677 1718 2751 (animalium)
1743 2681 1933 2733 animae
