2125 3084
357 167 455 219 4⁴6
802 170 1178 227 PHILles
1223 170 1502 217 IUDAEI
1728 168 1958 235 [11‚574.]

356 271 472 327 lum
492 269 868 326 matrimonii?
912 272 1032 325 Non
1054 272 1116 325 in
1134 270 1572 325 misericordiam
1594 273 1853 346 coniugis
1873 293 1960 331 re—

356 348 547 419 spicis,
571 362 751 417 neque
772 346 843 400 de
860 346 985 418 ipsa
1005 344 1195 400 m'ensa
1216 344 1506 409 erubuisti,
1532 363 1702 417 quam
1717 357 1814 403 tua
1834 366 1960 423 gra-—

356 424 433 477 tia
462 420 731 493 Sampson
760 421 1010 476 invitatis
1038 420 1350 492 proposuit3
1415 419 1513 475 sed
1551 429 1676 475 ante
1712 425 1962 496 comple-

354 506 471 552 tum
499 497 819 551 convivium
838 496 1148 551 dissolvisti
1169 496 1604 563 matiu'monium3
1659 506 1958 569 antequam

355 589 610 628 coronam
640 571 970 643 deponeres,
1016 570 1196 624 virum
1223 569 1522 645 tradidisti.
1598 572 1728 626 Fuit
1767 583 1953 629 autem

354 647 458 703 tibi
479 647 752 702 thalamus
774 647 1035 700 inimicus
1056 646 1362 710 exornanti‚
1393 654 1447 699 et
1465 646 1736 717 nuptiales
1758 657 1952 704 cantus

355 721 535 783 fecisti
565 721 979 777 lamentationes
1008 719 1352 791 planctuum.
1430 719 1790 786 Quamobrem
1828 723 1951 779 tha-

354 798 562 855 lamum
582 813 690 852 non
709 804 833 867 post
852 803 1065 867 septem
1092 794 1241 859 diae,
1284 804 1346 853 ut
1372 796 1432 849 in
1460 796 1704 857 moribus
1733 805 1816 852 est
1842 797 1950 853 nu-

352 874 620 945 ptiarum,
654 871 955 945 collegisti,
988 870 1090 925 sed
1109 871 1331 944 nuptias
1353 870 1620 928 connubii
1641 872 1946 927 dissolvens

354 947 597 1013 dimisti.
840 968 847 973 ·
1724 954 1730 961 '

462 1077 547 1131 4⁴.
587 1074 657 1129 Ut
686 1087 814 1145 ergo
831 1071 1156 1143 praevalens
1177 1070 1462 1143 superavit
1482 1070 1644 1127 dolus
1660 1113 1673 1137 ,
1707 1080 1762 1127 et
1777 1074 1949 1127 victor

352 1149 677 1205 vincebatur
716 1157 769 1202 et
799 1146 1004 1202 devicti
1034 1146 1356 1210 vincebant,
1394 1143 1468 1221 [⁴¹⁵]
1501 1155 1799 1219 coeperunt
1824 1164 1950 1219 pro-

353 1224 535 1279 blema
560 1224 802 1292 solvere3
872 1223 1134 1293 quoniam
1162 1222 1386 1277 omnino
1412 1223 1681 1277 rationem
1715 1222 1951 1277 redden-

350 1307 459 1362 tes,
502 1299 601 1377 qui
632 1304 1015 1352 concurrentes
1054 1296 1368 1363 adstabant,
1415 1312 1744 1369 responsum
1783 1297 1951 1353 dede-

349 1381 504 1427 runtt
572 1372 710 1439 Quid
736 1374 941 1425 dulcius
968 1376 1139 1434 melle,
1179 1382 1226 1427 et
1253 1376 1380 1439 quid
1403 1376 1594 1441 sorcius
1614 1377 1755 1427 leone
1775 1380 1947 1441 (ludio.

351 1456 431 1513 14,
456 1444 583 1511 18)‘?
631 1448 775 1500 Haec
796 1445 1028 1503 audiens
1050 1446 1318 1518 Sampson
1340 1447 1586 1518 satisque
1605 1464 1842 1503 noscens
1861 1448 1952 1503 in-

349 1520 524 1575 sidias
564 1520 808 1585 dolosas,
848 1520 999 1577 unde
1029 1521 1260 1585 fuerint,
1304 1520 1619 1587 Problema,
1663 1523 1877 1594 inquit,
1914 1541 1950 1579 o

350 1596 485 1661 viri,
528 1596 641 1651 iam
669 1596 911 1652 solutum
941 1604 1051 1666 est;
1115 1597 1347 1653 victoria
1366 1604 1548 1651 tamen
1570 1598 1826 1653 mulieris
1845 1607 1945 1663 est,

352 1688 459 1726 non
470 1673 742 1727 virorum:
786 1672 849 1728 Si
868 1672 1017 1727 enim
1037 1688 1142 1727 non
1160 1678 1410 1727 arassetis
1429 1677 1488 1727 in
1506 1676 1674 1728 vitula
1693 1691 1827 1737 mea,
1849 1690 1952 1728 non

348 1752 669 1803 invenissetis
682 1752 1085 1817 propositionem
1103 1764 1268 1805 meam
1289 1753 1422 1817 (ib.).

462 1876 545 1929 42.
625 1872 671 1928 O
718 1874 1018 1930 secundam
1065 1873 1393 1945 sapientiam
1430 1870 1949 1945 mirificentiamque

346 1964 567 2004 rursum
597 1950 949 2022 aenigmatiS,
993 1948 1144 2020 quod
1171 1948 1542 2019 nequiverunt
1573 1947 1818 2018 perfecte
1847 1966 1949 2003 no-

346 2040 498 2077 scere
512 2064 525 2086 ,
570 2024 682 2081 nisi
712 2025 933 2096 quando
955 2023 1162 2078 factum
1179 2022 1386 2078 abillis
1407 2024 1690 2095 negotium
1711 2022 1949 2078 manife-

345 2107 427 2151 ste
446 2097 723 2168 patefecit.
803 2098 949 2165 Quid
968 2100 1049 2153 ais
1067 2140 1079 2163 ,
1107 2115 1143 2153 o
1164 2097 1460 2169 Sampson:
1479 2098 1556 2153 ‘Si
1571 2115 1677 2152 non
1695 2104 1949 2153 arassetis

342 2190 432 2225 vos
472 2177 528 2226 in
564 2177 729 2229 vitula
766 2192 903 2239 mea,
962 2192 1068 2228 non
1099 2177 1367 2229 novissetis
1395 2176 1706 2241 parabolam
1741 2171 1948 2227 meam?

343 2244 489 2311 Quid
520 2247 623 2301 hoc
658 2247 904 2316 indicare
933 2249 1096 2313 velit,
1147 2248 1287 2301 mihi
1327 2245 1550 2305 videtur
1585 2264 1684 2301 nos
1718 2264 1946 2320 quoque

344 2318 715 2390 disquirentes
734 2324 1045 2395 intelligere
1066 2340 1173 2377 non
1195 2340 1383 2393 posse:
1414 2339 1608 2376 verum
1629 2322 1788 2377 decet
1808 2324 1953 2378 alie—

344 2394 572 2463 nigenas
600 2397 850 2467 ignorare
881 2397 1200 2469 Sampsonis
1229 2396 1545 2468 parabolas,
1590 2414 1620 2451 a
1649 2398 1812 2453 nobis
1847 2416 1956 2453 au-

341 2474 451 2518 tem
473 2471 717 2539 cognatis
737 2474 1021 2543 cognosci;
1067 2489 1176 2526 non
1207 2472 1355 2527 enim
1386 2470 1456 2526 ad
1484 2472 1720 2527 insidias
1741 2491 1959 2545 paran-

344 2537 473 2599 das,
509 2544 702 2608 utini,
742 2548 1090 2615 quaerimuS,
1133 2546 1232 2600 sed
1261 2546 1330 2601 ad
1350 2547 1554 2620 gratias
1574 2546 1678 2602 deo
1699 2549 1961 2621 agendas

341 2608 519 2678 adque
558 2620 877 2673 memoriam
916 2620 1218 2691 sapientiae
1265 2621 1561 2677 discendae
1599 2622 1668 2677 ad
1706 2640 1963 2681 examen
2074 2626 2075 2653 ¹

341 2697 431 2732 eas
453 2686 777 2757 redigimus.
830 2696 1012 2759 Mitte,
1036 2712 1375 2765 quaesumus
1390 2737 1403 2760 ,
1427 2696 1484 2751 in
1507 2706 1750 2753 mentem
1769 2716 1973 2771 quae-
