2125 3084
357 200 448 251 138
611 203 804 247 PHIL.
842 202 991 248 IUD.
1032 202 1355 259 QUAEST.
1393 204 1492 249 ΕΤ
1532 204 1687 247 SOL.
1730 198 1955 267 [IL-323]

351 304 574 357 caelesti
605 302 991 372 aequiparatur
1019 310 1245 356 naturae
1273 301 1397 367 illa,
1442 319 1607 373 quam
1638 303 1827 375 lingua
1849 322 1955 375 pa-

351 379 454 431 tria
475 377 706 431 Hebraei
733 375 1108 447 Chaldaeique
1135 378 1411 431 Rebeccam
1438 378 1742 449 appellant,
1786 380 1954 433 cuius

350 468 548 505 nomen
571 453 958 523 interpretatur
978 466 1016 521 p
1027 466 1131 504 ers
1142 468 1172 504 e
1184 468 1335 505 vera
1348 452 1487 505 ntia
1502 493 1514 515 ‚
1564 452 1825 522 quoniam
1847 470 1953 508 nec

351 525 626 580 defectum
646 542 825 596 neque
846 533 1203 596 augmentum
1224 526 1448 596 patitur.
1524 526 1951 582 Generationem

351 609 530 655 autem
553 602 674 655 eius
695 599 862 654 refert
881 599 1101 652 dicens:
1150 608 1329 653 natam
1347 618 1383 653 a
1400 600 1621 653 Bathuel
1633 642 1646 664 ‚
1678 602 1839 654 euius
1859 603 1952 656 in-

347 676 664 746 terpretatio
683 673 968 728 commoda
987 679 1088 737 est,
1112 676 1277 741 filiam
1296 690 1417 727 esse
1438 678 1522 727 dei
1536 680 1640 729 sui.
1700 676 1949 745 Ecquam

348 757 543 821 putare
567 750 730 803 liceat
751 748 842 802 dei
865 748 1036 801 liliam
1051 788 1065 811 ‚
1106 748 1213 801 nisi
1247 747 1611 819 sapientiam?
1656 766 1801 819 quae
1828 752 1951 821 pri—

350 824 623 895 mogenita
647 831 820 876 mater
837 830 920 875 est
938 822 1344 886 universorum,
1358 823 1596 877 maxime
1618 840 1827 888 eorum,
1846 826 1946 895 qui

349 897 512 952 valde
533 897 752 969 purgati
773 903 902 950 sunt
919 896 1120 950 anima.

350 1039 422 1106 [Ἴ
465 1038 560 1089 Gur
595 1037 809 1103 hydriam
841 1054 983 1102 super
1017 1037 1231 1087 humeros
1262 1055 1372 1087 suos
1404 1037 1576 1087 dieitur
1601 1039 1770 1103 ferre?
1823 1040 1941 1104 (ib.)

459 1145 545 1195 98.
597 1140 848 1211 Corporis
876 1140 1099 1226 signum
1128 1140 1415 1194 consuevit
1453 1138 1629 1193 facere
1668 1157 1739 1195 ex
1776 1142 1943 1195 armis

349 1214 663 1291 (humeris),
707 1216 805 1284 qui
835 1222 963 1267 sunt
990 1214 1264 1284 principia
1293 1214 1669 1279 brachiorum,
1714 1214 1945 1269 lacerto-

349 1309 472 1347 rum
501 1304 902 1364 manuumque,
943 1288 1151 1358 quibus
1181 1289 1324 1342 vitae
1351 1306 1513 1359 opera
1536 1297 1698 1359 atque
1719 1288 1943 1344 effectus

349 1365 728 1437 perficiuntur.
808 1361 1013 1433 Hydria
1032 1378 1163 1416 vero
1183 1379 1283 1417 vas
1303 1372 1384 1417 est
1405 1379 1605 1433 aquae,
1626 1363 1943 1436 symbolum

350 1437 706 1523 disciplinae,
731 1436 875 1489 sieut
895 1444 948 1490 et
967 1453 1108 1507 aqua
1126 1453 1334 1501 rerum,
1366 1454 1506 1507 quae
1526 1437 1833 1492 seeundum
1854 1456 1945 1493 sa-

348 1512 615 1585 pientiam
635 1510 918 1577 visuntur3
961 1512 1223 1582 quoniam
1244 1512 1483 1566 continet
1502 1512 1699 1585 hydria
1720 1529 1939 1583 aquam,

351 1596 404 1642 et
430 1586 794 1657 intelligentia
825 1585 1030 1658 legem,
1079 1586 1413 1641 voluntatem
1444 1595 1499 1641 et
1526 1588 1946 1659 contemplatio-

350 1680 496 1717 nem
576 1660 848 1716 Animalia
886 1660 1116 1731 quidem
1154 1667 1207 1714 et
1240 1661 1457 1731 plantae
1495 1670 1749 1731 potantur
1778 1679 1942 1733 aqua,

347 1738 608 1811 princeps
626 1744 806 1791 tamen
831 1742 992 1807 atque
1019 1734 1136 1789 dux
1164 1752 1318 1789 mens
1350 1736 1420 1789 iis
1450 1736 1642 1799 rebuS‚
1684 1753 1827 1806 quae
1856 1755 1947 1791 se-

350 1812 592 1868 cundum
612 1811 938 1883 sapientiam
968 1817 1283 1864 cernuntur.
1362 1810 1523 1864 Porro
1552 1812 1741 1883 gravia
1772 1820 1834 1865 ut
1864 1812 1946 1865 le—

347 1890 498 1943 viora
522 1888 624 1943 fert
643 1888 822 1941 anima
844 1886 934 1939 dei
955 1885 1357 1948 amantissima,
1400 1891 1533 1956 puta
1560 1886 1741 1941 omnia
1764 1884 1870 1940 ad
1855 1904 1945 1940 m—

347 1962 710 2034 telligentiam
732 1960 1058 2031 pertinentia
1070 2001 1081 2012 .

357 2108 516 2165 Quare
552 2110 620 2157 bis
654 2126 886 2159 resumens
917 2112 1143 2175 virqinem
1179 2127 1281 2159 eam
1312 2110 1499 2159 vocavit
1526 2110 1711 2159 dicens.-
1765 2110 1946 2173 „Erat

481 2176 569 2225 illa
601 2176 734 2239 viryo
769 2178 982 2239 speciosa
1017 2188 1210 2241 aspectu
1242 2178 1407 2238 valde,·
1466 2178 1600 2241 virqo
1636 2186 1760 2239 erat,
1802 2194 1947 2240 quam

483 2245 556 2292 vir
590 2260 682 2292 non
717 2244 1013 2307 coynovit“?
1048 2250 1155 2308 (24,
1199 2250 1303 2310 16.)

464 2349 548 2401 99.
599 2345 730 2401 Vult
759 2344 940 2416 palam
962 2344 1266 2409 declarare,
1300 2345 1450 2415 quod
1471 2344 1752 2417 duplicem
1770 2344 1947 2399 habe-

348 2422 442 2476 bat
460 2421 881 2493 virginitatem:.
916 2436 1086 2474 unam
1113 2420 1419 2473 seeundum
1448 2437 1673 2491 corpm,
1716 2419 1945 2474 alteram

349 2496 655 2550 seeundum
686 2496 924 2550 animam
953 2494 1456 2564 incorruptibilem3
1512 2502 1627 2548 erat
1656 2494 1805 2548 enim
1832 2502 1945 2548 tam

348 2570 475 2623 visu
504 2588 670 2642 quam
706 2570 990 2624 intellectu
1030 2568 1282 2640 pulchra.
1361 2567 1486 2622 Noli
1524 2576 1707 2623 tamen
1748 2569 1949 2622 existi—

348 2659 496 2696 mare
535 2644 1010 2714 pulchritudinem
1049 2643 1291 2713 corporis
1318 2658 1465 2695 nunc
1495 2642 1552 2695 in
1581 2642 1828 2697 medium
1858 2660 1950 2697 re-

349 2715 490 2770 ferre
510 2718 662 2771 iuxta
692 2718 847 2772 illam
879 2717 1271 2773 formositatem
1298 2716 1660 2781 nominatam,
1701 2733 1845 2787 quae
1876 2735 1948 2772 ex
