2125 3084
162 192 229 259 [1,
256 190 375 257 tta]
559 196 697 241 Lm.
735 197 835 243 1³13
880 197 1363 249 altmannus.
1667 198 1762 251 135

161 298 335 362 saria,
360 304 414 351 et
434 312 503 350 ne
525 296 659 351 sorte
680 296 1095 352 inundationem
1113 300 1368 370 patiatur,
1391 301 1638 359 sollerter
1653 302 1766 359 sibi

160 379 327 445 parat
360 371 578 439 sedern3
649 378 909 427 autumno
938 389 1069 427 vero
1097 383 1356 445 vergente
1383 375 1673 447 obreptum
1693 394 1765 433 ex

160 448 375 521 frigore
392 447 703 517 imbrisque
722 445 983 501 damnum
1005 449 1220 503 cautius
1239 458 1452 521 reparat
1466 490 1478 514 ‚
1511 458 1598 514 ut,
1623 467 1764 521 quae

160 524 225 577 in
249 521 503 577 hibernis
524 538 555 577 a
576 538 635 575 se
656 523 979 577 constructis
997 521 1226 577 inclusit
1249 532 1305 578 et
1331 523 1516 579 labore
1543 526 1764 597 proprio

161 596 445 662 condidit,
482 597 557 651 iis
584 595 795 651 fruatur
814 604 868 651 et
886 596 1122 669 gaudeat
1136 638 1150 661 ,
1191 596 1382 654 horrea
1403 616 1502 671 pro
1523 608 1766 671 tempore

164 674 459 728 insumens
480 672 773 743 etcopiose
800 670 1059 726 hauriens
1079 673 1308 727 victum.
1385 672 1613 740 Quando
1635 691 1764 730 vero

165 747 374 803 accidit
393 754 455 801 ut
475 744 733 801 deficiant
753 745 1011 801 alimenta
1024 787 1037 811 ,
1081 764 1302 803 rursum
1329 749 1444 804 exit
1472 748 1616 803 foras
1637 766 1764 803 cum

162 840 270 877 suo
300 822 547 877 exercitu
560 862 575 886 ‚
614 830 677 876 ut
704 821 929 894 colligat
955 822 1170 892 copiam
1197 840 1441 878 annonae
1455 865 1469 888 ‚
1511 840 1764 879 necessa-

161 899 317 953 rium
348 896 535 951 cibum
562 912 861 967 procurans
888 913 987 967 pro
1014 905 1257 968 tempore
1287 896 1487 953 futuro.
1566 898 1636 955 Ut
1663 916 1764 953 au-

160 982 283 1028 tem
312 971 580 1026 malorum
603 969 675 1046 [*]
700 972 1088 1026 saevissimum
1119 971 1359 1043 expellat
1393 972 1618 1038 famem,
1663 974 1766 1027 tri-

158 1050 343 1102 ticum
367 1045 739 1117 hordeumque
759 1053 813 1100 et
830 1062 1194 1117 quaecunque
1213 1047 1520 1120 collegerit,
1562 1048 1620 1103 in
1653 1048 1763 1103 duo

162 1120 483 1186 intercidit,
515 1138 583 1180 ne
599 1121 1006 1191 pullulantibus
1026 1121 1148 1193 illis,
1162 1122 1394 1193 penuria
1421 1122 1646 1179 laboret.

284 1250 370 1303 43.
422 1248 541 1301 Non
569 1245 805 1302 sufficiet
834 1246 953 1302 dies
987 1246 1055 1302 ad
1086 1246 1414 1303 enarrandas
1445 1249 1761 1305 consimiles

166 1332 507 1379 caeterorum
530 1338 688 1377 curas
708 1322 1028 1377 animalium
1044 1364 1057 1386 ,
1101 1340 1333 1393 quorum
1358 1333 1648 1396 apparatus
1666 1342 1762 1380 oe-

165 1397 485 1453 conomicus
512 1396 814 1453 abundanti
842 1398 1045 1471 gaudet
1081 1398 1225 1454 cibo.
1301 1397 1760 1473 Quandoquidem

163 1474 353 1529 omnia
372 1473 646 1528 terrestria
661 1515 673 1537 ‚
714 1474 974 1545 aquatilia
996 1482 1048 1528 et
1070 1472 1312 1529 volatilia
1333 1492 1433 1547 per
1451 1477 1628 1531 ae'rem
1644 1518 1656 1540 ‚
1691 1492 1760 1531 ne

164 1548 304 1604 forte
327 1548 539 1621 aliquid
559 1550 854 1605 necessarii
878 1548 1019 1604 desit
1039 1550 1179 1620 ipsis
1195 1592 1207 1614 ,
1228 1550 1459 1621 provide
1481 1568 1610 1607 sane
1629 1567 1760 1623 pro-

161 1633 377 1679 curant.
455 1625 733 1679 Praeterea
766 1624 891 1693 quis
914 1626 1113 1687 nescit,
1155 1623 1305 1696 quod
1326 1626 1609 1682 intellectu
1629 1642 1760 1681 con-

162 1698 284 1753 silii
315 1698 684 1769 praeditorum
714 1705 824 1760 est,
869 1696 1074 1769 eligere
1093 1698 1250 1752 utilia
1274 1707 1326 1753 et
1345 1700 1593 1764 inutilia,
1629 1716 1760 1753 con-

162 1772 447 1826 venientia
474 1778 528 1825 et
556 1770 995 1824 inconvenientia
1025 1788 1152 1825 cum
1181 1771 1568 1827 distinctione?
1621 1774 1760 1825 Isto-

165 1863 294 1903 rum
331 1861 460 1900 vero
496 1844 693 1915 peritia
723 1844 889 1897 nimis
919 1850 1063 1897 certa
1096 1853 1177 1898 est
1206 1844 1372 1915 (apud
1403 1845 1679 1915 animalia)
1707 1853 1760 1900 et

166 1919 401 1977 solidata
418 1916 715 1989 disciplina
732 1959 744 1982 ‚
777 1918 990 1972 animae
1012 1918 1263 1972 rationali
1284 1921 1524 1989 propria.

285 2047 367 2100 44.
411 2042 660 2099 Attamen
682 2042 823 2099 illud
842 2043 1007 2097 etiam
1028 2043 1130 2097 rite
1151 2041 1380 2107 dicitur,
1420 2044 1568 2115 quod
1588 2060 1760 2115 oppo-

166 2122 395 2177 sitorum
436 2137 543 2174 non
572 2118 719 2173 idem
750 2127 833 2173 est
860 2136 1022 2185 usus;
1095 2117 1382 2187 quoniam,
1425 2126 1487 2173 ut
1514 2126 1687 2189 patet,
1729 2136 1759 2173 a

168 2196 455 2251 contrariis
490 2194 628 2249 tales
664 2195 998 2265 proveniunt
1033 2200 1232 2246 motus.
1309 2191 1577 2259 Quoniam
1623 2193 1759 2249 cali-

169 2273 301 2327 dum
323 2287 385 2325 ac
403 2269 699 2342 frigidum,
743 2270 831 2324 vel
860 2268 1023 2323 dulce
1054 2276 1108 2322 et
1137 2284 1408 2333 amarum,
1449 2268 1538 2323 vel
1569 2268 1758 2323 album

169 2348 526 2419 nigrumque,
567 2345 657 2401 vel
688 2361 948 2417 magnum
976 2351 1029 2398 et
1056 2360 1318 2415 parvum,
1368 2351 1460 2399 aut
1487 2342 1757 2415 quicquid

169 2438 381 2485 eorum,
431 2421 490 2475 in
527 2420 734 2491 quibus
771 2420 1037 2475 contraria
1075 2427 1204 2473 sunt
1241 2420 1450 2490 passim
1485 2427 1758 2490 tempera-

170 2505 375 2560 menta,
420 2495 667 2550 diversas
696 2513 795 2568 pro
824 2495 1091 2569 sententia
1114 2494 1332 2549 consilii
1353 2495 1411 2549 in
1433 2495 1506 2549 iis
1525 2494 1640 2568 agit
1657 2510 1758 2549 vo-

171 2574 401 2629 luntates
417 2613 429 2636 ‚
470 2579 531 2624 ut
552 2572 799 2625 animans
821 2571 1057 2642 quisque
1077 2570 1214 2625 velit
1234 2587 1296 2625 ac
1323 2576 1565 2643 appetat,
1608 2568 1754 2641 quod

172 2649 348 2721 placet·
365 2655 417 2702 et
439 2646 589 2701 affert
606 2647 942 2718 voluptatem
958 2688 970 2711 ‚
1010 2646 1081 2700 ad
1101 2662 1268 2717 qnam
1288 2654 1566 2718 properat,
1599 2655 1653 2701 et
1673 2644 1756 2699 ef-

173 2722 341 2797 fugiat
368 2722 706 2788 dolorosum,
755 2721 903 2795 quod
934 2729 1232 2777 aversatur.
1308 2722 1378 2778 Et
1413 2730 1561 2779 tanta
1599 2721 1756 2794 copia
