2125 3084
278 194 369 246 ⁴64
519 197 717 243 PHIL.
758 196 912 242 IUD.
956 195 1276 252 QUAEST.
1317 194 1417 241 ET
1456 195 1612 239 SOL.
1655 190 1874 257 [11,35o.]

270 298 448 355 tendit
476 313 644 369 supra
670 312 839 368 quam
867 294 1081 359 aether,
1116 310 1293 367 supra
1321 310 1490 366 quam
1527 296 1746 351 caelum
1779 314 1878 351 su·-

272 390 483 445 praque
519 373 783 427 universa
818 371 1131 426 sensibilia.
1211 370 1306 425 Sic
1340 372 1507 425 etiam
1537 372 1718 426 omnis
1747 388 1878 441 pro-

271 448 440 520 pheta
466 434 743 501 mendacli
772 447 995 501 nescius
1024 445 1234 501 Videns
1260 446 1561 500 vocabatur
1589 447 1709 501 sive
1730 445 1880 500 Ocu-

274 524 421 586 lans,
465 523 743 611 impositis
786 520 1107 576 nominibus
1146 520 1456 577 secundum
1493 521 1719 576 oculum
1756 522 1878 575 ani-

273 615 414 651 mae.

388 752 461 818 [*]
508 754 603 803 Cur
642 754 692 803 in
731 752 938 802 australi
962 762 1108 817 parte
1144 751 1316 801 dicitur
1353 751 1604 801 babitare?
1646 754 1765 814 (ib.)

390 874 508 926 ⁴39.
556 870 626 925 Et
653 872 757 926 hoc
786 887 914 927 cum
942 864 1140 941 prim'is
1170 869 1486 937 concordat3
1539 887 1778 941 namque
1807 870 1874 924 ab

275 948 484 1001 oriente
496 945 547 1018 ³¹⁵)
576 962 677 1001 ceu
707 946 776 1000 ab
806 946 959 1000 inani
987 946 1248 1016 opinione
1276 946 1482 1008 omniS,
1524 946 1625 1017 qui
1653 946 1877 1016 sapien-

276 1023 384 1076 tiae
412 1021 653 1093 cupidus
680 1029 835 1076 estet
856 1037 983 1076 vere
1003 1020 1095 1074 dei
1117 1036 1334 1079 amans,
1368 1018 1586 1093 effugit,
1618 1021 1878 1075 remotio·

278 1113 405 1151 nem
432 1104 486 1151 et
514 1094 893 1169 defectum**)
921 1096 980 1150 in
998 1095 1258 1159 ⁴melioris
1285 1095 1458 1165 partis
1477 1095 1688 1152 ratione
1707 1096 1884 1151 (Bono-b

278 1188 428 1226 cans.

285 1318 415 1376 Quid
448 1329 516 1368 est
551 1319 802 1382 „spatium
833 1316 1072 1381 Isaacffl,
1113 1327 1160 1366 et
1188 1334 1339 1381 quare
1363 1316 1742 1383 ‚,e9rediebatur
1767 1334 1880 1382 spa-

413 1386 529 1434 tiari
558 1386 610 1434 in
644 1400 809 1447 campo
846 1384 1080 1434 inclinata
1116 1384 1213 1435 iam
1248 1386 1324 1435 die
1338 1388 1403 1434 “2
1455 1394 1500 1435 et
1529 1388 1676 1449 (cur)
1686 1402 1881 1449 quocum

418 1452 603 1514 (esset),
640 1467 733 1499 non
768 1460 837 1499 est
870 1450 1123 1499 monitum?
1159 1452 1267 1516 (24,
1309 1453 1418 1517 63.)

393 1570 507 1623 ⁴40.
560 1568 967 1624 Connexionem
994 1568 1359 1641 ordinemque
1378 1571 1760 1625 harmonicum
1781 1571 1885 1626 ha-

278 1646 374 1699 bet
402 1660 529 1699 cum
556 1644 941 1699 anterioribus
1022 1644 1126 1700 Cui
1147 1646 1296 1699 enim
1313 1647 1543 1701 remotio
1563 1654 1616 1700 et
1635 1644 1884 1701 defectus

280 1720 706 1775 existimationis
744 1720 1061 1776 visibilium
1089 1721 1149 1775 in
1176 1721 1355 1792 pretio
1381 1728 1539 1785 sunt,
1579 1720 1884 1776 solitariam

279 1796 481 1866 incipit
516 1795 718 1869 degere
754 1798 927 1850 vitam
962 1796 1114 1851 solus
1144 1811 1270 1850 cum
1302 1796 1418 1850 solo
1447 1795 1727 1855 invisibili
1757 1795 1882 1851 deo.

279 1870 496 1943 Longas
517 1880 699 1925 autem
721 1872 1162 1927 conversationes
1190 1870 1562 1942 homiliasque
1589 1872 1888 1925 consuevi-

280 1961 405 1999 mus
434 1951 609 2014 spatia
636 1963 851 2002 vocare.
931 1947 1027 2001 His
1058 1947 1248 2015 itaque
1271 1946 1451 2000 voluit
1477 1945 1766 2001 ostendere
1797 1963 1888 1999 sa-

280 2020 487 2089 pientis
512 2036 719 2073 morem
739 2036 847 2075 non
869 2021 977 2075 cito
994 2020 1309 2075 satiabilem
1329 2036 1478 2085 esse,
1513 2020 1612 2075 sed
1631 2029 1888 2074 constan-

279 2100 419 2153 tem,
464 2107 643 2162 neque
672 2093 749 2146 ita
770 2093 990 2148 facilem
1008 2105 1070 2149 ut
1088 2095 1262 2149 deleri
1283 2096 1460 2166 possit
1478 2102 1572 2149 aut
1591 2094 1796 2149 auferri
1818 2094 1888 2149 ab

280 2167 407 2220 idea
445 2164 512 2237 (S.
545 2168 1047 2252 contemplatione),
1092 2186 1236 2241 quae
1264 2172 1488 2243 superat
1514 2169 1750 2232 bonum,
1793 2186 1891 2223 su-

282 2240 604 2312 perexcedit
649 2242 953 2311 sapientem
999 2251 1053 2297 et
1098 2246 1323 2299 excellit
1367 2246 1557 2316 ipsum
1591 2244 1887 2331 optimum,

284 2314 739 2371 concurrentibus
785 2317 1114 2389 singillatim
1153 2319 1402 2373 homiliis
1439 2335 1607 2390 super
1643 2336 1704 2373 se
1739 2320 1894 2374 invi-

284 2407 431 2445 cem:
482 2394 559 2446 ita
586 2398 648 2445 ut
674 2407 977 2463 numquam
1005 2392 1272 2465 nulloque
1301 2394 1464 2449 modo
1491 2394 1776 2466 contingat
1805 2412 1896 2449 re-

386 2563 430 2609 *)
462 2564 603 2602 Oriens
633 2563 885 2613 supponitur
910 2572 987 2609 pro
1014 2562 1190 2609 visibili,
1219 2566 1406 2603 maxime
1433 2565 1550 2613 quod
1575 2566 1621 2604 in
1647 2565 1770 2606 Arm.
1797 2578 1896 2605 are·
1909 2534 1912 2537 ⁴

285 2612 377 2647 vell:
402 2615 447 2649 et
462 2613 661 2660 jerevelilc
686 2614 835 2652 affines
862 2615 963 2651 sunt
986 2614 1134 2657 votes,
1179 2614 1293 2661 quod
1320 2615 1473 2654 melius
1501 2616 1733 2665 exponItur
1757 2618 1804 2655 in
1831 2627 1899 2656 se·-

288 2662 438 2706 quenti
462 2672 638 2701 numero
666 2665 719 2702 ab
746 2666 934 2701 auctore.
986 2662 1149 2701 Auen.

394 2724 465 2772 θ)
493 2726 561 2766 Sic
590 2730 713 2769 codd.
744 2728 840 2774 CD,
856 2730 943 2783 xubi
966 2726 1027 2767 Α.
1073 2724 1126 2767 τὰ
1149 2731 1386 2771 remotionis
1413 2736 1452 2773 et
1469 2732 1675 2779 ,defectu-3.
1727 2733 1897 2774 Auch.
