2125 3084
975 181 1020 228 V

211 298 354 354 nobis
373 298 690 372 neglectam
709 313 834 354 esse
846 339 861 362 ‚
899 315 1042 370 quae
1068 315 1197 356 cum
1214 315 1279 354 ea
1298 299 1433 364 fide,
1470 316 1583 372 qua
1602 301 1799 358 Baioa-

203 407 324 444 num
351 399 576 446 textum
604 390 798 446 Latine
826 389 1091 446 exhibere
1126 390 1475 456 volebamus.
1524 401 1669 448 stare
1698 409 1798 448 ne-

199 497 468 553 quaquam
506 489 746 555 poterat.
843 481 990 549 Quos
1038 498 1173 537 vero
1216 481 1363 537 locos
1408 483 1485 538 ita
1522 487 1797 556 expressit

195 574 460 644 interpres
477 614 492 638 ,
559 582 626 630 ut
661 572 852 628 nullus
897 571 1031 628 inde
1078 587 1277 628 sensus
1315 572 1545 628 extundi
1588 585 1791 647 posset.

193 679 276 718 eos
289 703 305 727 ,
359 673 588 720 servato
621 663 892 720 Haicanae
925 663 1205 720 versionis
1240 661 1437 718 ordine
1473 673 1529 720 et
1564 665 1797 722 verbum

131 759 138 766 ’
190 753 354 809 verbo
390 755 534 812 κατὰ
573 753 728 819 τάξιν
765 753 1058 810 reddentes
1072 795 1086 820 ,
1128 754 1321 810 Latine
1358 759 1797 828 repraesentavi·

189 859 336 909 mus,
362 846 578 902 additis
599 845 1046 902 adnotationibus
1059 886 1075 912 ,
1096 862 1239 920 quae
1258 845 1367 904 loci
1387 849 1793 921 corruptionem

189 934 523 995 indicarent:
549 937 728 1009 idque
748 953 812 992 eo
832 937 1062 994 oonsilio
1075 978 1089 1003 ,
1122 945 1211 1004 ut,
1232 938 1403 1010 siqui
1420 939 1583 996 nobis
1602 941 1793 998 erudi·

88 1014 98 1034 ⁹
189 1027 354 1082 tiores
372 1029 544 1086 aliam
565 1029 810 1102 experiri
831 1028 1065 1094 vellent,
1101 1029 1315 1085 meliori
1335 1045 1525 1086 eorum
1546 1030 1791 1088 locorum

188 1117 634 1192 interpretationi
677 1118 1036 1192 proferendae
1070 1135 1293 1192 operam
1330 1119 1543 1176 darent.
1559 1128 1597 1152 ⁸⁴
1678 1161 1717 1186 ‚,
1730 1121 1793 1178 ld

69 1216 72 1218 ’
188 1210 350 1275 enim,
361 1219 374 1244 ‘
385 1219 398 1244 ⁸
421 1212 590 1268 addit
607 1214 668 1268 in
678 1211 1014 1284 praefatione
1023 1211 1267 1268 secundo
1278 1213 1445 1268 Tomo
1459 1213 1783 1285 praemissa,

191 1303 509 1378 „religiose
541 1321 572 1359 a
600 1320 690 1358 me
717 1303 962 1376 postulat
988 1319 1279 1360 commune
1302 1303 1639 1362 eruditorum
1661 1304 1789 1377 pla·

185 1391 354 1450 citum
367 1434 382 1460 ‚
415 1403 486 1452 ut
505 1395 752 1452 nativam
773 1397 1010 1452 auctoris
1027 1395 1273 1470 effigiem
1290 1396 1593 1468 ipsissimis
1612 1397 1789 1453 linea-

182 1486 384 1542 mentis
413 1503 743 1559 expressam
769 1487 830 1542 in
848 1488 1002 1544 Latio
1027 1487 1282 1544 videntes
1295 1528 1309 1552 .
1350 1503 1589 1561 eumque
1602 1528 1617 1554 ‚
1660 1489 1789 1544 iicet

182 1572 417 1634 barbare
445 1579 730 1634 interdum
745 1619 759 1644 ,
799 1580 954 1651 loqui
986 1578 1273 1636 audientes
1286 1619 1301 1644 ‚
1338 1579 1460 1634 eius
1488 1580 1787 1635 sententias

183 1667 404 1736 possint
431 1671 710 1743 expiscari
725 1711 738 1734 ‚
781 1679 944 1742 atque
983 1679 1103 1727 tum
1140 1670 1211 1726 de
1238 1670 1445 1727 Graeco
1473 1669 1787 1726 desiderato

187 1765 342 1816 textu
356 1802 371 1827 ,
413 1770 536 1818 tum
555 1762 626 1818 de
641 1761 910 1818 Armenes
935 1762 1189 1818 lectionis
1209 1760 1317 1816 fido
1340 1800 1355 1814 .
1382 1800 1397 1814 .
1424 1801 1438 1814 .
1462 1762 1675 1831 possint
1694 1777 1787 1816 ae·-

187 1864 364 1919 quum
389 1852 536 1910 ferre
560 1853 908 1910 iudicium.“
939 1881 1017 1894 -
1043 1851 1121 1906 De
1147 1849 1533 1913 codicibus,
1580 1849 1789 1921 quibus

193 1955 330 1996 usus
369 1953 456 2000 est
487 1943 734 2008 Aucher,
783 1943 854 1998 ad
893 1944 1047 1999 Tom.
1087 1943 1131 1998 1.
1172 1939 1309 1996 haec
1352 1938 1543 1996 refert:
1603 1942 1787 2007 „Tres

195 2030 356 2087 nohis
373 2033 544 2090 oblati
569 2034 818 2091 fuerunt:
849 2049 1085 2106 quorum
1104 2049 1279 2089 unum
1298 2032 1397 2088 vix
1412 2033 1781 2105 possidemus,

196 2122 303 2177 nisi
324 2143 394 2182 ex
413 2135 566 2198 parte
593 2127 1038 2199 transscriptum3
1072 2125 1303 2182 alterum
1328 2124 1596 2180 babemus
1610 2165 1624 2190 ,
1655 2141 1787 2196 par-

196 2211 294 2268 tim
319 2217 392 2272 ab
419 2234 556 2282 uno,
598 2215 804 2287 partim
831 2213 900 2270 ab
927 2215 1097 2274 altero
1124 2217 1443 2274 amanuensi
1470 2224 1778 2282 exaratum;

197 2304 416 2360 tertium
434 2305 714 2377 prioribus
735 2307 856 2366 iure
877 2308 1299 2380 praeferendum
1313 2349 1327 2374 ,
1350 2308 1485 2364 olim
1498 2347 1513 2372 ,
1535 2324 1677 2363 anno
1696 2308 1785 2362 vi-

202 2389 396 2474 delicet
425 2395 630 2453 Christi
666 2399 787 2452 1791
823 2406 876 2454 et
908 2402 1034 2460 ⁴792
1065 2417 1095 2455 a
1132 2400 1293 2455 nohis
1322 2401 1507 2454 visum
1546 2406 1599 2452 et
1642 2398 1787 2452 inte-

201 2497 294 2553 gre
323 2490 770 2562 transscriptum,
811 2505 978 2562 quem
1001 2492 1223 2547 tandem
1248 2491 1369 2548 1821
1404 2488 1548 2543 dono
1566 2489 1786 2559 accepi-

203 2589 339 2631 mus.
387 2577 474 2634 Ad
493 2579 642 2636 hunc
669 2580 914 2636 codicem
939 2583 1403 2654 pretiosissimum
1422 2577 1643 2652 exigere
1662 2579 1785 2650 pla-

202 2669 310 2724 cuit
327 2669 576 2726 Philonis
603 2689 770 2746 opera
797 2689 830 2728 a
853 2672 1015 2730 nobis
1034 2659 1249 2728 edenda
1263 2712 1276 2735 .
1314 2671 1636 2744 praesertim
1656 2685 1787 2724 vero
