2125 3084
153 188 360 271 [11‚4o4.]
477 200 558 245 IN
597 187 954 245 GENESIN.
998 200 1253 245 snnmo
1290 202 1379 248 1v.
1630 197 1731 250 239

151 321 283 367 eam,
311 318 454 373 quae
474 300 700 355 Rebecca
718 308 970 368 vocatur-3
1023 299 1191 355 habet
1216 302 1381 355 etiam
1410 302 1751 375 religiosum⁴

149 377 406 452 quoddam
429 374 490 429 id
505 416 518 439 ‚
549 375 642 430 cui
664 391 862 429 nomen
885 383 968 429 est
989 374 1160 430 Iacob.
1224 376 1369 429 Dicit
1387 376 1573 448 itaque
1590 387 1737 433 tam-

148 470 303 527 quam
345 454 426 507 in·
457 452 808 505 consessione
857 466 1070 505 morum
1114 450 1490 521 spiritualium
1546 468 1735 523 perse-

149 528 374 585 verantia
395 524 465 581 ad
487 526 839 598 religiosum:
894 526 1068 598 Perge
1098 525 1167 579 ad
1196 542 1450 598 gregem,
1497 527 1735 583 familia-

41 624 49 633 ·
144 622 222 659 res
260 603 520 657 nimirum
560 601 794 656 virtutes
822 617 990 672 puras
1019 608 1075 656 et
1102 600 1392 671 pulchrae,
1436 618 1577 673 quae
1606 619 1735 673 pro-

143 695 380 752 gressum
413 676 706 739 adornant,
750 684 804 730 et
838 675 1026 747 accipe
1054 676 1196 730 mihi
1226 676 1358 731 inde
1385 675 1495 731 duo
1515 678 1734 732 oracula

143 754 240 809 sub
255 752 666 807 nomenclatura
686 749 988 805 haedorum
1003 791 1017 815 ‚
1041 767 1216 805 unum
1237 752 1459 822 pietatis
1486 749 1557 827 [*]
1584 752 1734 807 desi-

141 830 388 885 derosum
401 868 425 891 ‚.
459 826 694 881 alterum
722 824 1083 881 humanitatis
1099 866 1111 889 ‚
1154 835 1215 881 ut
1236 843 1339 899 ego
1358 827 1454 881 illa
1474 828 1619 899 patri
1640 835 1733 883 tuo

141 903 362 959 amabili
383 910 436 957 et
455 900 716 973 prudenti
740 909 893 973 grata
913 907 1212 955 monstrem
1226 942 1239 965 ‚
1274 902 1481 972 quibus
1502 920 1732 958 vescens

137 981 464 1035 imitatorem
483 986 536 1031 te
555 975 750 1031 reddat
770 977 1071 1031 constructi
1091 975 1223 1032 boni
1244 977 1463 1032 consilii
1486 976 1634 1051 (sui).

138 1155 235 1205 Cur
282 1150 526 1215 respondit
560 1150 738 1201 Iacob.-
810 1188 845 1216 ,‚
860 1151 993 1201 Ecce
1028 1150 1170 1201 Esau
1193 1152 1361 1217 frater
1395 1168 1521 1202 meus
1554 1154 1627 1202 vir
1654 1155 1732 1217 pi-

273 1218 397 1269 losus
435 1226 526 1281 est,
565 1234 651 1285 eqo
691 1236 802 1268 vero
839 1220 914 1269 vir
951 1219 1124 1281 laevis,-
1178 1236 1236 1269 ne
1248 1221 1386 1285 forte
1416 1228 1633 1270 attrectet
1660 1238 1731 1269 me

263 1296 411 1352 pater
443 1302 590 1349 meuc,
649 1296 696 1336 et
731 1304 812 1337 ero
847 1288 898 1337 in
935 1296 1185 1352 conspecta
1222 1289 1319 1338 eius
1354 1298 1593 1353 tamquam
1627 1288 1731 1339 illu-

265 1357 430 1405 sor“?
463 1356 566 1419 (27,
601 1360 658 1404 11
676 1356 745 1415 s.)
1094 1366 1099 1376 ·

239 1478 361 1533 20⁴.
413 1472 736 1553 Coniectura
768 1474 1102 1546 suspicionis
1132 1475 1423 1551 (litteralis)
1462 1478 1607 1534 iusta
1646 1486 1730 1533 est

123 1718 327 1773 suadet
366 1719 833 1789 perseverantiam
870 1718 1163 1789 palestrico
1201 1720 1383 1774 eundo
1414 1720 1482 1773 ad
1511 1734 1726 1790 pecora,

121 1794 232 1850 hoc
254 1801 340 1847 est
355 1834 368 1855 ,
392 1792 464 1847 ad
484 1792 635 1847 lenes
655 1801 708 1847 et
725 1810 892 1864 puras
915 1810 1073 1848 auras
1089 1835 1102 1857 ,
1131 1793 1340 1863 quibus
1360 1809 1589 1847 censura
1611 1794 1733 1846 lau·-

117 1868 342 1923 dabilis
371 1882 471 1921 sua
499 1870 646 1938 capit
673 1876 989 1940 augmenta:
1055 1869 1261 1938 Accipe
1289 1866 1430 1921 mihi
1458 1865 1589 1920 inde
1618 1867 1733 1921 ele-

116 1954 244 1999 ctos
286 1958 431 2013 quos
469 1942 707 2013 appellet
740 1943 972 2007 hoedOS,
1017 1959 1193 1997 unum
1220 1942 1442 2013 pietatis
1470 1958 1727 2003 amorem,

113 2020 369 2075 alterum
399 2016 773 2072 humanitatis
854 2018 1175 2073 Secundum
1204 2016 1435 2091 figuram
1466 2015 1567 2071 hos
1604 2032 1733 2087 ergo

113 2096 297 2149 etiam
324 2092 471 2164 patri
489 2099 608 2155 tu0‚
641 2094 738 2165 qui
759 2101 843 2148 est
863 2093 1282 2149 clementissimi
1304 2092 1567 2165 pectoriS‚
1598 2092 1735 2145 titu-

112 2172 199 2225 los
249 2168 654 2223 lihentissimos
689 2170 1085 2241 pronuntiabo,
1156 2168 1363 2240 quibus
1400 2166 1637 2223 refectus
1681 2175 1733 2221 te

112 2244 233 2299 sibi
259 2244 509 2299 similem
531 2244 695 2299 faciat
716 2244 1082 2299 destinatione
1102 2244 1527 2299 benedictionis

121 2418 324 2483 thm'd
357 2404 602 2485 respondit
638 2419 824 2475 Iacob:
877 2420 1018 2483 „Est
1055 2420 1197 2471 Esau
1220 2422 1389 2486 frater
1412 2434 1537 2468 meus
1560 2418 1635 2466 vir
1656 2416 1736 2481 pi-

261 2486 420 2549 tostas,
475 2504 564 2552 eya
609 2504 720 2537 vero
763 2486 891 2537 lentie.
987 2488 1149 2539 Timeo
1193 2505 1249 2537 ne
1286 2490 1423 2553 forte
1458 2486 1736 2551 palpaverit

259 2572 339 2605 me
380 2564 549 2618 pater,
607 2565 653 2604 et
696 2555 911 2605 inveniar
951 2557 1000 2605 in
1056 2566 1305 2620 conspecta
1360 2556 1457 2602 eius
1511 2563 1734 2616 tanquam

259 2631 560 2686 contemptor
573 2624 606 2651 “
615 2626 639 2670 ἓ
1732 2632 1743 2657 e

227 2743 367 2798 20⁴.
431 2739 758 2796 Coniectura
798 2741 1048 2796 lectionis
1086 2739 1427 2797 rationabilis
1456 2742 1634 2795 ⁴simul
1674 2757 1735 2794 ac
