2125 3084
151 196 366 264 [11,401.]
493 200 576 246 IN
617 200 976 247 GENESIN.
1019 201 1272 247 SERMO
1312 204 1397 251 Iv.
1647 197 1750 251 235

152 304 278 376 plus
305 318 477 377 quam
503 301 710 355 bonum
739 270 1010 373 praeferat
1038 300 1216 366 hunc,
1259 301 1358 357 sed
1385 303 1517 374 quia
1546 305 1650 359 scit
1678 304 1752 359 il-

154 379 268 433 lum
296 395 396 449 per
425 394 486 432 se
517 376 696 431 solum
723 394 888 448 posse
913 384 1060 433 recte
1088 394 1205 431 rem
1232 376 1519 447 perficere3
1582 380 1751 434 istum

154 470 280 508 vero
315 461 376 507 ut
421 470 454 506 a
499 452 618 506 suis
665 452 916 507 moribus
962 451 1245 507 detentum
1289 453 1749 541 impeditumque,

153 545 308 600 spem
327 527 525 582 salutis
547 526 788 581 habere
771 544 830 580 m
849 526 964 581 sola
981 528 1157 599 patris
1183 528 1453 583 oratione:
1508 546 1675 599 quam
1702 531 1753 583 si

153 621 259 658 non
282 610 607 674 assequatur
621 643 633 666 ‚
677 619 810 673 prae
826 602 1085 657 omnibus
1107 604 1276 657 miser
1296 604 1417 658 erit.
1496 603 1583 658 Ad
1600 620 1757 658 men-

152 689 261 733 tem
285 696 412 733 vero
433 676 578 733 illud
605 676 906 732 dicendum
931 687 1039 733 est:
1104 676 1375 733 Admonet
1404 696 1533 733 eum
1558 680 1758 750 impri-

152 756 257 808 mis
278 771 386 809 non
407 752 612 807 animal
634 752 860 808 brutum
879 753 1099 817 venari,
1129 752 1229 808 sed
1250 752 1421 809 feram
1442 771 1514 809 ex
1532 753 1758 809 habitu-

151 830 282 883 dine
311 828 538 892 factam,
579 827 888 883 secundum
920 826 1071 899 quod
1100 838 1341 901 agrestes
1362 829 1585 885 affectus
1606 828 1758 885 desi-

151 904 334 967 derat,
367 910 582 975 utpote,
619 904 765 958 sicut
785 901 957 959 feram
980 902 1332 968 indomitam,
1373 922 1517 976 quae
1546 923 1655 960 non
1675 906 1758 960 ci-

149 987 404 1041 curatur,
450 978 696 1035 vindicta
737 988 960 1050 accepta
996 979 1212 1034 occidat
1250 996 1390 1034 eam.
1478 979 1751 1045 Secundo,

148 1053 336 1127 quod,
377 1054 594 1124 quando
625 1055 753 1109 eius
776 1071 999 1125 compos
1028 1053 1091 1109 fit
1117 1062 1211 1109 aut
1240 1055 1369 1120 erit,
1418 1072 1527 1110 non
1555 1064 1617 1111 ut
1644 1056 1755 1111 sibi

148 1129 426 1202 placitum
454 1127 639 1193 faciat,
663 1129 960 1185 'sedsicut
985 1130 1161 1201 patri:
1220 1130 1334 1184 eibi
1365 1140 1547 1186 autem
1566 1148 1756 1186 omnes

148 1206 278 1260 viro
316 1204 460 1259 bono
493 1205 684 1275 optimi
714 1214 844 1261 sunt
872 1222 974 1278 per
1000 1204 1410 1278 intelligibilia,
1454 1214 1617 1278 atque
1644 1216 1756 1262 tam

149 1278 354 1342 verba,
380 1296 545 1350 quam
567 1280 708 1336 facta
728 1298 1013 1353 generosa.
1096 1280 1157 1336 Si
1178 1281 1384 1353 itaque,
1410 1283 1502 1348 ait,
1527 1283 1610 1338 sic
1630 1283 1751 1347 erit,

151 1365 206 1410 et
237 1354 528 1411 venaberis
555 1356 1265 1428 hiantiumsolutorumque
1284 1356 1577 1414 affectuum
1598 1374 1757 1432 agre—

151 1432 324 1486 stium
353 1431 777 1503 dispositionem
805 1440 860 1487 et
885 1431 1030 1487 siout
1063 1432 1253 1488 cibum
1292 1433 1576 1489 dulcifices
1613 1434 1755 1490 mihi

151 1700 264 1738 non
291 1680 674 1755 anteponendo
703 1681 958 1757 alterius,
997 1682 1097 1739 sed
1115 1684 1213 1756 qui
1236 1685 1390 1739 novit
1409 1684 1572 1740 illum
1590 1686 1757 1739 etiam

151 1766 254 1830 p‘er
275 1766 450 1812 semet
470 1756 874 1813 benedictionis
899 1758 1161 1832 dignum:
1218 1776 1451 1830 pravum
1481 1776 1611 1813 vero
1638 1759 1757 1813 suis

150 1832 409 1888 moribus
445 1831 852 1903 prohibendum
887 1850 988 1905 pro
1024 1849 1133 1887 una
1170 1840 1382 1887 tantum
1419 1848 1519 1903 spe
1564 1832 1759 1887 salutis

150 1906 382 1964 oracula
419 1907 592 1977 patris
637 1907 956 1972 habentem,
1015 1923 1158 1979 quae
1204 1907 1316 1961 nisi
1360 1908 1755 1979 impetraverit,

151 1983 412 2039 omnium
449 1980 587 2037 foret
621 1982 1062 2039 infelicissimus·
1139 1980 1336 2038 Altiori
1374 1991 1555 2037 autem
1594 2000 1761 2037 sensu

154 2060 406 2114 dicetur:
443 2058 706 2113 ,Primum
734 2060 821 2115 illi
851 2059 944 2115 det
971 2057 1156 2131 (mar-9.
1185 2057 1281 2113 ille
1311 2056 1485 2131 vadit)
1512 2074 1621 2112 non
1642 2058 1762 2113 ani-

152 2134 328 2189 malia
358 2150 580 2206 capere,
622 2135 721 2190 sed
750 2152 953 2191 venare
977 2134 1220 2207 pessima
1240 2142 1293 2190 et
1316 2132 1657 2190 ferocissima
1675 2134 1764 2187 vi-

151 2212 260 2274 tia,
294 2210 377 2264 uti
405 2226 555 2265 more
584 2210 978 2265 immanissimi
998 2210 1282 2275 animalis,
1316 2211 1616 2265 ulciscatur
1636 2208 1763 2263 illas

153 2295 208 2341 et
229 2285 488 2358 perimat.
570 2285 854 2349 Secund0,
895 2294 957 2340 ut
983 2284 1303 2357 praevalere
1331 2286 1531 2359 possit,
1574 2301 1683 2339 non
1701 2292 1765 2339 ut

153 2362 209 2415 ei
239 2378 357 2415 mos
387 2370 500 2425 est,
543 2359 642 2415 sed
670 2369 732 2415 ut
757 2368 968 2433 patrem
996 2361 1151 2415 libet.
1230 2362 1423 2418 Omnis
1450 2362 1600 2416 enim
1639 2376 1765 2415 esca

150 2436 420 2507 prudenti
439 2435 650 2507 optime
668 2452 768 2507 per
787 2435 1101 2492 intellectus
1119 2444 1173 2492 et
1192 2455 1471 2493 sermones
1498 2436 1647 2491 stetit
1674 2454 1765 2491 re-

151 2528 295 2567 nuas
334 2509 522 2582 (maa-9.
563 2518 619 2565 et
653 2509 926 2583 strenuas)
963 2528 1179 2583 operas.
1258 2512 1319 2567 Si
1358 2530 1488 2593 ergo
1524 2514 1766 2584 coeperit

151 2588 529 2657 pessimorum
565 2586 832 2641 vitiorum
870 2588 1220 2659 voraginem,
1278 2596 1331 2642 et
1366 2596 1465 2657 pr'o
1502 2604 1627 2641 esca
1664 2604 1763 2642 sua

152 2662 406 2716 suaviter
421 2659 566 2713 mihi
588 2660 792 2715 condas
819 2668 874 2715 et
899 2660 1093 2715 offeras
1121 2660 1431 2715 amabiliter
1458 2661 1623 2726 mihi,
1666 2661 1766 2717 de—

153 2734 520 2791 monstrando
539 2735 700 2789 istam
719 2744 868 2791 tuam
888 2752 1111 2807 operam
1126 2777 1138 2800 ,
1176 2734 1391 2789 reficiar
1416 2736 1641 2807 quidem
1664 2752 1765 2809 ego
