2125 3084
236 176 328 241 [11‚
361 172 476 237 aas]
604 177 684 223 IN
726 176 1079 223 GENEsm.
1118 179 1371 225 sunno
1409 181 1492 228 Ν.
1738 176 1833 229 23¹

240 280 544 331 subornetur
569 278 842 343 insignium
867 294 1033 329 rerum
1059 279 1218 328 titulis
1234 314 1247 339 ,
1286 294 1401 328 cum
1420 280 1485 329 sit
1502 280 1837 331 denotationis

235 364 346 397 non
374 354 658 395 extraneus.
729 347 926 396 Primus
953 348 1138 411 gradus
1170 346 1438 409 ambigitur
1462 361 1552 409 per
1586 348 1838 397 fallaciam

238 415 538 474 deferendo,
577 420 629 462 et
653 420 827 477 utpote
853 414 1132 477 ignorando
1158 413 1402 477 insipiens
1426 414 1592 461 lucem
1620 422 1669 463 et
1699 422 1838 464 tene·

237 484 384 542 bras,
423 482 622 544 nigrum
661 490 711 530 et
737 482 1077 544 splendidum,
1116 482 1305 529 bonum
1334 487 1384 530 et
1408 481 1623 540 malum,
1662 489 1711 529 et
1738 484 1837 531 alia

237 548 589 599 huiuscemodi
610 564 774 611 aequa
790 550 900 611 ipse
916 564 1008 612 per
1033 563 1323 608 numerum,
1359 548 1691 611 possibilitate
1718 563 1836 597 vero

237 632 344 667 non
364 617 528 665 solum
545 616 789 679 disparia,
814 631 987 665 verum
1006 617 1158 666 etiam
1177 616 1444 664 contraria.
1500 615 1569 663 Et
1585 615 1711 663 haec
1732 618 1837 677 qui·

147 707 155 717 ·
237 687 357 735 dam
375 684 528 747 digna
550 684 659 732 zelo
689 683 866 749 (marq.
887 684 1031 732 coelo
1054 684 1167 743 illo)
1199 690 1435 732 tartareo·
1505 682 1630 731 Inde
1657 689 1837 743 putans

231 754 402 817 prima
419 766 510 799 sua
529 758 814 800 commenta
833 752 978 813 dirigi
992 786 1006 811 ,
1047 758 1097 799 et
1124 752 1281 799 altera
1300 750 1589 813 superducit
1607 748 1834 809 consilia,

235 834 455 883 quorum
470 826 666 867 reatum
684 819 949 867 verborum
970 818 1207 881 suffragio
1228 818 1405 867 caelat.
1476 816 1693 879 Accepit
1719 830 1837 879 ergo

235 890 368 936 duas
395 900 578 935 uxores
591 921 604 946 ,
651 900 776 949 quas
806 884 1050 935 Chaldaei
1079 892 1262 934 vocant
1286 884 1453 933 Iudith
1478 892 1528 933 et
1544 883 1833 932 Basemath.

236 954 471 1013 Quarum
494 968 596 1001 una
621 954 973 1017 interpretatur
997 954 1273 1012 laudatrix,
1312 952 1531 1001 secunda
1558 952 1833 1004 nominata.

235 1021 402 1069 Vides
431 1035 528 1082 qua
553 1020 757 1071 festinat
783 1021 874 1069 viri
906 1020 1213 1069 similitudo?
1257 1018 1323 1068 Se
1349 1018 1543 1068 laudari
1568 1024 1717 1080 atque
1746 1033 1835 1066 no-

233 1088 442 1138 minari.
519 1087 628 1149 Ego
665 1102 768 1137 non
805 1088 1001 1151 negabo
1033 1087 1283 1136 Hebraica
1313 1087 1487 1149 lingua
1514 1093 1564 1135 et
1596 1084 1835 1148 Syrorum

234 1155 449 1217 loquela
491 1154 758 1205 Basemath
807 1156 1105 1204 suavitatem
1146 1155 1477 1218 interpretari.
1565 1152 1835 1201 Nominata

237 1230 414 1271 autem
444 1220 592 1270 Sema
618 1224 823 1283 dicitur,
861 1238 963 1271 non
991 1222 1279 1271 Basemath.
1350 1221 1462 1269 Hoc
1495 1235 1614 1285 ergo
1650 1234 1833 1283 pravus

237 1289 484 1350 ambitur,
517 1304 617 1339 non
643 1290 874 1350 veritate,
917 1290 1005 1339 sed
1023 1288 1151 1339 fictis
1172 1290 1332 1339 alatus
1351 1287 1677 1351 argumentis.
1746 1286 1835 1335 Ni-

231 1372 360 1421 grae
381 1358 514 1407 enim
529 1358 868 1421 generationis
888 1365 964 1407 est
983 1356 1203 1407 Cetheus
1224 1358 1309 1419 qui
1330 1371 1568 1407 excessus
1591 1355 1833 1417 interpre-

230 1432 398 1487 tatur,
438 1426 581 1474 cuius
608 1424 788 1474 merita
815 1426 1050 1474 sectando
1067 1460 1080 1485 ,
1117 1426 1319 1473 nomine
1349 1425 1541 1473 scilicet
1566 1429 1761 1471 tantum
1784 1430 1833 1470 et

229 1506 396 1543 vanae
421 1494 614 1555 gloriae
628 1526 642 1551 ,
681 1492 833 1555 digno
859 1493 1114 1541 domicilio
1143 1492 1352 1541 habetur
1370 1492 1658 1541 bestiarum.
1730 1490 1832 1538 He-

230 1568 318 1610 vet
353 1562 490 1609 enim
526 1553 732 1623 serpens
766 1560 1173 1622 interpretantur,
1214 1561 1443 1609 excelsus
1472 1567 1623 1621 atque
1648 1557 1831 1606 mentis

233 1628 462 1677 Cetheus
482 1634 537 1676 et
547 1627 822 1676 bestiarum
839 1628 1018 1676 merita
1034 1627 1223 1690 figurae
1241 1633 1357 1675 sunt
1373 1627 1591 1675 ferarum
1604 1661 1617 1685 ,
1649 1624 1831 1687 quibus

232 1697 343 1745 cari
363 1702 482 1743 sunt
499 1694 674 1743 famuli
692 1694 978 1743 iracundiae
998 1704 1048 1743 et
1063 1694 1518 1757 concupiscentiae,
1538 1694 1665 1740 adeo
1680 1691 1833 1753 aptis·

235 1764 367 1813 sime
393 1763 781 1825 interpretantur
803 1763 930 1811 imas
959 1769 1109 1825 atque
1137 1762 1397 1810 inferiores
1426 1760 1630 1807 sortitus
1650 1771 1833 1804 coneu-

233 1829 519 1893 piscentiae
532 1864 545 1888 ‚
581 1829 827 1891 regiones.
896 1830 1119 1878 Alterius
1155 1834 1323 1875 autem
1347 1826 1520 1873 uxoris
1549 1823 1833 1871 nominatae
1920 1892 1925 1898 Ι

235 1905 387 1961 pater
403 1896 556 1945 Elem
571 1897 736 1947 arietis
757 1904 834 1947 est
849 1898 1066 1961 impetus
1079 1929 1093 1956 ,
1120 1908 1214 1958 pro
1235 1892 1450 1956 auspitio
1468 1890 1645 1939 furiae.

342 2166 501 2225 Quare
539 2168 624 2219 Ῐιαε
660 2168 792 2233 ipsas
827 2167 947 2219 dixit
983 2164 1259 2217 contendere
1297 2162 1443 2213 Isaac
1486 2170 1529 2209 et
1562 2156 1742 2213 Rebec-

835 2240 954 2285 cae?
995 2238 1103 2297 (26,
1132 2233 1239 2294 35.)

353 2392 432 2435 11.
489 2386 605 2435 Non
639 2387 815 2450 utique
853 2402 918 2437 ex
953 2401 1231 2447 consensu,
1292 2398 1385 2436 nec
1420 2383 1557 2433 enim
1592 2384 1839 2429 consonat

237 2454 440 2518 pondus
459 2452 650 2517 figurae
670 2462 721 2504 et
739 2456 1174 2517 concupiscentiae
1194 2452 1354 2503 autori
1373 2450 1573 2499 mentis.
1644 2446 1838 2495 Verun-

235 2530 411 2571 tamen
429 2523 708 2571 consistere
727 2529 972 2571 conantur
996 2522 1160 2585 litigia
1188 2522 1423 2569 adversus
1450 2517 1697 2565 bonorum
1726 2526 1837 2576 per-

239 2589 574 2653 severantiam
588 2624 601 2649 ,
642 2604 772 2652 quae
797 2596 873 2638 est
888 2589 1146 2649 Rebecca,
1185 2595 1235 2637 et
1252 2586 1473 2635 turbelas
1492 2591 1541 2633 et
1562 2581 1839 2631 eontentio-

235 2669 331 2705 nes
361 2663 650 2717 opponant,
693 2657 907 2705 scientes
935 2656 1135 2705 illorum
1159 2654 1384 2717 regimen
1402 2665 1545 2701 suam
1565 2663 1676 2699 esse
1696 2646 1841 2697 dissi·

237 2723 518 2787 petionem.
