<?xml version="1.0" encoding="UTF-8"?>
<!DOCTYPE html PUBLIC "-//W3C//DTD XHTML 1.0 Transitional//EN"
    "http://www.w3.org/TR/xhtml1/DTD/xhtml1-transitional.dtd">
<html xmlns="http://www.w3.org/1999/xhtml" xml:lang="en" lang="en">
 <head>
  <title>
</title>
<meta http-equiv="Content-Type" content="text/html;charset=utf-8" />
  <meta name='ocr-system' content='tesseract 3.04.00' />
  <meta name='ocr-capabilities' content='ocr_page ocr_carea ocr_par ocr_line ocrx_word'/>
</head>
<body>
  <div class='ocr_page' id='page_1' title='image "./philonisiudaeio00alejgoog_0359.png"; bbox 0 0 2125 3084; ppageno 0'>
   <div class='ocr_carea' id='block_1_1' title="bbox 331 143 1943 217">
    <p class='ocr_par' dir='ltr' id='par_1_1' title="bbox 331 143 1943 217">
     <span class='ocr_line' id='line_1_1' title="bbox 331 143 1943 217; baseline 0.004 -20"><span class='ocrx_word' id='word_1_1' title='bbox 331 143 430 198; x_wconf 63' lang='lat'><strong>344</strong></span> <span class='ocrx_word' id='word_1_2' title='bbox 593 149 786 195; x_wconf 76' lang='lat' dir='ltr'><strong>Pmn.</strong></span> <span class='ocrx_word' id='word_1_3' title='bbox 823 149 972 194; x_wconf 82' lang='lat' dir='ltr'><strong>lun.</strong></span> <span class='ocrx_word' id='word_1_4' title='bbox 1009 147 1333 206; x_wconf 68' lang='lat' dir='ltr'><strong>QUAEST.</strong></span> <span class='ocrx_word' id='word_1_5' title='bbox 1370 149 1475 194; x_wconf 75' lang='lat' dir='ltr'><strong>BT</strong></span> <span class='ocrx_word' id='word_1_6' title='bbox 1515 151 1676 199; x_wconf 71' lang='lat' dir='ltr'><strong>son.</strong></span> <span class='ocrx_word' id='word_1_7' title='bbox 1726 151 1943 217; x_wconf 54' lang='lat' dir='ltr'><strong>[lmen]</strong></span> 
     </span>
    </p>
   </div>
   <div class='ocr_carea' id='block_1_2' title="bbox 327 250 1945 848">
    <p class='ocr_par' dir='ltr' id='par_1_2' title="bbox 327 250 1945 848">
     <span class='ocr_line' id='line_1_2' title="bbox 329 250 1943 322; baseline 0.003 -18"><span class='ocrx_word' id='word_1_8' title='bbox 329 267 460 322; x_wconf 83' lang='lat' dir='ltr'><strong>prae</strong></span> <span class='ocrx_word' id='word_1_9' title='bbox 489 250 748 305; x_wconf 86' lang='lat' dir='ltr'><strong>omnibus</strong></span> <span class='ocrx_word' id='word_1_10' title='bbox 781 250 972 322; x_wconf 78' lang='lat' dir='ltr'><strong>regina</strong></span> <span class='ocrx_word' id='word_1_11' title='bbox 997 250 1267 303; x_wconf 84' lang='lat' dir='ltr'><strong>virtutum</strong></span> <span class='ocrx_word' id='word_1_12' title='bbox 1280 290 1294 312; x_wconf 87' lang='lat'>,</span> <span class='ocrx_word' id='word_1_13' title='bbox 1344 251 1547 320; x_wconf 80' lang='lat' dir='ltr'><strong>pietas.</strong></span> <span class='ocrx_word' id='word_1_14' title='bbox 1628 255 1780 310; x_wconf 77' lang='lat' dir='ltr'><strong>Mors</strong></span> <span class='ocrx_word' id='word_1_15' title='bbox 1812 275 1943 312; x_wconf 84' lang='lat' dir='ltr'><strong>vero</strong></span> 
     </span>
     <span class='ocr_line' id='line_1_3' title="bbox 331 323 1941 396; baseline 0.004 -16"><span class='ocrx_word' id='word_1_16' title='bbox 331 327 546 380; x_wconf 85' lang='lat' dir='ltr'><strong>animae</strong></span> <span class='ocrx_word' id='word_1_17' title='bbox 573 334 656 380; x_wconf 86' lang='lat' dir='ltr'><strong>est</strong></span> <span class='ocrx_word' id='word_1_18' title='bbox 682 324 1018 380; x_wconf 77' lang='lat' dir='ltr'><strong>dissonantia</strong></span> <span class='ocrx_word' id='word_1_19' title='bbox 1047 324 1119 378; x_wconf 89' lang='lat' dir='ltr'><strong>ad</strong></span> <span class='ocrx_word' id='word_1_20' title='bbox 1142 323 1469 395; x_wconf 74' lang='lat' dir='ltr'><strong>probitatem</strong></span> <span class='ocrx_word' id='word_1_21' title='bbox 1492 333 1663 396; x_wconf 83' lang='lat' dir='ltr'><strong>atque</strong></span> <span class='ocrx_word' id='word_1_22' title='bbox 1682 328 1941 387; x_wconf 80' lang='lat' dir='ltr'><strong>defectus</strong></span> 
     </span>
     <span class='ocr_line' id='line_1_4' title="bbox 329 398 1935 478; baseline 0.002 -20"><span class='ocrx_word' id='word_1_23' title='bbox 329 401 664 458; x_wconf 84' lang='lat' dir='ltr'><strong>harmoniae.</strong></span> <span class='ocrx_word' id='word_1_24' title='bbox 741 400 920 466; x_wconf 84' lang='lat' dir='ltr'><strong>Quare</strong></span> <span class='ocrx_word' id='word_1_25' title='bbox 943 400 1046 453; x_wconf 83' lang='lat' dir='ltr'><strong>rite</strong></span> <span class='ocrx_word' id='word_1_26' title='bbox 1063 398 1277 454; x_wconf 80' lang='lat' dir='ltr'><strong>dictum</strong></span> <span class='ocrx_word' id='word_1_27' title='bbox 1294 407 1404 454; x_wconf 87' lang='lat' dir='ltr'><strong>est:</strong></span> <span class='ocrx_word' id='word_1_28' title='bbox 1446 401 1609 455; x_wconf 79' lang='lat' dir='ltr'><strong>Nemo</strong></span> <span class='ocrx_word' id='word_1_29' title='bbox 1627 411 1850 460; x_wconf 74' lang='lat' dir='ltr'><strong>recessit</strong></span> <span class='ocrx_word' id='word_1_30' title='bbox 1868 408 1935 478; x_wconf 77' lang='grc' dir='ltr'><strong>(ε.</strong></span> 
     </span>
     <span class='ocr_line' id='line_1_5' title="bbox 328 473 1939 548; baseline 0.002 -16"><span class='ocrx_word' id='word_1_31' title='bbox 328 481 461 532; x_wconf 67' lang='lat' dir='ltr'><strong>nihil</strong></span> <span class='ocrx_word' id='word_1_32' title='bbox 475 476 834 548; x_wconf 72' lang='lat' dir='ltr'><strong>discrepavit),</strong></span> <span class='ocrx_word' id='word_1_33' title='bbox 873 483 1152 546; x_wconf 84' lang='lat' dir='ltr'><strong>tamquam</strong></span> <span class='ocrx_word' id='word_1_34' title='bbox 1180 476 1239 528; x_wconf 90' lang='lat' dir='ltr'><strong>in</strong></span> <span class='ocrx_word' id='word_1_35' title='bbox 1256 473 1495 546; x_wconf 78' lang='lat' dir='ltr'><strong>perfecta</strong></span> <span class='ocrx_word' id='word_1_36' title='bbox 1524 475 1729 531; x_wconf 77' lang='lat' dir='ltr'><strong>chorea</strong></span> <span class='ocrx_word' id='word_1_37' title='bbox 1748 482 1939 536; x_wconf 89' lang='lat' dir='ltr'><strong>omni-</strong></span> 
     </span>
     <span class='ocr_line' id='line_1_6' title="bbox 327 550 1945 622; baseline 0.001 -14"><span class='ocrx_word' id='word_1_38' title='bbox 327 552 524 608; x_wconf 87' lang='lat' dir='ltr'><strong>modae</strong></span> <span class='ocrx_word' id='word_1_39' title='bbox 539 552 784 606; x_wconf 75' lang='lat' dir='ltr'><strong>musicae</strong></span> <span class='ocrx_word' id='word_1_40' title='bbox 798 591 812 616; x_wconf 85' lang='lat'><strong>‚</strong></span> <span class='ocrx_word' id='word_1_41' title='bbox 839 567 950 606; x_wconf 83' lang='lat' dir='ltr'><strong>una</strong></span> <span class='ocrx_word' id='word_1_42' title='bbox 969 567 1098 604; x_wconf 87' lang='lat' dir='ltr'><strong>cum</strong></span> <span class='ocrx_word' id='word_1_43' title='bbox 1118 559 1437 605; x_wconf 86' lang='lat' dir='ltr'><strong>cunctorum</strong></span> <span class='ocrx_word' id='word_1_44' title='bbox 1456 550 1791 622; x_wconf 75' lang='lat' dir='ltr'>symphonia</span> <span class='ocrx_word' id='word_1_45' title='bbox 1808 594 1821 617; x_wconf 91' lang='lat'>‚</span> <span class='ocrx_word' id='word_1_46' title='bbox 1855 557 1945 610; x_wconf 66' lang='lat' dir='ltr'><strong>ita</strong></span> 
     </span>
     <span class='ocr_line' id='line_1_7' title="bbox 327 623 1933 697; baseline 0.001 -14"><span class='ocrx_word' id='word_1_47' title='bbox 327 638 390 683; x_wconf 87' lang='lat' dir='ltr'><strong>ut</strong></span> <span class='ocrx_word' id='word_1_48' title='bbox 407 627 722 682; x_wconf 80' lang='lat' dir='ltr'><strong>harmonico</strong></span> <span class='ocrx_word' id='word_1_49' title='bbox 741 634 1008 680; x_wconf 76' lang='lat' dir='ltr'><strong>concentu</strong></span> <span class='ocrx_word' id='word_1_50' title='bbox 1023 625 1259 680; x_wconf 76' lang='lat' dir='ltr'><strong>canendi</strong></span> <span class='ocrx_word' id='word_1_51' title='bbox 1278 643 1365 680; x_wconf 80' lang='lat' dir='ltr'><strong>ars</strong></span> <span class='ocrx_word' id='word_1_52' title='bbox 1384 623 1701 697; x_wconf 79' lang='lat' dir='ltr'><strong>perficiatur</strong></span> <span class='ocrx_word' id='word_1_53' title='bbox 1718 628 1777 680; x_wconf 90' lang='lat' dir='ltr'><strong>in</strong></span> <span class='ocrx_word' id='word_1_54' title='bbox 1806 645 1933 684; x_wconf 92' lang='lat' dir='ltr'><strong>mo-</strong></span> 
     </span>
     <span class='ocr_line' id='line_1_8' title="bbox 329 699 1928 773; baseline -0.001 -14"><span class='ocrx_word' id='word_1_55' title='bbox 329 702 609 758; x_wconf 85' lang='lat' dir='ltr'><strong>dulatione</strong></span> <span class='ocrx_word' id='word_1_56' title='bbox 639 718 702 756; x_wconf 80' lang='lat' dir='ltr'><strong>ac</strong></span> <span class='ocrx_word' id='word_1_57' title='bbox 729 701 922 773; x_wconf 80' lang='lat' dir='ltr'><strong>peritis</strong></span> <span class='ocrx_word' id='word_1_58' title='bbox 951 699 1145 772; x_wconf 80' lang='lat' dir='ltr'><strong>digitis</strong></span> <span class='ocrx_word' id='word_1_59' title='bbox 1159 741 1173 764; x_wconf 89' lang='lat'><strong>,</strong></span> <span class='ocrx_word' id='word_1_60' title='bbox 1224 717 1333 755; x_wconf 90' lang='lat' dir='ltr'><strong>non</strong></span> <span class='ocrx_word' id='word_1_61' title='bbox 1371 701 1507 756; x_wconf 86' lang='lat' dir='ltr'><strong>adeo</strong></span> <span class='ocrx_word' id='word_1_62' title='bbox 1536 717 1671 758; x_wconf 82' lang='lat' dir='ltr'><strong>voce</strong></span> <span class='ocrx_word' id='word_1_63' title='bbox 1686 742 1699 765; x_wconf 91' lang='lat'>‚</span> <span class='ocrx_word' id='word_1_64' title='bbox 1752 719 1928 773; x_wconf 81' lang='lat' dir='ltr'><strong>quam</strong></span> 
     </span>
     <span class='ocr_line' id='line_1_9' title="bbox 329 774 1374 848; baseline -0.003 -14"><span class='ocrx_word' id='word_1_65' title='bbox 329 787 510 834; x_wconf 86' lang='lat' dir='ltr'><strong>mente</strong></span> <span class='ocrx_word' id='word_1_66' title='bbox 531 778 588 832; x_wconf 88' lang='lat' dir='ltr'><strong>id</strong></span> <span class='ocrx_word' id='word_1_67' title='bbox 607 777 894 833; x_wconf 85' lang='lat' dir='ltr'><strong>ostendere</strong></span> <span class='ocrx_word' id='word_1_68' title='bbox 911 777 1134 848; x_wconf 66' lang='lat' dir='ltr'><strong>operam</strong></span> <span class='ocrx_word' id='word_1_69' title='bbox 1160 774 1374 831; x_wconf 83' lang='lat' dir='ltr'><strong>dante‘s.</strong></span> 
     </span>
    </p>
   </div>
   <div class='ocr_carea' id='block_1_3' title="bbox 407 950 1843 1084">
    <p class='ocr_par' dir='ltr' id='par_1_3' title="bbox 407 950 1843 1084">
     <span class='ocr_line' id='line_1_10' title="bbox 407 950 1843 1018; baseline 0 -17"><span class='ocrx_word' id='word_1_70' title='bbox 407 951 538 1010; x_wconf 73' lang='lat' dir='ltr'><strong>Quid</strong></span> <span class='ocrx_word' id='word_1_71' title='bbox 569 961 638 1002; x_wconf 71' lang='lat' dir='ltr'><strong>est</strong></span> <span class='ocrx_word' id='word_1_72' title='bbox 671 951 1056 1018; x_wconf 76' lang='lat' dir='ltr'><strong>„Apparuerunt</strong></span> <span class='ocrx_word' id='word_1_73' title='bbox 1090 950 1177 1002; x_wconf 76' lang='lat' dir='ltr'><strong>deo</strong></span> <span class='ocrx_word' id='word_1_74' title='bbox 1210 951 1261 1000; x_wconf 75' lang='lat' dir='ltr'><strong>in</strong></span> <span class='ocrx_word' id='word_1_75' title='bbox 1295 967 1351 1000; x_wconf 82' lang='lat' dir='ltr'><strong>eo</strong></span> <span class='ocrx_word' id='word_1_76' title='bbox 1386 951 1515 1014; x_wconf 83' lang='lat' dir='ltr'><strong>loco,</strong></span> <span class='ocrx_word' id='word_1_77' title='bbox 1572 961 1618 1001; x_wconf 79' lang='lat' dir='ltr'><strong>et</strong></span> <span class='ocrx_word' id='word_1_78' title='bbox 1650 951 1843 1001; x_wconf 74' lang='lat' dir='ltr'><strong>mandu-</strong></span> 
     </span>
     <span class='ocr_line' id='line_1_11' title="bbox 720 1019 1531 1084; baseline 0 -16"><span class='ocrx_word' id='word_1_79' title='bbox 720 1029 943 1068; x_wconf 79' lang='lat' dir='ltr'><strong>caverunt</strong></span> <span class='ocrx_word' id='word_1_80' title='bbox 977 1027 1022 1068; x_wconf 75' lang='lat' dir='ltr'><strong>et</strong></span> <span class='ocrx_word' id='word_1_81' title='bbox 1057 1019 1348 1068; x_wconf 70' lang='lat' dir='ltr'><strong>biberunt“?</strong></span> <span class='ocrx_word' id='word_1_82' title='bbox 1408 1020 1531 1084; x_wconf 84' lang='lat' dir='ltr'><strong>(ib.)</strong></span> 
     </span>
    </p>
   </div>
   <div class='ocr_carea' id='block_1_4' title="bbox 325 1137 1926 2189">
    <p class='ocr_par' dir='ltr' id='par_1_4' title="bbox 325 1137 1926 2189">
     <span class='ocr_line' id='line_1_12' title="bbox 439 1137 1923 1211; baseline -0.002 -16"><span class='ocrx_word' id='word_1_83' title='bbox 439 1142 526 1195; x_wconf 80' lang='lat'><strong>39.</strong></span> <span class='ocrx_word' id='word_1_84' title='bbox 564 1138 782 1194; x_wconf 84' lang='lat' dir='ltr'><strong>Faciem</strong></span> <span class='ocrx_word' id='word_1_85' title='bbox 811 1137 1139 1209; x_wconf 80' lang='lat' dir='ltr'><strong>attingentes</strong></span> <span class='ocrx_word' id='word_1_86' title='bbox 1166 1137 1339 1208; x_wconf 79' lang='lat' dir='ltr'><strong>patris</strong></span> <span class='ocrx_word' id='word_1_87' title='bbox 1368 1152 1648 1209; x_wconf 79' lang='lat' dir='ltr'><strong>nusquam</strong></span> <span class='ocrx_word' id='word_1_88' title='bbox 1674 1139 1839 1211; x_wconf 84' lang='lat' dir='ltr'><strong>plane</strong></span> <span class='ocrx_word' id='word_1_89' title='bbox 1864 1139 1923 1193; x_wconf 90' lang='lat' dir='ltr'><strong>in</strong></span> 
     </span>
     <span class='ocr_line' id='line_1_13' title="bbox 327 1212 1924 1284; baseline -0.001 -14"><span class='ocrx_word' id='word_1_90' title='bbox 327 1214 544 1270; x_wconf 76' lang='lat' dir='ltr'><strong>mortali</strong></span> <span class='ocrx_word' id='word_1_91' title='bbox 573 1213 692 1270; x_wconf 89' lang='lat' dir='ltr'><strong>loco</strong></span> <span class='ocrx_word' id='word_1_92' title='bbox 717 1219 962 1284; x_wconf 80' lang='lat' dir='ltr'><strong>perstent</strong></span> <span class='ocrx_word' id='word_1_93' title='bbox 980 1241 1056 1254; x_wconf 87' lang='lat'><strong>--</strong></span> <span class='ocrx_word' id='word_1_94' title='bbox 1073 1212 1177 1268; x_wconf 88' lang='lat' dir='ltr'><strong>hoc</strong></span> <span class='ocrx_word' id='word_1_95' title='bbox 1198 1213 1347 1268; x_wconf 86' lang='lat' dir='ltr'><strong>enim</strong></span> <span class='ocrx_word' id='word_1_96' title='bbox 1366 1219 1543 1268; x_wconf 85' lang='lat' dir='ltr'><strong>totum</strong></span> <span class='ocrx_word' id='word_1_97' title='bbox 1562 1223 1649 1275; x_wconf 85' lang='lat' dir='ltr'><strong>est</strong></span> <span class='ocrx_word' id='word_1_98' title='bbox 1666 1230 1924 1270; x_wconf 85' lang='lat' dir='ltr'><strong>mancum</strong></span> 
     </span>
     <span class='ocr_line' id='line_1_14' title="bbox 327 1285 1926 1360; baseline -0.002 -15"><span class='ocrx_word' id='word_1_99' title='bbox 327 1299 382 1345; x_wconf 83' lang='lat' dir='ltr'><strong>et</strong></span> <span class='ocrx_word' id='word_1_100' title='bbox 419 1287 640 1344; x_wconf 79' lang='lat' dir='ltr'><strong>foedum</strong></span> <span class='ocrx_word' id='word_1_101' title='bbox 667 1317 769 1352; x_wconf 85' lang='lat'><strong>-‚</strong></span> <span class='ocrx_word' id='word_1_102' title='bbox 829 1286 928 1342; x_wconf 87' lang='lat' dir='ltr'><strong>sed</strong></span> <span class='ocrx_word' id='word_1_103' title='bbox 971 1287 1249 1342; x_wconf 78' lang='lat' dir='ltr'><strong>mittentes</strong></span> <span class='ocrx_word' id='word_1_104' title='bbox 1288 1285 1565 1344; x_wconf 79' lang='lat' dir='ltr'><strong>reducunt</strong></span> <span class='ocrx_word' id='word_1_105' title='bbox 1574 1287 1631 1360; x_wconf 79' lang='lat'><strong>*)</strong></span> <span class='ocrx_word' id='word_1_106' title='bbox 1666 1289 1926 1344; x_wconf 85' lang='lat' dir='ltr'><strong>transmi-</strong></span> 
     </span>
     <span class='ocr_line' id='line_1_15' title="bbox 326 1361 1925 1438; baseline -0.001 -20"><span class='ocrx_word' id='word_1_107' title='bbox 326 1365 631 1438; x_wconf 82' lang='lat' dir='ltr'><strong>grationem</strong></span> <span class='ocrx_word' id='word_1_108' title='bbox 661 1361 731 1418; x_wconf 81' lang='lat' dir='ltr'><strong>ad</strong></span> <span class='ocrx_word' id='word_1_109' title='bbox 761 1370 1011 1418; x_wconf 88' lang='lat' dir='ltr'><strong>sanctum</strong></span> <span class='ocrx_word' id='word_1_110' title='bbox 1039 1361 1407 1433; x_wconf 80' lang='lat' dir='ltr'><strong>divinumque</strong></span> <span class='ocrx_word' id='word_1_111' title='bbox 1434 1362 1646 1428; x_wconf 84' lang='lat' dir='ltr'><strong>locum,</strong></span> <span class='ocrx_word' id='word_1_112' title='bbox 1690 1365 1789 1436; x_wconf 91' lang='lat' dir='ltr'><strong>qui</strong></span> <span class='ocrx_word' id='word_1_113' title='bbox 1818 1364 1925 1418; x_wconf 83' lang='lat' dir='ltr'><strong>alio</strong></span> 
     </span>
     <span class='ocr_line' id='line_1_16' title="bbox 326 1436 1926 1512; baseline 0.001 -19"><span class='ocrx_word' id='word_1_114' title='bbox 326 1438 548 1512; x_wconf 64' lang='lat' dir='ltr'><strong>nomine</strong></span> <span class='ocrx_word' id='word_1_115' title='bbox 567 1440 792 1492; x_wconf 81' lang='lat' dir='ltr'><strong>vocatur</strong></span> <span class='ocrx_word' id='word_1_116' title='bbox 815 1436 1073 1492; x_wconf 81' lang='lat' dir='ltr'><strong>Verbum.</strong></span> <span class='ocrx_word' id='word_1_117' title='bbox 1120 1439 1183 1496; x_wconf 89' lang='lat' dir='ltr'><strong>In</strong></span> <span class='ocrx_word' id='word_1_118' title='bbox 1200 1453 1311 1510; x_wconf 85' lang='lat' dir='ltr'><strong>quo</strong></span> <span class='ocrx_word' id='word_1_119' title='bbox 1330 1437 1661 1495; x_wconf 82' lang='lat' dir='ltr'><strong>exsistentes</strong></span> <span class='ocrx_word' id='word_1_120' title='bbox 1680 1456 1783 1512; x_wconf 88' lang='lat' dir='ltr'><strong>per</strong></span> <span class='ocrx_word' id='word_1_121' title='bbox 1808 1439 1926 1494; x_wconf 85' lang='lat' dir='ltr'><strong>dis-</strong></span> 
     </span>
     <span class='ocr_line' id='line_1_17' title="bbox 326 1511 1925 1586; baseline 0.001 -18"><span class='ocrx_word' id='word_1_122' title='bbox 326 1519 698 1586; x_wconf 83' lang='lat' dir='ltr'><strong>pensatorem,</strong></span> <span class='ocrx_word' id='word_1_123' title='bbox 747 1511 1113 1583; x_wconf 75' lang='lat' dir='ltr'><strong>principalem</strong></span> <span class='ocrx_word' id='word_1_124' title='bbox 1147 1511 1365 1577; x_wconf 87' lang='lat' dir='ltr'><strong>vident,</strong></span> <span class='ocrx_word' id='word_1_125' title='bbox 1425 1522 1615 1570; x_wconf 79' lang='lat' dir='ltr'><strong>sancte</strong></span> <span class='ocrx_word' id='word_1_126' title='bbox 1669 1523 1925 1570; x_wconf 82' lang='lat' dir='ltr'><strong>constan-</strong></span> 
     </span>
     <span class='ocr_line' id='line_1_18' title="bbox 325 1585 1919 1663; baseline -0.001 -19"><span class='ocrx_word' id='word_1_127' title='bbox 325 1599 517 1659; x_wconf 84' lang='lat' dir='ltr'><strong>terque</strong></span> <span class='ocrx_word' id='word_1_128' title='bbox 535 1587 840 1644; x_wconf 83' lang='lat' dir='ltr'><strong>invisentes</strong></span> <span class='ocrx_word' id='word_1_129' title='bbox 863 1585 1030 1643; x_wconf 86' lang='lat' dir='ltr'><strong>deum</strong></span> <span class='ocrx_word' id='word_1_130' title='bbox 1059 1588 1235 1644; x_wconf 84' lang='lat' dir='ltr'><strong>acutis</strong></span> <span class='ocrx_word' id='word_1_131' title='bbox 1261 1587 1575 1644; x_wconf 86' lang='lat' dir='ltr'><strong>intellectus</strong></span> <span class='ocrx_word' id='word_1_132' title='bbox 1602 1591 1805 1658; x_wconf 78' lang='lat' dir='ltr'><strong>oculis.</strong></span> <span class='ocrx_word' id='word_1_133' title='bbox 1846 1585 1919 1663; x_wconf 71' lang='grc' dir='ltr'><strong>[Ἴ</strong></span> 
     </span>
     <span class='ocr_line' id='line_1_19' title="bbox 328 1663 1925 1736; baseline -0.001 -16"><span class='ocrx_word' id='word_1_134' title='bbox 328 1664 476 1720; x_wconf 88' lang='lat' dir='ltr'><strong>Talis</strong></span> <span class='ocrx_word' id='word_1_135' title='bbox 497 1671 677 1720; x_wconf 80' lang='lat' dir='ltr'><strong>autem</strong></span> <span class='ocrx_word' id='word_1_136' title='bbox 697 1663 1013 1734; x_wconf 81' lang='lat' dir='ltr'><strong>apparentia</strong></span> <span class='ocrx_word' id='word_1_137' title='bbox 1033 1663 1193 1718; x_wconf 88' lang='lat' dir='ltr'><strong>cibus</strong></span> <span class='ocrx_word' id='word_1_138' title='bbox 1214 1671 1297 1718; x_wconf 83' lang='lat' dir='ltr'><strong>est</strong></span> <span class='ocrx_word' id='word_1_139' title='bbox 1314 1664 1548 1729; x_wconf 78' lang='lat' dir='ltr'><strong>animae,</strong></span> <span class='ocrx_word' id='word_1_140' title='bbox 1572 1673 1627 1719; x_wconf 89' lang='lat' dir='ltr'><strong>et</strong></span> <span class='ocrx_word' id='word_1_141' title='bbox 1644 1682 1775 1720; x_wconf 81' lang='lat' dir='ltr'><strong>vera</strong></span> <span class='ocrx_word' id='word_1_142' title='bbox 1794 1681 1925 1736; x_wconf 74' lang='lat' dir='ltr'><strong>par·</strong></span> 
     </span>
     <span class='ocr_line' id='line_1_20' title="bbox 327 1738 1921 1813; baseline -0.002 -18"><span class='ocrx_word' id='word_1_143' title='bbox 327 1741 573 1813; x_wconf 80' lang='lat' dir='ltr'><strong>ticipatio</strong></span> <span class='ocrx_word' id='word_1_144' title='bbox 593 1739 738 1794; x_wconf 85' lang='lat' dir='ltr'><strong>vitae</strong></span> <span class='ocrx_word' id='word_1_145' title='bbox 759 1755 921 1794; x_wconf 81' lang='lat' dir='ltr'><strong>causa</strong></span> <span class='ocrx_word' id='word_1_146' title='bbox 943 1747 1026 1794; x_wconf 83' lang='lat' dir='ltr'><strong>est</strong></span> <span class='ocrx_word' id='word_1_147' title='bbox 1045 1739 1491 1794; x_wconf 81' lang='lat' dir='ltr'><strong>immortalitatis.</strong></span> <span class='ocrx_word' id='word_1_148' title='bbox 1558 1738 1737 1806; x_wconf 86' lang='lat' dir='ltr'><strong>Quare</strong></span> <span class='ocrx_word' id='word_1_149' title='bbox 1758 1741 1921 1794; x_wconf 85' lang='lat' dir='ltr'><strong>etiam</strong></span> 
     </span>
     <span class='ocr_line' id='line_1_21' title="bbox 327 1813 1924 1884; baseline -0.001 -14"><span class='ocrx_word' id='word_1_150' title='bbox 327 1817 558 1872; x_wconf 86' lang='lat' dir='ltr'><strong>dicitur:</strong></span> <span class='ocrx_word' id='word_1_151' title='bbox 634 1814 966 1870; x_wconf 83' lang='lat' dir='ltr'><strong>Comederunt</strong></span> <span class='ocrx_word' id='word_1_152' title='bbox 1012 1834 1077 1870; x_wconf 84' lang='lat' dir='ltr'><strong>ac</strong></span> <span class='ocrx_word' id='word_1_153' title='bbox 1122 1817 1381 1880; x_wconf 77' lang='lat' dir='ltr'><strong>hiberum,-</strong></span> <span class='ocrx_word' id='word_1_154' title='bbox 1438 1813 1721 1884; x_wconf 83' lang='lat' dir='ltr'><strong>siquidem</strong></span> <span class='ocrx_word' id='word_1_155' title='bbox 1760 1814 1924 1870; x_wconf 86' lang='lat' dir='ltr'><strong>valde</strong></span> 
     </span>
     <span class='ocr_line' id='line_1_22' title="bbox 327 1883 1924 1962; baseline -0.001 -17"><span class='ocrx_word' id='word_1_156' title='bbox 327 1894 548 1948; x_wconf 87' lang='lat' dir='ltr'><strong>omnino</strong></span> <span class='ocrx_word' id='word_1_157' title='bbox 578 1892 882 1946; x_wconf 84' lang='lat' dir='ltr'><strong>esurientes</strong></span> <span class='ocrx_word' id='word_1_158' title='bbox 913 1898 967 1944; x_wconf 84' lang='lat' dir='ltr'><strong>et</strong></span> <span class='ocrx_word' id='word_1_159' title='bbox 1002 1883 1279 1954; x_wconf 76' lang='lat' dir='ltr'><strong>sitientes,</strong></span> <span class='ocrx_word' id='word_1_160' title='bbox 1332 1887 1623 1944; x_wconf 78' lang='lat' dir='ltr'><strong>manifeste</strong></span> <span class='ocrx_word' id='word_1_161' title='bbox 1652 1906 1924 1962; x_wconf 81' lang='lat' dir='ltr'><strong>apparen-</strong></span> 
     </span>
     <span class='ocr_line' id='line_1_23' title="bbox 327 1962 1925 2036; baseline -0.003 -14"><span class='ocrx_word' id='word_1_162' title='bbox 327 1977 438 2024; x_wconf 87' lang='lat' dir='ltr'><strong>tem</strong></span> <span class='ocrx_word' id='word_1_163' title='bbox 467 1967 634 2035; x_wconf 78' lang='lat' dir='ltr'><strong>deum</strong></span> <span class='ocrx_word' id='word_1_164' title='bbox 673 1967 864 2022; x_wconf 86' lang='lat' dir='ltr'><strong>videre</strong></span> <span class='ocrx_word' id='word_1_165' title='bbox 901 1982 1008 2020; x_wconf 90' lang='lat' dir='ltr'><strong>non</strong></span> <span class='ocrx_word' id='word_1_166' title='bbox 1047 1964 1271 2020; x_wconf 83' lang='lat' dir='ltr'><strong>fuerunt</strong></span> <span class='ocrx_word' id='word_1_167' title='bbox 1305 1962 1603 2036; x_wconf 84' lang='lat' dir='ltr'><strong>prohibiti,</strong></span> <span class='ocrx_word' id='word_1_168' title='bbox 1650 1965 1751 2020; x_wconf 83' lang='lat' dir='ltr'><strong>sed</strong></span> <span class='ocrx_word' id='word_1_169' title='bbox 1778 1965 1925 2020; x_wconf 86' lang='lat' dir='ltr'><strong>sicut</strong></span> 
     </span>
     <span class='ocr_line' id='line_1_24' title="bbox 329 2038 1925 2112; baseline -0.001 -14"><span class='ocrx_word' id='word_1_170' title='bbox 329 2042 595 2107; x_wconf 80' lang='lat' dir='ltr'><strong>famelici,</strong></span> <span class='ocrx_word' id='word_1_171' title='bbox 639 2041 1007 2098; x_wconf 79' lang='lat' dir='ltr'><strong>abundantem</strong></span> <span class='ocrx_word' id='word_1_172' title='bbox 1033 2040 1377 2096; x_wconf 86' lang='lat' dir='ltr'><strong>invenientes</strong></span> <span class='ocrx_word' id='word_1_173' title='bbox 1398 2038 1615 2106; x_wconf 83' lang='lat' dir='ltr'><strong>cibum,</strong></span> <span class='ocrx_word' id='word_1_174' title='bbox 1658 2056 1925 2112; x_wconf 81' lang='lat' dir='ltr'><strong>magnum</strong></span> 
     </span>
     <span class='ocr_line' id='line_1_25' title="bbox 329 2117 1555 2189; baseline -0.002 -15"><span class='ocrx_word' id='word_1_175' title='bbox 329 2119 663 2176; x_wconf 83' lang='lat' dir='ltr'><strong>desiderium</strong></span> <span class='ocrx_word' id='word_1_176' title='bbox 687 2117 1008 2189; x_wconf 87' lang='lat' dir='ltr'><strong>implevere.</strong></span> <span class='ocrx_word' id='word_1_177' title='bbox 1534 2121 1555 2141; x_wconf 81' lang='lat'>⁸</span> 
     </span>
    </p>
   </div>
   <div class='ocr_carea' id='block_1_5' title="bbox 501 2266 1752 2400">
    <p class='ocr_par' dir='ltr' id='par_1_5' title="bbox 501 2266 1752 2400">
     <span class='ocr_line' id='line_1_26' title="bbox 501 2266 1752 2332; baseline -0.004 -13"><span class='ocrx_word' id='word_1_178' title='bbox 501 2269 629 2327; x_wconf 74' lang='lat' dir='ltr'><strong>Quid</strong></span> <span class='ocrx_word' id='word_1_179' title='bbox 661 2279 728 2317; x_wconf 80' lang='lat' dir='ltr'><strong>est</strong></span> <span class='ocrx_word' id='word_1_180' title='bbox 762 2268 1026 2332; x_wconf 74' lang='lat' dir='ltr'><strong>„Ascende</strong></span> <span class='ocrx_word' id='word_1_181' title='bbox 1059 2267 1130 2316; x_wconf 81' lang='lat' dir='ltr'><strong>ad</strong></span> <span class='ocrx_word' id='word_1_182' title='bbox 1158 2283 1230 2316; x_wconf 83' lang='lat' dir='ltr'><strong>me</strong></span> <span class='ocrx_word' id='word_1_183' title='bbox 1262 2266 1313 2316; x_wconf 79' lang='lat' dir='ltr'><strong>in</strong></span> <span class='ocrx_word' id='word_1_184' title='bbox 1344 2275 1538 2315; x_wconf 79' lang='lat' dir='ltr'><strong>montem</strong></span> <span class='ocrx_word' id='word_1_185' title='bbox 1576 2275 1621 2314; x_wconf 81' lang='lat' dir='ltr'><strong>et</strong></span> <span class='ocrx_word' id='word_1_186' title='bbox 1656 2275 1752 2315; x_wconf 76' lang='lat' dir='ltr'><strong>esto</strong></span> 
     </span>
     <span class='ocr_line' id='line_1_27' title="bbox 910 2335 1334 2400; baseline 0 -16"><span class='ocrx_word' id='word_1_187' title='bbox 910 2335 1060 2384; x_wconf 60' lang='lat' dir='ltr'><strong>ibi‘w</strong></span> <span class='ocrx_word' id='word_1_188' title='bbox 1097 2337 1201 2400; x_wconf 79' lang='lat'><strong>(24,</strong></span> <span class='ocrx_word' id='word_1_189' title='bbox 1230 2335 1334 2394; x_wconf 82' lang='lat'>12.)</span> 
     </span>
    </p>
   </div>
   <div class='ocr_carea' id='block_1_6' title="bbox 333 2435 1928 2582">
    <p class='ocr_par' dir='ltr' id='par_1_6' title="bbox 333 2435 1928 2582">
     <span class='ocr_line' id='line_1_28' title="bbox 438 2435 1927 2506; baseline -0.005 -11"><span class='ocrx_word' id='word_1_190' title='bbox 438 2443 534 2496; x_wconf 74' lang='lat'><strong>40..</strong></span> <span class='ocrx_word' id='word_1_191' title='bbox 563 2440 818 2496; x_wconf 85' lang='lat' dir='ltr'><strong>Animam</strong></span> <span class='ocrx_word' id='word_1_192' title='bbox 845 2445 1088 2493; x_wconf 80' lang='lat' dir='ltr'><strong>sanctam</strong></span> <span class='ocrx_word' id='word_1_193' title='bbox 1115 2436 1359 2492; x_wconf 81' lang='lat' dir='ltr'><strong>deificati</strong></span> <span class='ocrx_word' id='word_1_194' title='bbox 1390 2442 1604 2490; x_wconf 82' lang='lat' dir='ltr'><strong>notatur</strong></span> <span class='ocrx_word' id='word_1_195' title='bbox 1631 2451 1731 2506; x_wconf 89' lang='lat' dir='ltr'><strong>per</strong></span> <span class='ocrx_word' id='word_1_196' title='bbox 1756 2435 1927 2489; x_wconf 80' lang='lat' dir='ltr'><strong>istam</strong></span> 
     </span>
     <span class='ocr_line' id='line_1_29' title="bbox 333 2510 1928 2582; baseline -0.003 -14"><span class='ocrx_word' id='word_1_197' title='bbox 333 2516 706 2570; x_wconf 86' lang='lat' dir='ltr'><strong>ascensionem</strong></span> <span class='ocrx_word' id='word_1_198' title='bbox 720 2556 733 2580; x_wconf 88' lang='lat'>,</span> <span class='ocrx_word' id='word_1_199' title='bbox 776 2531 884 2572; x_wconf 89' lang='lat' dir='ltr'><strong>non</strong></span> <span class='ocrx_word' id='word_1_200' title='bbox 905 2514 963 2570; x_wconf 92' lang='lat' dir='ltr'><strong>in</strong></span> <span class='ocrx_word' id='word_1_201' title='bbox 983 2515 1159 2570; x_wconf 83' lang='lat' dir='ltr'><strong>ae&#39;rem</strong></span> <span class='ocrx_word' id='word_1_202' title='bbox 1182 2512 1271 2569; x_wconf 87' lang='lat' dir='ltr'><strong>vel</strong></span> <span class='ocrx_word' id='word_1_203' title='bbox 1295 2511 1513 2567; x_wconf 84' lang='lat' dir='ltr'><strong>aethera</strong></span> <span class='ocrx_word' id='word_1_204' title='bbox 1535 2510 1622 2565; x_wconf 87' lang='lat' dir='ltr'><strong>vel</strong></span> <span class='ocrx_word' id='word_1_205' title='bbox 1643 2511 1702 2564; x_wconf 90' lang='lat' dir='ltr'><strong>in</strong></span> <span class='ocrx_word' id='word_1_206' title='bbox 1722 2526 1928 2582; x_wconf 87' lang='lat' dir='ltr'><strong>supre-</strong></span> 
     </span>
    </p>
   </div>
   <div class='ocr_carea' id='block_1_7' title="bbox 334 2615 750 2626">
    <p class='ocr_par' dir='ltr' id='par_1_7' title="bbox 334 2615 750 2626">
     <span class='ocr_line' id='line_1_30' title="bbox 334 2615 750 2626; baseline 0 458"><span class='ocrx_word' id='word_1_207' title='bbox 334 2615 750 2626; x_wconf 95' lang='lat' dir='ltr'><strong> </strong></span> 
     </span>
    </p>
   </div>
   <div class='ocr_carea' id='block_1_8' title="bbox 331 2650 1929 2756">
    <p class='ocr_par' dir='ltr' id='par_1_8' title="bbox 331 2650 1929 2756">
     <span class='ocr_line' id='line_1_31' title="bbox 429 2650 1929 2702; baseline 0.001 -13"><span class='ocrx_word' id='word_1_208' title='bbox 429 2651 472 2696; x_wconf 71' lang='lat'><strong>*)</strong></span> <span class='ocrx_word' id='word_1_209' title='bbox 515 2651 584 2690; x_wconf 79' lang='lat' dir='ltr'><strong>Sic</strong></span> <span class='ocrx_word' id='word_1_210' title='bbox 611 2655 704 2692; x_wconf 83' lang='lat' dir='ltr'><strong>eod.</strong></span> <span class='ocrx_word' id='word_1_211' title='bbox 733 2654 788 2702; x_wconf 83' lang='lat'><strong>0,</strong></span> <span class='ocrx_word' id='word_1_212' title='bbox 816 2656 890 2695; x_wconf 82' lang='lat' dir='ltr'><strong>ubl</strong></span> <span class='ocrx_word' id='word_1_213' title='bbox 915 2656 1042 2694; x_wconf 78' lang='lat' dir='ltr'><strong>lectio</strong></span> <span class='ocrx_word' id='word_1_214' title='bbox 1070 2655 1163 2693; x_wconf 80' lang='lat' dir='ltr'><strong>cod.</strong></span> <span class='ocrx_word' id='word_1_215' title='bbox 1189 2654 1226 2692; x_wconf 87' lang='lat' dir='ltr'>B</span> <span class='ocrx_word' id='word_1_216' title='bbox 1252 2655 1415 2692; x_wconf 72' lang='lat' dir='ltr'><strong>ineerta</strong></span> <span class='ocrx_word' id='word_1_217' title='bbox 1439 2651 1609 2690; x_wconf 73' lang='lat' dir='ltr'><strong>videtur</strong></span> <span class='ocrx_word' id='word_1_218' title='bbox 1634 2650 1839 2689; x_wconf 78' lang='lat' dir='ltr'><strong>accedere</strong></span> <span class='ocrx_word' id='word_1_219' title='bbox 1866 2651 1929 2690; x_wconf 70' lang='lat' dir='ltr'><strong>ad</strong></span> 
     </span>
     <span class='ocr_line' id='line_1_32' title="bbox 331 2699 1412 2756; baseline 0.003 -18"><span class='ocrx_word' id='word_1_220' title='bbox 331 2699 591 2740; x_wconf 77' lang='lat' dir='ltr'><strong>Glossarium</strong></span> <span class='ocrx_word' id='word_1_221' title='bbox 617 2703 863 2746; x_wconf 73' lang='lat' dir='ltr'><strong>habentem:</strong></span> <span class='ocrx_word' id='word_1_222' title='bbox 883 2707 1139 2756; x_wconf 72' lang='lat' dir='ltr'><strong>perveniunt.</strong></span> <span class='ocrx_word' id='word_1_223' title='bbox 1192 2704 1412 2744; x_wconf 75' lang='lat' dir='ltr'><strong>Aucher.</strong></span> 
     </span>
    </p>
   </div>
   <div class='ocr_carea' id='block_1_9' title="bbox 2080 558 2083 660">
    <p class='ocr_par' dir='ltr' id='par_1_9' title="bbox 2080 558 2083 660">
     <span class='ocr_line' id='line_1_33' title="bbox 2080 558 2083 660; baseline 0 0"><span class='ocrx_word' id='word_1_224' title='bbox 2080 558 2083 660; x_wconf 73' lang='grc' dir='ltr'>Ι</span> 
     </span>
    </p>
   </div>
  </div>
 </body>
</html>
