2125 3084
168 167 262 232 [ιι
294 163 419 228 476]
550 171 631 215 IN
668 171 1007 218 Exomm.
1055 173 1312 220 annno
1349 149 1413 221 1'1.
1689 175 1788 228 325

170 273 293 325 iam
334 269 671 340 praeterire?
725 271 929 348 Littera
966 272 1106 328 haec
1141 283 1344 328 monet.
1424 263 1510 332 Ad
1549 288 1792 334 mentem

172 360 316 400 vero
334 343 523 398 asinus
543 344 851 418 symbolice
870 363 1071 418 corpus
1092 355 1176 402 est
1203 357 1452 404 nostrum
1467 390 1481 414 ‚
1522 354 1791 409 errabun-

174 419 287 473 dus
306 419 534 474 omnino
554 436 619 474 ac
636 420 1031 492 vagabundus3
1093 422 1192 493 qui
1227 439 1326 492 pro
1354 421 1510 480 lucro
1536 425 1790 484 faciendo

174 492 250 548 ad
270 502 563 566 cognatam
583 493 922 565 voluptatem
942 495 1337 567 perficiendam
1357 508 1546 554 onerat
1565 517 1625 554 se
1643 503 1790 558 mul—

174 576 235 623 to
253 583 409 623 mero
430 577 483 623 et
504 569 805 640 multiplici
826 570 951 626 cibo
980 571 1216 626 delicato
1246 573 1622 645 varietateque
1653 575 1790 632 edu-

177 643 385 698 liorum
406 650 460 698 et
474 651 709 714 potuum
726 645 996 700 immensa
1017 645 1377 702 abundantia.
1456 648 1661 704 Verum
1691 667 1790 705 ne-

176 734 336 772 cesse
362 725 447 772 est
474 719 527 772 ei
543 759 555 782 ‚
596 717 695 789 qui
718 735 899 774 amore
920 721 1225 792 sapientiae
1245 729 1437 792 captus
1459 723 1558 786 sit,
1601 726 1790 796 gravi-

173 799 347 849 tatem
366 793 532 847 etiam
551 791 843 848 sublevare
861 811 963 864 per
980 797 1322 850 necessarias
1340 797 1572 852 virtutes
1600 797 1790 872 fruga-

175 867 353 923 litatis
384 873 438 922 et
469 864 543 941 [³⁸]
576 867 1005 932 commoditatis,
1048 877 1213 940 atque
1249 879 1519 926 errantem
1559 874 1618 928 in
1657 890 1789 928 con-

173 941 439 996 stantiam
459 942 658 997 erroris
678 943 924 998 nesciam
944 943 1208 999 reducere
1222 985 1234 1008 ,
1267 942 1639 1002 assuefaciens
1659 964 1788 1003 eum

173 1017 375 1079 etiam,
411 1024 474 1071 ut
490 1016 738 1072 studium
760 1018 1025 1074 avaritiae
1045 1018 1188 1074 laeto
1216 1019 1398 1074 animo
1425 1021 1664 1086 emittat,
1705 1032 1788 1078 at-

171 1107 291 1161 que
328 1090 405 1144 ita
439 1099 665 1146 naturae
700 1093 1040 1163 opulentiam
1072 1094 1345 1157 imitetur,
1387 1110 1531 1165 quae
1560 1095 1787 1152 feracis-

170 1166 325 1219 sima
353 1173 435 1218 est
464 1164 530 1237 (s.
559 1167 845 1238 superiora
872 1167 1069 1240 tendit)
1091 1175 1145 1222 et
1164 1167 1276 1222 sibi
1296 1167 1598 1226 sufficiens.

178 1335 319 1394 Quid
357 1345 426 1386 est
465 1337 645 1401 „Ecce
688 1356 775 1405 eya
818 1340 950 1390 mitto
992 1341 1209 1406 anyelum
1252 1358 1397 1391 meum
1450 1353 1562 1392 ante
1598 1344 1783 1408 faciem

318 1413 467 1468 tuam,
522 1414 574 1454 ue
606 1414 760 1455 servet
794 1416 839 1455 te
873 1407 922 1456 in
956 1408 1060 1471 via,
1113 1417 1164 1458 ut
1196 1409 1391 1459 traducat
1426 1418 1471 1459 te
1504 1412 1552 1460 in
1590 1421 1777 1472 terram,

315 1489 457 1535 quam
499 1473 685 1536 paravi
733 1474 831 1523 abi.
914 1471 1120 1524 Attende
1163 1477 1248 1526 tibi
1287 1485 1333 1526 et
1375 1478 1553 1528 exaudi
1597 1482 1778 1542 (enm),

308 1555 401 1588 non
441 1540 513 1588 ais
552 1539 818 1591 incredulus
856 1542 983 1605 (ei),
1022 1559 1117 1592 non
1152 1545 1270 1593 enim
1304 1547 1538 1596 verebitur
1573 1556 1644 1607 τες
1700 1563 1782 1594 no·

308 1623 411 1655 men
446 1607 567 1655 enim
600 1621 749 1656 meum
783 1618 853 1658 eat
884 1625 1029 1672 super
1062 1614 1245 1660 eum“?
1281 1617 1387 1676 (23,
1429 1619 1494 1662 20
1508 1615 1576 1672 s.)

293 1719 375 1771 ⁴3.
426 1716 652 1785 Anqelua
685 1725 767 1772 est
804 1718 1035 1790 spiritus
1073 1720 1492 1783 intellectualis,
1547 1722 1659 1774 imo
1695 1730 1782 1776 to-

166 1801 266 1847 tus
286 1790 631 1854 intellectus,
672 1793 894 1848 omnino
914 1795 1269 1866 incorporeus
1285 1835 1297 1857 ‚
1330 1794 1508 1848 factus
1529 1795 1783 1849 minister

170 1865 297 1930 dei,
324 1864 395 1919 ad
417 1880 583 1918 usum
600 1865 875 1937 quendam
897 1877 952 1922 et
967 1870 1027 1923 in
1048 1869 1338 1924 servitium
1356 1908 1368 1930 ,
1402 1882 1637 1937 quorum
1659 1877 1782 1938 eget

170 1939 425 1996 mortalis
445 1946 629 1994 nostra
647 1957 783 2014 gens
798 1983 811 2008 ,
834 1941 1141 1998 ordinatus.
1208 1941 1478 2008 Quoniam
1497 1958 1605 1996 non
1625 1951 1782 2012 pote-

171 2023 259 2070 rat
288 2013 668 2086 corruptibilis
695 2025 889 2072 natura
918 2025 1103 2072 nostra
1131 2033 1233 2088 per
1260 2032 1320 2070 se
1349 2016 1596 2085 recipere
1627 2033 1655 2069 a
1677 2015 1781 2070 deo

169 2098 422 2162 porrecta
470 2089 612 2145 dona
657 2089 1059 2162 beneficiaque.
1155 2089 1615 2162 Quandoquidem
1671 2107 1779 2144 non

171 2161 459 2219 sufficiens
482 2173 595 2220 erat
613 2175 831 2236 portare
850 2167 1066 2238 copiam
1089 2165 1340 2222 datorum
1371 2164 1667 2228 bonorum,
1711 2181 1782 2219 ex

170 2240 499 2294 necessitate
538 2247 821 2314 tamquam
860 2240 1066 2296 arbiter
1103 2259 1168 2296 ac
1203 2239 1473 2296 mediator
1513 2239 1781 2293 constitu—

172 2322 291 2369 tum
312 2321 396 2368 est
413 2311 659 2370 Verbum
674 2356 686 2379 ‚
720 2314 871 2388 quod
892 2323 1120 2370 vocatur
1147 2317 1382 2386 anqelua.
1461 2315 1618 2368 Hunc
1649 2329 1781 2367 con—

172 2387 353 2444 stituit
370 2395 495 2444 ante
516 2387 715 2447 faciem
730 2430 742 2454 ,
784 2389 867 2446 ibi
888 2389 1156 2445 nimirum
1169 2431 1183 2455 ‚
1225 2389 1326 2446 ubi
1346 2388 1632 2445 oculorum
1652 2403 1782 2442 sen-

171 2477 448 2534 suumque
476 2464 631 2518 locus
663 2471 772 2528 est,
811 2472 876 2519 ut
904 2463 1104 2519 videns
1142 2482 1205 2520 ac
1233 2481 1459 2519 sensum
1500 2463 1778 2533 accipiens

171 2537 395 2592 virtutis
434 2535 631 2592 ducem
675 2555 785 2593 non
823 2538 1063 2604 invituS,
1113 2539 1213 2594 sed
1251 2538 1396 2594 ultro
1434 2544 1777 2610 sequeretur.

172 2611 336 2666 Porro
367 2610 661 2684 allegorice
689 2612 977 2684 adaptatur
997 2613 1238 2686 singulis
1259 2611 1558 2683 praedictis
1579 2628 1780 2667 secun-

174 2684 307 2739 dum
338 2685 464 2741 viae
502 2685 940 2742 observationem
980 2688 1266 2760 ingressus
1305 2688 1364 2742 in
1402 2697 1780 2762 praeparatam
