2125 3084
170 196 253 261 [ιι.
274 190 391 258 5⁹⁰]
792 197 891 243 DE
938 196 1143 243 mam
1669 192 1758 245 431

173 316 321 355 mare
352 296 469 352 vidi
498 312 667 367 super
692 312 780 351 me
811 297 1076 351 vacillans
1105 304 1160 351 et
1187 312 1384 351 navem
1423 306 1644 369 propter
1679 316 1768 355 me

173 371 663 445 submergendam3
736 371 938 426 deinde
966 372 1239 426 iudicium
1266 388 1453 425 eorum
1470 413 1482 435 ‚
1521 374 1622 443 qui
1651 392 1770 428 me-

171 467 299 505 cum
317 450 377 503 in
398 448 527 503 navi
549 454 703 502 erant
723 454 777 501 et
796 446 1030 502 salutem
1048 464 1226 501 meam
1237 442 1581 515 iudicabant3
1617 458 1767 519 post-

176 543 238 581 ea
258 524 421 579 sortis
441 521 797 593 reprehensio
811 563 823 585 ‚
860 530 913 577 et
932 522 1083 577 vasis
1102 522 1318 576 inutilis
1340 524 1512 576 instar
1535 522 1770 577 abiectio

172 600 415 671 corporis
446 599 582 665 mei;
652 606 777 668 post
806 596 1029 652 demum
1057 596 1302 669 ingentis
1332 596 1540 652 bestiae
1580 598 1770 653 incur-

170 694 294 737 ωε,
346 690 488 745 quae
528 679 820 743 antequam
864 670 1278 743 deperdiderat,
1330 670 1615 726 sufficiens
1653 673 1768 728 erat

168 746 553 823 praeoccidere
584 748 799 801 timore.
879 748 1166 803 Caeterum
1196 747 1298 801 hae
1320 746 1567 801 fortassis
1589 765 1660 802 ex
1678 765 1769 802 or-

168 826 301 880 dine
322 840 503 879 rerum
526 824 771 877 visarum
792 832 920 878 sunt
939 823 1254 894 punitiones
1270 864 1282 886 ‚
1316 823 1438 893 ipsa
1461 839 1588 877 vero
1609 840 1768 894 prae-

166 899 349 957 sentia
376 898 797 971 angustissima,
845 898 1124 953 universis
1152 897 1472 953 hominibus
1505 897 1767 951 invisibi-

166 977 271 1038 lis,
316 974 591 1027 neminem
626 970 698 1047 [⁴⁶]
730 980 943 1044 praeter
972 971 1320 1028 sufferentem
1351 971 1514 1027 habet
1549 980 1762 1027 testem.
1847 988 1858 1001 ·

165 1050 309 1117 Quis
332 1047 479 1103 enim
496 1048 816 1102 immersum
838 1046 1063 1103 intus'in
1093 1056 1209 1102 ceto
1235 1046 1456 1101 videat?
1511 1048 1638 1119 quis
1669 1066 1769 1102 au·-

168 1136 285 1182 tem
306 1124 594 1177 miseretur
614 1123 728 1188 illi,
758 1141 925 1196 quem
946 1140 1053 1177 non
1081 1121 1265 1177 videt‘?
1323 1131 1415 1177 aut
1442 1123 1570 1193 quis
1599 1140 1768 1194 supe-

168 1202 290 1255 rius
329 1196 674 1269 prehendens
714 1200 911 1271 eripiat
948 1199 1269 1255 immersum
1311 1198 1379 1253 de
1415 1214 1508 1253 ore
1537 1197 1762 1270 bestiae,

168 1277 365 1331 dextra
405 1272 687 1327 immissa?

284 1452 369 1507 2⁴.
417 1449 535 1523 Ego
561 1450 737 1513 enim,
778 1450 876 1521 qui
909 1447 1096 1522 fugam
1121 1450 1244 1522 cepi
1265 1449 1334 1505 de
1355 1459 1496 1507 terra
1517 1454 1576 1507 in
1595 1470 1761 1515 mare,

171 1534 225 1581 et
242 1523 312 1581 de
332 1526 471 1580 mari
490 1526 550 1580 in
567 1541 765 1580 navem
780 1566 793 1588 ,
823 1524 1002 1596 deque
1022 1527 1153 1579 navi
1173 1526 1232 1580 in
1251 1535 1498 1582 ventrem
1519 1529 1651 1593 ceti,
1677 1545 1768 1583 so·—

172 1600 321 1657 lutus
349 1599 680 1672 impeditus»,
722 1608 846 1655 ante
874 1600 1059 1672 fugam
1082 1599 1352 1673 fugitivus
1373 1621 1498 1658 sum
1517 1620 1768 1675 comper-

170 1685 281 1731 tus,
360 1674 502 1742 Quia
522 1692 624 1729 nec
644 1682 784 1729 astra
805 1674 995 1749 fugere
1014 1678 1196 1747 potui,
1239 1694 1419 1748 neque
1449 1679 1658 1733 exitum
1679 1680 1766 1731 in·-

171 1750 364 1805 venire
384 1750 567 1821 neque
586 1759 927 1821 praesentem
945 1750 1128 1805 locum
1147 1760 1380 1806 mutare.
1460 1753 1554 1806 Sic
1581 1754 1766 1821 itaque

172 1832 471 1897 angustum
500 1825 668 1879 situm
698 1842 785 1880 me
813 1824 1156 1896 possidente,
1197 1827 1256 1879 in
1283 1826 1598 1897 parabolam
1627 1824 1766 1878 mihi

171 1901 315 1956 haec
342 1900 565 1955 miseria
594 1908 917 1956 commutata
946 1900 1053 1956 fuit
1081 1909 1134 1954 et
1165 1900 1350 1955 fabula
1370 1901 1508 1954 mihi
1530 1900 1768 1971 prophe-

169 1986 260 2033 tae
300 1991 473 2046 poena
515 1974 620 2029 fuit
658 1992 797 2031 mea.
874 1976 1155 2044 Quomodo
1195 1977 1343 2030 enim
1375 1992 1482 2029 non
1508 1975 1766 2047 parabola

169 2050 489 2122 fabellaque
516 2049 576 2104 id
604 2050 850 2117 videtur,
895 2051 1045 2124 quod
1073 2068 1270 2123 passus
1297 2049 1457 2104 sum?
1517 2049 1768 2121 quando-

169 2126 405 2199 quidem
426 2142 525 2199 ego
546 2134 874 2198 tamquam-a
896 2134 1166 2182 camerato
1194 2125 1430 2198 quodam
1454 2133 1641 2180 ventre
1671 2142 1768 2196 per

172 2218 408 2257 aeneum
426 2209 628 2257 tectum
650 2202 965 2274 ferreosque
984 2204 1220 2273 parietes
1241 2201 1667 2273 comprehensus
1686 2210 1768 2255 te-

172 2295 302 2351 gor,
338 2285 391 2332 et
417 2282 590 2333 tctum
620 2277 890 2334 mundum
922 2278 1094 2332 lustro
1122 2278 1407 2343 immotuS,
1439 2278 1569 2348 quia
1591 2284 1768 2331 trans-

174 2354 283 2409 lata
313 2352 369 2406 in
398 2370 485 2408 me
524 2353 629 2407 fuit
664 2354 770 2408 ceti
800 2354 942 2415 vita,
993 2351 1299 2418 secundum
1339 2361 1520 2407 autem
1561 2352 1769 2406 victum

174 2428 397 2499 provisa
414 2444 546 2483 suae
566 2436 790 2483 naturae
812 2428 1120 2483 necessaria
1142 2427 1280 2482 mihi
1301 2428 1435 2483 haec
1456 2427 1631 2482 bestia
1641 2444 1770 2498 per-

176 2503 349 2557 misit.
426 2504 568 2557 Ecce
596 2504 746 2557 enim
774 2504 845 2558 de
876 2502 1038 2557 istius
1065 2520 1157 2558 ore
1186 2520 1377 2574 preces
1408 2502 1578 2558 fundo
1600 2510 1653 2558 et
1671 2519 1770 2574 per

178 2577 365 2631 oculos
386 2576 507 2631 eius
526 2577 691 2633 video
708 2594 917 2650 perque
938 2577 1053 2631 alas
1073 2596 1318 2642 moveor,
1350 2587 1511 2649 atque
1531 2579 1770 2633 circum-

181 2650 435 2706 cludente
463 2668 551 2705 me
582 2652 894 2707 bestia'non
925 2651 1111 2707 laedor
1138 2654 1342 2725 magi8‚
1386 2671 1551 2725 quam
1583 2652 1773 2708 exsul-

180 2732 289 2781 tem
310 2725 675 2782 laetabundus
689 2768 703 2793 ,
726 2735 780 2783 et
800 2726 963 2783 video
984 2727 1251 2782 mundum
1272 2728 1418 2785 sicut
1437 2730 1494 2784 in
1515 2730 1765 2803 speculo:
