2125 3084
180 186 275 250 ω,
304 151 427 246 m]
574 187 657 232 m
692 186 1031 234 Exonmu.
1073 189 1328 235 senno
1361 194 1406 238 1.
1689 188 1788 239 313

178 289 337 352 dixi,
390 285 723 342 beneficium
761 301 981 358 quoque
1009 296 1374 360 perpetratur.
1462 290 1572 345 Cur
1605 299 1790 346 autem

180 371 347 419 noete
360 403 375 426 ,
406 362 520 416 iam
540 360 751 417 dictum
773 370 882 425 est,
920 361 1021 416 ubi
1043 361 1316 418 declarata
1337 371 1467 418 sunt
1483 381 1650 435 opera
1669 365 1791 420 lau-

179 439 398 508 desque
425 452 677 508 operum.
754 437 823 492 Et
850 435 1029 492 hostia
1056 435 1150 491 hic
1175 435 1392 510 (noctis)
1419 437 1666 494 ordinata
1683 449 1786 504 est,

180 521 249 568 ut
290 518 701 584 compararetur
738 510 807 564 ad
846 511 1284 566 consumendum
1321 512 1506 566 omnia
1547 514 1792 568 membra

182 587 428 642 hostiae:
470 585 737 656 quoniam
754 585 997 656 plurime
1015 586 1452 641 necessariorum
1480 586 1551 640 ob
1579 587 1794 642 subita-

180 679 359 717 neum
387 676 675 732 egressum
703 659 845 715 solet
868 662 1170 725 contemni,
1223 661 1467 716 maxime
1495 661 1644 732 quod
1677 661 1794 717 illis

184 734 585 792 festinantibus
614 749 812 805 magna
840 751 971 790 cum
988 735 1266 790 celeritate
1289 735 1468 790 facere
1487 752 1792 808 egressum,

182 809 461 882 indignis.
479 809 895 879 immundisque
923 810 1181 864 manibus
1210 808 1606 883 Aegyptiorum
1643 809 1796 867 nefas

184 893 311 942 erat
338 884 605 954 reliquias
642 891 888 956 tangere.
976 883 1346 949 Quamobrem
1383 901 1452 940 ne
1489 884 1606 940 ullo
1635 885 1796 940 modo

183 959 618 1029 inquinarentur
636 975 859 1023 cavens,
888 956 1032 1013 tradi
1050 959 1218 1015 iussit
1235 959 1635 1030 ininquinabili
1655 961 1793 1032 regi,

182 1033 458 1090 videlicet
478 1033 618 1105 igni.

239 1188 319 1254 [Ἴ
394 1187 642 1238 comedere
684 1197 839 1238 motem
872 1188 1023 1252 iubet,
1082 1189 1306 1238 habentes
1347 1207 1542 1252 „zonas
1578 1200 1623 1239 et
1657 1191 1754 1240 cal·

544 1265 787 1308 conmenta
818 1265 865 1305 et
902 1255 1094 1306 baculos
1107 1259 1155 1304 “-
1205 1261 1312 1320 (12,
1349 1260 1454 1321 ll.)

244 1399 248 1404 .
318 1357 398 1409 ⁴9.
440 1355 645 1412 Cuncta
665 1355 812 1412 dicta
834 1372 963 1427 prae
984 1375 1044 1411 se
1065 1356 1250 1412 ferunt
1270 1359 1496 1413 modum
1514 1400 1526 1423 ‚
1566 1375 1676 1430 quo
1697 1360 1801 1414 iter

189 1431 440 1486 facerent
470 1440 845 1504 properantes.
922 1432 1043 1487 Non
1083 1433 1142 1487 in
1183 1434 1428 1488 moribus
1467 1441 1550 1488 est
1588 1450 1796 1498 eorum,

190 1507 297 1576 qui
329 1505 553 1578 longam
588 1508 739 1560 viam
778 1505 976 1561 facturi
1012 1515 1168 1570 sunt,
1222 1512 1580 1564 calceamentis
1616 1509 1796 1573 indui,

189 1598 337 1636 zona
356 1581 591 1653 accingi,
616 1588 670 1635 et
688 1584 927 1636 baculum
947 1580 1016 1636 ad
1034 1599 1198 1636 usum
1219 1585 1498 1655 accipere;
1538 1587 1800 1654 quoniam

192 1655 567 1710 calceamenta
594 1655 803 1726 pedum
829 1663 959 1712 sunt
980 1656 1263 1722 custodes,
1307 1659 1595 1730 accingere
1617 1667 1800 1724 eutem

193 1747 257 1786 se
278 1730 439 1786 tibiis
458 1738 669 1788 motum
680 1729 1067 1802 expedientem
1087 1741 1346 1803 praestat,
1361 1733 1596 1788 baculus
1617 1741 1801 1788 autem

194 1803 585 1860 adnitendum
615 1803 1070 1878 fulciendumque
1097 1809 1253 1862 iuvat
1271 1814 1435 1876 atque
1455 1805 1526 1860 ad
1545 1805 1802 1875 pellenda

194 1895 481 1936 venenosa
506 1882 783 1950 serpentia
798 1889 1164 1952 caeterasque
1193 1879 1358 1936 feras,
1445 1878 1532 1934 Ad
1563 1879 1799 1934 litteram

194 1955 391 2026 itaque
411 1953 549 2010 haee
566 1955 852 2010 satissint.
931 1955 1017 2014 Ad
1044 1961 1284 2010 mentem
1315 1970 1446 2009 vero
1474 1952 1798 2010 dicendum:

195 2028 343 2096 Quia
379 2045 521 2084 zona
568 2032 1029 2088 constrictionem·
1058 2029 1270 2086 indicet
1315 2029 1804 2098 collectionemque

198 2103 571 2176 cupiditatum
600 2113 655 2162 et
682 2115 1021 2162 caeterarum
1050 2104 1427 2168 affectionum,
1475 2120 1617 2174 quae
1643 2104 1804 2174 quasi

198 2180 412 2235 solutae
440 2188 713 2252 occupant
746 2189 915 2238 totam
950 2181 1217 2247 animam3
1271 2177 1421 2234 unde
1457 2195 1567 2233 non
1605 2176 1804 2233 frustra

198 2253 404 2312 adiecit
423 2271 560 2310 zona
581 2256 799 2328 accingi
820 2255 1023 2312 debere
1044 2254 1318 2319 lumbum,
1347 2254 1477 2324 quie
1500 2254 1550 2307 is
1572 2253 1724 2308 locus
1746 2260 1807 2306 ut

194 2329 818 2402 praesepium-habetur
841 2330 1057 2386 >bestiae
1088 2328 1536 2403 multiplicapitis
1565 2329 1624 2382 in
1645 2326 1806 2384 nobis

196 2403 543 2476 cupiditatis,
620 2406 812 2462 Baculi
838 2411 1023 2464 autem
1048 2406 1291 2478 regiam,
1343 2403 1669 2460 monitivam
1695 2400 1808 2457 ful-

197 2480 539 2550 citivamque
570 2477 803 2535 formam
833 2479 1094 2536 videntur
1115 2481 1435 2552 designare:
1478 2479 1638 2550 regni
1657 2477 1806 2532 enim

197 2554 427 2627 signum
447 2555 609 2626 virga
628 2562 776 2610 estet
793 2555 1222 2612 instrumentum
1239 2553 1572 2626 disciplinae
1591 2569 1692 2624 pro
1711 2552 1802 2615 iis,

198 2631 300 2701 qui
329 2630 455 2684 sine
482 2629 858 2700 increpatione
885 2639 1170 2700 nequeunt
1197 2631 1256 2684 in
1287 2629 1612 2692 modestiam
1633 2627 1802 2694 verti;

199 2712 369 2776 atque
398 2705 703 2761 constantis
723 2705 938 2760 animae
964 2705 1248 2776 exemplar
1269 2713 1377 2768 est,
1423 2703 1702 2760 derelictis
1721 2719 1811 2758 re·-

1684 29 2101 175 N
