2125 3084
152 160 247 226 [IL
276 155 401 222 434]
528 161 609 218 IN
649 161 1007 207 GENESIN.
1046 162 1302 230 sEmgto
1340 162 1424 209 IV.
1679 158 1780 214 283

162 310 311 368 Quid
344 319 413 358 est
446 345 482 373 ‚,
496 309 638 360 Dixit
670 310 721 358 in
761 319 911 358 mente
950 325 1068 358 suar
1132 307 1529 372 Appropinquent
1571 309 1672 359 dies
1714 311 1782 360 lu-

307 387 411 505 ῗξξ
436 376 599 506 {clariis
628 377 741 439 mei,
780 386 827 426 et
850 377 1134 438 interficiam
1157 375 1309 425 Iacob
1323 375 1534 440 fratrem
1559 373 1782 428 m'eum“?

404 481 417 504 ,
518 480 531 493 .

280 549 405 603 238.
456 545 576 600 Non
605 546 665 600 in
695 544 989 616 superficie
1019 552 1149 599 sunt
1175 543 1304 599 odia
1330 542 1639 609 vindictae,
1683 546 1780 600 sed

160 623 322 675 intus
362 637 434 674 ex
472 619 664 684 corde,
706 629 769 674 ut
802 620 880 674 ait
912 626 1101 692 poeta,
1145 626 1429 691 apparent.
1509 617 1782 685 Quoniam

160 711 278 750 non
306 711 444 750 voce
474 693 738 760 dicendo„
782 694 883 748 sed
912 695 1034 749 sine
1062 709 1200 748 voce
1225 695 1284 748 in
1306 701 1488 748 mente
1509 702 1784 749 monstra-

161 771 249 825 vit
280 769 569 825 evidenter
598 769 896 824 consilium
923 768 1118 823 offensi
1139 769 1310 822 animi
1331 767 1555 823 subdoli
1579 776 1632 824 et
1651 785 1781 840 pro-

161 843 354 899 fundi.
434 845 583 900 Talis
614 851 697 900 est
724 842 1041 914 improbus,
1084 839 1396 908 maleficus,
1440 843 1626 908 diruS,
1668 845 1780 899 ira—

162 918 418 983 cunduS,
459 921 678 990 unaque
701 917 941 974 blandus
962 925 1016 972 et
1035 917 1362 972 insidiosuS.
1442 916 1667 972 Adhaec
1697 926 1781 974 et-

160 995 285 1049 iam
315 993 551 1064 perfecte
584 993 843 1049 indoctus
871 1000 982 1056 est,
1028 993 1438 1064 suppositiones
1469 1001 1631 1064 etque
1667 1011 1773 1058 ree,

160 1085 317 1140 quae
340 1059 461 1121 fieri
480 1085 584 1123 non
613 1075 872 1140 possunt,
917 1067 1028 1122 sibi
1058 1083 1391 1138 proponens
1469 1067 1609 1122 Nam
1638 1084 1779 1140 quo-

164 1141 340 1197 modo
379 1159 639 1214 umquam
678 1143 798 1198 fieri
834 1143 1063 1215 poterit,
1107 1150 1168 1196 ut
1196 1142 1398 1196 vitium
1427 1143 1776 1213 perturbatae

165 1217 391 1272 animae
429 1216 573 1272 adsit
600 1219 806 1273 nationi
839 1217 993 1272 vitiis
1020 1217 1228 1271 carenti
1258 1233 1326 1270 ex
1355 1215 1496 1272 dono
1525 1226 1770 1284 naturae,

165 1302 222 1348 et
244 1291 497 1347 occidere
519 1291 736 1348 fratrem
758 1293 962 1348 virtute
981 1290 1334 1364 praeditum?
1384 1291 1491 1347 Ubi
1512 1292 1776 1349 videlicet

166 1367 527 1440 supplantare
554 1375 609 1422 et
635 1383 980 1439 oppugnare,
1029 1384 1140 1422 non
1169 1383 1312 1428 vero,
1335 1366 1681 1439 supplantari
1719 1378 1775 1424 et

166 1443 479 1516 oppugnari
508 1442 639 1514 quis
664 1457 765 1514 per
796 1441 1182 1513 disciplinam,
1216 1443 1542 1499 exercitium
1571 1452 1625 1499 et
1653 1450 1776 1500 stu-

176 1683 309 1742 Quid
355 1693 426 1733 επ
468 1721 503 1748 υ
516 1683 659 1734 Dixit
700 1685 749 1734 ²3²
797 1683 965 1735 corde-⁸
1028 1649 1426 1750 ,appropinquent
1469 1684 1570 1734 dies
1625 1679 1774 1735 Ζασέω

168 1757 173 1762 “
205 1763 208 1768 ’
298 1752 458 1814 patris
492 1753 605 1813 mei,
662 1761 714 1800 ut
751 1751 962 1800 occidam
996 1750 1149 1801 Iacob
1173 1753 1384 1816 fratrem
1419 1753 1647 1799 naeum“?

287 1853 410 1907 238.
463 1851 585 1906 Non
618 1852 677 1905 in
712 1853 1000 1927 propatulo
1038 1853 1216 1907 saevit
1252 1849 1514 1914 infestus,
1567 1851 1666 1905 sed
1705 1851 1773 1906 de

170 1925 365 1990 corde,
409 1932 471 1981 ut
492 1927 763 1997 aitpoeta.
842 1927 1002 1996 Quod
1023 1928 1172 1982 enim
1200 1942 1308 1980 non
1335 1941 1470 1979 voce
1497 1926 1775 1996 promitti-

170 2011 261 2058 tur
280 1999 468 2074 (marq.
488 2001 807 2076 promitur),
845 2003 946 2058 sed
964 2003 1088 2058 sine
1107 2018 1241 2057 voce
1262 2007 1315 2054 et
1334 1999 1393 2054 in
1413 1999 1574 2054 corde
1589 2040 1602 2064 ,
1643 2017 1775 2056 con-

170 2076 287 2132 silii
318 2083 401 2131 est
429 2077 644 2132 externi
670 2087 723 2133 et
742 2077 1025 2150 profundi.
1077 2079 1225 2137 Talis
1247 2082 1330 2132 est
1346 2075 1591 2147 pravitas
1610 2075 1775 2130 mali—

172 2152 459 2224 gnantium
478 2152 769 2208 iracundia
782 2171 1110 2226 suppressa,
1148 2150 1497 2223 scrupulosa,
1537 2149 1775 2205 insidio-

172 2243 259 2290 se,
318 2234 603 2298 paraturas
648 2227 762 2284 sibi
798 2228 1158 2300 inpossibiles
1197 2225 1555 2294 reservand03
1618 2225 1774 2282 nullo

173 2301 321 2356 enim
346 2317 549 2374 genere
578 2303 921 2374 praevalebit
949 2302 1167 2359 laedere
1197 2302 1484 2373 congeries
1510 2301 1774 2356 vitiorum

173 2377 639 2446 impassibilitatis
688 2378 939 2442 titulum,
999 2378 1094 2432 oui
1136 2377 1474 2450 permittitur
1512 2393 1540 2430 e
1579 2383 1775 2431 natura

176 2449 503 2521 decipientis
534 2452 805 2516 animam,
846 2461 901 2507 et
926 2450 1199 2524 dissipare
1229 2459 1282 2507 et
1307 2452 1600 2524 perimere.
1679 2451 1774 2504 Di-

176 2525 311 2580 dicit
338 2526 588 2580 enimex
614 2525 892 2582 industria
917 2527 1239 2583 huiusmodi
1267 2526 1432 2580 frater
1452 2527 1698 2599 plantare
1721 2534 1776 2582 et

175 2615 459 2670 superare3
513 2617 622 2655 non
660 2602 854 2672 utique
892 2603 1170 2674 superari,
1217 2601 1352 2655 dum
1381 2603 1552 2657 'etiam
1581 2601 1770 2675 (mar-9.

180 2674 277 2747 est)
297 2675 409 2728 vite
430 2675 725 2731 verissima
744 2683 869 2731 ante
886 2675 1076 2731 oculos
1097 2677 1218 2731 eius
1241 2677 1488 2748 preciosa
1502 2719 1514 2742 ,
1554 2687 1616 2733 ut
1636 2677 1718 2733 illi
1743 2694 1774 2730 a

1691 2943 1718 2979 D
