2125 3084
333 162 400 211 εἰ»
459 164 655 210 PHIL.
695 162 840 208 1111).
881 162 1203 220 QUAEST.
1242 162 1343 207 ET
1388 156 1667 221 εοῑ..,[ῐῐ,
1691 160 1929 225 260.261.]

253 270 256 273 ’
334 263 406 339 [³⁶⁶]
431 264 522 319 vel
544 264 774 318 formam
804 280 874 317 ex
901 269 1189 337 prototypo
1218 263 1308 318 vel
1338 271 1830 334 temperamentum
1861 283 1933 320 ex

327 356 468 411 puro
497 355 756 409 meroque
795 338 1017 392 unicam
1048 339 1314 392 laetitiam
1337 336 1454 410 (vel
1483 338 1931 414 beneficentiam)

328 413 669 486 praeferente
684 454 697 477 ‚
740 430 914 485 quum
934 414 1216 484 generatio
1236 415 1308 467 sit
1329 412 1574 484 duplicis
1600 416 1837 469 numeri.

439 570 601 629 Quare
627 570 878 621 Abraham
902 587 998 619 una
1025 570 1213 701 {uagis
1227 572 1566 703 yquiebatur,
1604 573 1832 623 comitans

939 654 1018 687 eos
1178 676 1191 701 ‚
1218 646 1239 689 1
1283 675 1295 690 .

441 746 528 799 20.
587 742 792 795 Littera
831 740 1191 795 humanitatis
1232 740 1567 796 demonstrat
1608 742 1933 813 amplitudi-

328 835 485 881 nem,
527 816 790 886 quoniam
826 832 934 869 non
969 814 1317 869 solummodo
1345 817 1558 881 omnia,
1597 833 1741 887 quae
1768 816 1933 872 dece-

328 892 486 954 bant,
537 897 649 944 tota
687 906 814 944 cum
854 888 1065 943 familia
1104 890 1473 961 praestiterat,
1532 908 1728 946 verum
1767 892 1932 946 etiam

330 966 492 1038 quasi
521 980 682 1037 aegre
713 964 922 1019 ferebat
950 964 1019 1018 ab
1050 965 1132 1018 eis
1162 966 1433 1036 separari,
1477 966 1551 1020 ita
1582 974 1644 1021 ut
1672 982 1933 1039 perseve-

331 1048 473 1095 raret
500 1039 604 1094 iter
633 1056 760 1093 cum
788 1040 868 1093 eis
899 1038 1098 1093 facere.
1180 1039 1335 1095 Unde
1373 1048 1426 1094 et
1461 1048 1647 1111 poeta,
1692 1049 1753 1095 ut
1791 1042 1931 1096 mihi

265 1144 274 1149 ·
330 1115 577 1180 videtur,
631 1115 937 1186 accipienS,
981 1122 1287 1185 opportune
1323 1115 1558 1188 dixit*):
1604 1115 1815 1183 Oportet
1840 1120 1932 1171 ho—

327 1197 508 1260 spitem
532 1196 810 1245 venientem
839 1206 1014 1243 amore
1039 1194 1310 1259 prosequi,
1352 1194 1597 1244 volentem
1624 1200 1795 1244 autem
1822 1196 1933 1245 dia-

330 1271 505 1323 cedere
532 1269 807 1319 dimittere.
888 1263 1173 1319 Caeterum
1203 1264 1404 1319 melius
1433 1273 1517 1319 est
1545 1264 1643 1319 illo
1676 1269 1932 1319 dimittere

327 1340 480 1395 istud
510 1344 758 1393 deducere
787 1336 895 1410 (vel
935 1338 1222 1411 comitari),
1273 1348 1335 1394 ut
1370 1340 1546 1411 magis
1586 1356 1933 1395 communem

330 1432 394 1469 ao
432 1414 752 1468 unanimem
799 1413 1052 1469 indicans
1102 1413 1367 1470 indolem.
1471 1414 1677 1469 Verum
1720 1423 1935 1485 oportet

330 1498 392 1545 ut
419 1490 753 1558 etiam,quae
783 1488 852 1543 ad
880 1497 1121 1544 mentem
1156 1489 1488 1561 respiciunt,
1532 1506 1641 1543 non
1675 1490 1934 1545 omittan-

328 1575 438 1619 tur.
519 1562 812 1633 Siquidem
831 1581 1004 1635 quum
1025 1565 1193 1619 semel
1219 1564 1485 1635 sapientis
1508 1564 1693 1629 anima
1712 1566 1935 1637 appari-

329 1641 536 1695 tionem
563 1640 792 1710 recipiat
817 1640 907 1694 dei
937 1641 1318 1709 virtutumque
1348 1638 1497 1702 eiuS,
1542 1638 1804 1710 impletur
1833 1638 1935 1693 de-

329 1716 536 1770 siderio
564 1714 690 1777 tali,
741 1722 805 1769 ut
841 1731 1002 1787 aegre
1042 1712 1132 1768 vel
1165 1730 1450 1784 nunquam
1490 1714 1733 1784 separari
1773 1714 1931 1768 velit.

331 1790 391 1845 Si
425 1789 568 1845 adsit
597 1798 649 1845 et
676 1796 1018 1861 perseveret,
1065 1787 1251 1842 adorat
1282 1797 1335 1843 et
1363 1788 1617 1842 detinens
1653 1788 1928 1859 possidet3

329 1867 378 1920 si
410 1882 538 1921 vero
569 1864 844 1927 discedat,
896 1880 1028 1935 prae
1066 1862 1341 1917 desiderio
1382 1865 1661 1933 sequitur,
1716 1863 1935 1917 viscum

329 1958 392 1995 ac
413 1940 817 1995 cohaerentiam
839 1939 897 1991 in
924 1956 984 1991 se
1015 1937 1226 1992 habens
1258 1938 1549 1992 caelestem
1579 1938 1932 1993 anxietatem.

328 2017 448 2069 Non
487 2015 636 2066 enim
676 2011 876 2066 frustra
916 2012 1126 2065 dictum
1166 2021 1249 2067 est
1282 2012 1425 2067 illud
1453 2016 1793 2080 ,erudiebatur
1818 2030 1937 2067 cum

328 2092 464 2150 illia,
527 2086 626 2140 sed
672 2086 742 2140 ad
781 2088 1068 2141 certiorem
1114 2087 1538 2142 declarationem
1580 2086 1935 2141 adhaesionis

327 2161 630 2216 virtutibus
651 2160 850 2233 patris,
893 2178 1032 2233 quas
1059 2180 1241 2234 neque
1270 2162 1552 2217 modicum
1581 2162 1774 2215 abesse
1802 2179 1937 2217 con-

328 2244 534 2291 stanter
555 2243 800 2291 noverat.

405 2394 478 2461 [⁸]
527 2393 687 2453 Quare
706 2394 843 2445 dicic:
880 2432 914 2459 ,‚
927 2394 1044 2445 Non
1066 2394 1351 2443 abscondam
1372 2397 1434 2444 ab
1452 2394 1701 2446 Abraham
1720 2410 1855 2443 servo

657 2479 779 2526 meo,
821 2463 952 2527 quod
967 2480 1054 2527 eqo
1079 2464 1327 2525 operor“?
1363 2468 1469 2526 (18,
1498 2464 1601 2523 17.)

439 2568 525 2620 2⁴.
567 2566 613 2619 O
633 2564 852 2619 felicem
875 2565 1115 2618 animam
1130 2603 1142 2626 ,
1174 2564 1266 2616 cui
1286 2573 1537 2617 naturam
1559 2574 1612 2618 et
1633 2564 1757 2627 illa,
1791 2580 1935 2633 quae

429 2700 472 2747 ¹¹)
500 2702 628 2741 Hom.
658 2700 814 2750 odyss.
843 2704 905 2748 15,
927 2704 989 2741 74.
