2125 3084
196 153 262 220 [1,
291 152 385 220 28]
481 159 579 204 DE
620 159 1166 206 PROVIDENTIA
1213 161 1466 207 SERMO
1503 165 1542 208 1.
1741 158 1806 214 37

198 261 325 314 sint
344 257 583 313 delicta?
607 259 823 314 Etenim
840 259 1124 331 oportebat
1141 260 1544 330 providentiam
1559 304 1572 328 ,
1595 266 1805 338 quippe

195 351 351 406 quae
379 333 625 406 prudens
656 335 753 398 sit,
801 335 875 388 iis
910 334 1008 406 qui
1046 335 1194 390 vitae
1233 335 1600 392 innocentiam
1629 350 1804 396 secuti

196 419 417 472 essent,
464 408 799 464 medicinam
826 418 1134 481 praestare,
1185 426 1328 481 quae
1363 411 1490 466 illos
1526 412 1596 466 ab
1632 417 1802 472 animi

194 483 415 539 morbis
436 492 581 539 tutos
602 483 879 551 redderet3
922 485 1187 555 quoniam
1211 501 1312 540 arx
1329 502 1528 558 magna
1545 495 1694 558 patet
1715 491 1802 544 iu-

194 560 325 623 stis,
348 559 401 613 si
415 558 763 630 providentia
785 559 935 615 haud
954 559 1108 616 leves
1126 561 1587 634 exercitationis*)
1609 579 1802 620 causas

192 635 345 706 ipsis
364 634 669 706 relinquat:
702 634 933 690 audacia
958 635 1110 690 enim
1129 635 1360 689 consilia
1385 636 1482 690 vix
1501 637 1802 694 laudabilia

195 717 362 773 sunt,
404 710 517 764 imo
538 709 762 773 nociva,
803 710 907 766 etsi
935 727 963 763 a
991 709 1136 764 iusto
1155 709 1417 781 profecta.
1496 712 1653 767 Haud
1675 730 1803 786 ergo

195 784 763 856 peccatprovidentia
778 826 790 848 ‚
816 783 1037 856 quando
1056 784 1338 856 praedicta
1360 785 1534 840 aufert
1555 804 1584 840 a
1603 788 1766 842 iustis
1785 808 1804 857 3

197 859 345 988 sole}
376 860 525 914 enim
554 858 612 915 in
644 856 719 934 [Ἴ
760 860 1034 930 aequitate
1063 875 1157 914 eos
1195 876 1435 922 servare,
1473 860 1612 915 haec
1649 855 1803 918 'aufe-

194 950 299 988 ren
341 950 393 987 o.

314 1059 402 1111 59.
444 1057 728 1112 Caeterum
764 1058 824 1112 in
860 1065 1205 1130 praesentem
1243 1059 1620 1128 quaestionem
1655 1059 1803 1115 cadit

196 1130 350 1187 illud
369 1131 533 1186 etiam
549 1173 561 1196 ‚
596 1131 666 1188 de
684 1149 797 1204 quo
816 1131 1103 1205 disputant
1123 1133 1448 1189 eruditionis
1468 1135 1642 1207 gratia
1662 1151 1801 1190 non-

196 1206 348 1262 nulli
378 1205 647 1261 dicentes:
721 1206 1005 1273 Quomodo
1042 1208 1234 1262 mortis
1261 1225 1522 1280 pavorem
1551 1210 1801 1265 immittit

198 1279 551 1354 providentia
570 1282 733 1337 etiam
752 1282 915 1337 iustis
934 1283 1146 1354 proelio
1167 1281 1524 1340 imminente?
1555 1285 1669 1340 Nec
1688 1303 1798 1340 non

198 1357 487 1413 aberrante
524 1357 655 1412 navi
690 1358 749 1412 in
786 1359 1040 1413 vastitate
1080 1360 1276 1424 marie,
1329 1360 1464 1415 iusti
1501 1376 1564 1414 ao
1603 1361 1798 1416 iniusti

199 1431 395 1490 eodem
412 1440 657 1504 tempore
676 1439 731 1486 et
751 1431 870 1488 loeo
890 1449 1066 1504 aeque
1083 1451 1115 1488 a
1135 1442 1306 1492 morte
1325 1431 1668 1492 obruuntur?
1700 1435 1798 1492 His

198 1516 255 1564 et
272 1508 381 1564 alia
400 1507 610 1564 similia
630 1507 859 1579 insuper
876 1507 1172 1566 obiiciunt.

312 1637 397 1690 60.
434 1633 641 1690 ,Verum
666 1632 1041 1706 interrogandi
1060 1643 1218 1700 sunt,
1250 1635 1525 1708 quodnam
1553 1634 1796 1691 tribunal

198 1710 301 1772 sit,
330 1708 479 1779 quod
498 1707 776 1762 discernat
802 1709 945 1764 inter
972 1709 1148 1765 iustos
1178 1718 1232 1766 et
1256 1708 1528 1780 iniustos?
1567 1710 1686 1764 Non
1717 1720 1800 1765 est

201 1781 353 1839 enim
382 1781 545 1836 facile
570 1781 783 1837 homini
812 1781 871 1837 id
900 1791 1165 1848 statuere,
1213 1801 1387 1856 quum
1406 1800 1514 1840 non
1535 1793 1800 1853 apparent

206 1855 555 1929 singulorum
573 1872 779 1925 mores;
822 1875 931 1914 non
953 1860 1103 1915 enim
1122 1858 1251 1914 licet
1271 1859 1596 1929 insipienter
1617 1857 1686 1911 de
1705 1857 1796 1912 his

202 1931 476 1997 iudicare,
517 1947 697 2004 neque
724 1931 838 1989 ullo
866 1934 1028 1990 modo
1056 1935 1186 2006 quis
1204 1940 1384 2005 potest
1409 1931 1592 1986 metiri
1619 1949 1682 1986 ac
1709 1934 1797 1988 in-

204 2007 347 2065 tueri
367 2006 807 2080 uniuscuiusque
825 2011 1023 2075 vitam,
1047 2007 1322 2081 quomodo
1343 2015 1458 2062 acta
1477 2006 1569 2060 sit.
1610 2005 1797 2073 Quon-

199 2085 313 2140 iam
330 2092 460 2138 sunt
477 2084 747 2155 quaedam
765 2085 981 2142 occulta
999 2085 1236 2156 aliisque
1261 2098 1369 2138 non
1391 2079 1639 2137 visibilia
1659 2081 1795 2136 faci-

202 2175 334 2216 nora
354 2157 423 2214 ab
440 2159 581 2232 ipsis
600 2168 909 2232 perpetrata
922 2202 935 2224 ‚
978 2174 1315 2232 quamquam
1336 2158 1447 2230 ipsi
1466 2157 1601 2211 iusti
1623 2173 1792 2228 appa-

200 2233 427 2299 ruerint,
448 2243 813 2306 quumtamen
825 2235 999 2291 solam
1022 2233 1428 2306 providentiam
1443 2231 1585 2287 nihil
1608 2231 1789 2287 lateat.

204 2309 265 2366 Si
309 2326 436 2383 ergo
474 2311 754 2383 incognita
791 2318 875 2366 est
910 2308 1234 2364 hominibus
1271 2309 1388 2364 vita
1423 2307 1788 2380 singulorum,

202 2401 309 2442 non
328 2385 431 2440 erit
450 2383 751 2442 dicendum
771 2386 945 2442 iustos
965 2384 1301 2457 cumimpiis
1320 2382 1564 2456 perditos
1586 2379 1786 2450 fuisse3

201 2457 651 2533 quandoquidem
676 2461 915 2532 sapienti
942 2459 1155 2516 iudicio
1180 2460 1362 2514 omnia
1387 2466 1642 2532 operatur
1663 2473 1793 2530 pro-

201 2531 466 2592 videntia.
510 2549 515 2554 ·
542 2533 622 2590 Ac
650 2552 750 2590 nos
782 2534 1011 2606 quidem
1031 2536 1375 2607 ignoramuS‚
1424 2534 1554 2605 quis
1581 2533 1789 2606 impius

302 2706 345 2756 ’ἢ
392 2707 466 2748 Gr.
496 2701 689 2758 amun,
728 2708 823 2748 Lat.
850 2710 1025 2748 vacato.
1077 2707 1237 2747 Aueh.
