2125 3084
161 201 250 270 [IL
275 197 400 263 48⁷]
555 203 640 250 IN
672 203 1012 252 Exonmt.
1053 205 1311 252 SERMO
1346 207 1405 252 Π.
1672 203 1771 256 335

163 304 426 378 pedietur
440 343 452 366 ‚
477 304 634 374 prius
655 304 970 378 impingens
988 306 1143 361 invia
1158 306 1459 377 impietatis
1474 347 1487 370 ,
1512 309 1773 378 quoniam

165 381 305 435 haec
326 385 458 432 sunt
475 377 758 432 obstacula
779 387 834 434 et
852 380 1099 435 scandali
1120 397 1337 435 causae.
1422 379 1601 446 Quare
1620 382 1774 437 clau—

167 454 362 510 dicans
383 469 540 507 mens
561 450 780 508 desistit
796 469 867 508 ex
886 461 1111 509 naturae
1141 455 1253 508 via.
1333 455 1433 510 Via
1464 463 1645 510 autem
1675 455 1773 510 illa

166 537 248 584 est
262 569 276 594 ‚
317 543 462 598 quae
479 525 552 581 ad
569 533 782 598 patrem
801 526 974 584 fertur
992 529 1139 584 sicut
1159 527 1229 583 ad
1256 526 1441 584 finem.

314 706 390 774 [¹⁸]
446 705 577 764 Quid
607 717 676 758 est
709 707 826 770 „Et
857 707 1025 774 Moysi
1056 709 1205 760 dixit.-
1258 709 1473 760 Ascende
1512 719 1562 760 tu
1598 719 1641 758 οε

405 774 636 836 Aaron&
673 785 719 825 et
751 773 940 824 Nabad
971 785 1018 826 et
1049 774 1293 826 Abiud“5
1329 776 1535 840 (24,1.)
1616 825 1627 836 ,

281 883 369 941 27.
425 883 510 938 En
545 882 706 939 vides
733 883 837 940 deo
865 884 1153 939 decentem
1182 891 1634 956 congregatorum
1665 901 1771 938 nu-

165 974 386 1014 merum
430 956 499 1012 ad
549 959 951 1023 ascensionem,
1029 959 1446 1030 quaternionem
1486 959 1765 1022 videlicet,

163 1048 312 1106 quae
332 1040 416 1087 est
434 1034 670 1087 essentia
689 1031 932 1087 denarii:
975 1031 1373 1104 septuagesimi
1392 1049 1523 1086 vero
1544 1032 1771 1104 (myste-

161 1109 313 1162 rium
334 1106 561 1178 cernis),
605 1106 754 1178 quod
783 1106 969 1160 decies
999 1114 1211 1177 septem
1240 1105 1329 1161 vel
1350 1106 1555 1176 septies
1577 1105 1767 1160 decem

161 1178 597 1250 multiplicatum
650 1179 992 1252 generat**).
1090 1179 1391 1234 Sciendum
1438 1187 1619 1234 tamen
1664 1189 1763 1240 est,

160 1252 319 1326 quod
356 1269 455 1324 per
482 1254 720 1310 litteram
753 1271 1016 1325 praesens
1047 1254 1200 1309 locus
1236 1253 1555 1325 allegoriam
1594 1253 1764 1306 subit.

161 1325 461 1398 Siquidem
499 1329 677 1384 Moses
715 1330 1052 1399 purissimus
1093 1338 1176 1383 est
1214 1327 1529 1383 intellectus
1564 1326 1769 1397 deique

161 1401 608 1469 amantissimus3
653 1402 834 1458 Aaron
862 1411 1046 1458 autem
1073 1402 1305 1458 verbum
1326 1403 1448 1456 eius
1464 1443 1476 1465 ‚
1517 1401 1667 1472 quod
1687 1411 1771 1455 est

158 1480 438 1548 interpres
467 1475 786 1531 infallibilis
815 1477 1089 1544 veritatis;
1142 1485 1195 1531 et
1228 1475 1421 1530 Nabad
1460 1475 1765 1530 voluntaria

160 1551 337 1614 visio,
367 1559 526 1606 sonat
544 1552 693 1606 enim
715 1551 1201 1618 voluntarium
1236 1558 1291 1606 et
1310 1549 1769 1604 Abiuddivini-

160 1634 274 1680 tus
313 1627 599 1688 veritas,
651 1642 778 1679 nam
815 1624 884 1679 ad
926 1625 1030 1680 hoc
1066 1623 1300 1679 refertur
1337 1624 1765 1678 nomenclatura.

159 1698 308 1755 Vide
337 1715 467 1770 ergo
497 1699 739 1754 animam
766 1698 1062 1770 quamdam
1092 1697 1407 1753 adornatam
1448 1699 1663 1750 cunctis
1700 1697 1769 1751 ad

157 1774 432 1827 virtutem
468 1773 695 1827 directis
731 1773 1018 1828 ornatibus
1055 1774 1115 1826 in
1152 1771 1605 1842 complacentiam
1644 1770 1763 1824 dei:

157 1845 484 1902 intellectus
513 1847 746 1918 dignus,
798 1846 1032 1903 verbum
1066 1863 1287 1909 verum,
1336 1845 1681 1901 voluntarius
1711 1845 1769 1898 in

155 1922 457 1994 pietatem3
490 1921 830 1993 istorumque
850 1928 1069 1992 septum
1088 1937 1419 1975 conservans
1440 1935 1503 1973 ac
1522 1921 1764 1974 moenia:

157 1995 444 2051 divinitus
484 1994 777 2050 auxilium.
866 1995 1153 2050 Caeterum
1192 2011 1319 2048 cum
1357 1994 1499 2048 duce
1536 1993 1770 2048 militiae

155 2075 432 2141 qnaterno
463 2085 691 2125 numero
728 2068 1011 2124 ordinetur
1042 2069 1219 2124 virtus
1257 2069 1485 2122 unitatis
1522 2084 1770 2139 compre-

157 2146 400 2198 hensae:
445 2145 649 2198 etenim
670 2145 838 2198 unius
859 2143 1173 2198 intellectus
1194 2142 1502 2214 prophetici
1526 2143 1581 2195 in
1606 2151 1657 2195 te
1681 2158 1771 2195 ac·-

155 2217 363 2290 quisiti
393 2218 494 2270 tria
527 2224 656 2272 sunt
683 2225 1016 2284 ornamenta3
1062 2216 1410 2288 septuaginta
1438 2232 1568 2268 vero
1587 2215 1771 2269 senio-

155 2309 290 2348 rum
319 2291 550 2346 virtutes
579 2293 735 2347 senio
773 2291 1093 2356 honoratae,
1138 2307 1245 2346 non
1274 2288 1571 2343 multorum
1602 2305 1771 2341 anno-

268 2463 314 2512 *)
339 2463 459 2505 Arm.
479 2473 652 2514 semper
667 2463 799 2502 habet
810 2461 1002 2509 Ahar-on,
1023 2463 1136 2502 sicut
1151 2462 1302 2502 Nabad
1316 2471 1390 2510 pro
1402 2459 1567 2499 Nadab.
1612 2456 1687 2496 An
1698 2460 1771 2496 eh.

268 2529 340 2578 ⁸¹⁸)
387 2529 508 2580 Quae
549 2533 607 2571 sit
647 2530 798 2569 relatio
840 2530 953 2568 inter
984 2531 1245 2568 memoratos
1280 2535 1502 2571 numeros,
1546 2533 1630 2562 non
1663 2524 1775 2562 claro

153 2583 306 2632 patetz
353 2581 429 2620 sed
457 2583 494 2620 sl
522 2581 717 2620 conferas
745 2589 842 2618 cum
868 2578 1166 2626 sequentibus,
1205 2578 1371 2616 elicitur
1394 2575 1493 2614 talis
1519 2583 1667 2612 sensus
1694 2585 1773 2613 nu-

155 2633 374 2672 merlcus:
417 2633 590 2680 Moyses
618 2631 642 2668 1
669 2640 768 2670 eum
793 2630 932 2668 tribus
957 2629 1091 2666 sociis
1118 2628 1221 2666 facit
1243 2628 1291 2672 4,
1336 2627 1410 2674 qui
1442 2624 1605 2664 redacti
1630 2626 1675 2663 ln
1702 2625 1775 2663 de-

154 2683 336 2722 narium
369 2681 479 2720 flunt
511 2682 536 2718 4
555 2689 603 2722 ><
621 2681 672 2718 10
690 2693 721 2713 =
739 2679 809 2725 40,
854 2682 898 2718 et
923 2679 946 2716 3
964 2685 1012 2720 ><
1028 2679 1079 2716 10
1096 2691 1128 2712 =
1146 2679 1216 2723 80,
1261 2685 1429 2716 summa
1454 2673 1525 2720 7ος
1588 2677 1699 2715 sicut
1732 2679 1777 2714 et

154 2735 182 2772 7
206 2739 259 2777 ><
276 2733 328 2772 10
343 2745 376 2767 =
393 2733 464 2778 70,
496 2732 588 2770 sive
607 2731 657 2767 10
674 2737 722 2772 ><
739 2730 762 2768 7
781 2741 814 2763 =
831 2729 894 2768 70.
947 2726 1169 2767 Aucher.
