2125 3084
313 177 410 229 496
562 180 755 225 PHIL.
793 178 944 225 IUD.
985 178 1310 236 QUAEs'r.
1348 180 1449 224 ET
1488 180 1646 227 SOL.
1689 176 1775 241 [IL
1800 180 1929 245 377.]

307 283 453 335 citur
490 278 788 334 flammei
828 278 1081 335 coloris
1112 287 1206 333 aut
1235 286 1575 343 terrenuS‚
1624 288 1679 335 et
1707 289 1790 337 est
1818 300 1926 337 no-

307 373 435 409 men
457 354 527 408 ad
549 356 815 409 amussim
837 355 1150 426 appositum
1178 354 1292 417 illi,
1336 354 1435 427 qui
1464 354 1817 410 incontinens
1848 357 1925 413 de

307 446 458 485 more
480 437 588 494 est,
621 430 722 500 qui
741 430 881 501 petit
901 445 1009 483 non
1038 429 1297 483 caelestia
1327 428 1661 500 divinaque,
1702 430 1804 485 sed
1832 440 1925 487 to-

307 514 426 560 tum
447 512 724 559 terrenum
747 520 810 557 ac
829 503 1191 575 corruptibile
1206 544 1219 567 ‚
1264 511 1540 558 carentem
1570 520 1703 560 vero
1731 506 1924 577 quali-

307 589 442 644 tate,
487 579 692 653 figura‚
738 577 939 642 forma,
975 579 1467 650 incorporeamque
1486 578 1671 633 ideam
1690 581 1921 652 penitus

306 656 511 718 nescit,
555 670 737 725 neque
766 655 825 708 in
857 670 1076 718 samm,
1121 654 1220 707 sed
1250 670 1445 708 servus
1477 662 1561 709 est
1588 654 1832 710 colorum
1860 664 1920 711 et

306 731 640 802 qualitatum
653 771 666 793 ‚
701 729 909 801 quibus
929 730 1111 784 omnis
1131 743 1329 783 sensus
1350 727 1647 801 decipitur.

380 884 542 945 Quare
576 884 692 936 dicit
711 886 880 951 stater
911 884 1036 935 eiua.-
1096 921 1130 947 „
1154 884 1317 934 Vende
1352 884 1469 934 mihi
1500 884 1641 935 hodie
1664 886 1839 949 paimo-

731 953 956 1018 qenitium
992 954 1201 1003 mamm?
1233 953 1341 1016 (25,
1371 952 1481 1017 3⁴1.)

421 1065 536 1121 ⁴72.
596 1064 826 1127 Littera,
870 1071 1141 1134 quantum
1180 1080 1247 1117 su
1296 1125 1298 1127 ,
1322 1063 1457 1117 'cari
1494 1063 1653 1129 licet,
1702 1064 1915 1120 indic-at

305 1139 630 1195 aviditatem
651 1139 913 1194 avaritiae
932 1139 1196 1203 iunioris,
1227 1136 1280 1212 [³⁶⁶
1326 1136 1656 1194 defraudare
1684 1140 1913 1195 nitentis

303 1215 423 1268 iura
446 1212 629 1268 fratris
649 1214 894 1267 maioris.
963 1214 1169 1269 Verum
1190 1213 1289 1283 qui
1309 1213 1573 1269 virtutem
1591 1213 1779 1279 habet,
1802 1232 1915 1270 non

301 1295 388 1343 est
413 1305 638 1351 avarae,
683 1289 816 1358 quia
845 1288 1029 1342 socius
1057 1296 1142 1343 est
1170 1286 1503 1359 frugalitatis
1534 1296 1587 1342 et
1615 1289 1913 1361 religiosae

302 1361 670 1417 abstinentiae
691 1370 857 1431 atque
875 1361 966 1416 bis
984 1364 1171 1433 potius
1190 1362 1429 1433 proficit.
1506 1362 1701 1419 Certus
1722 1366 1913 1435 itaque

303 1434 507 1498 factus,
551 1435 702 1505 quod
733 1434 992 1505 frequens
1023 1446 1077 1492 et
1108 1438 1379 1491 immensa
1408 1439 1686 1509 possessio
1712 1454 1912 1509 super-

299 1506 412 1564 flua
432 1508 684 1580 improbo
705 1509 1049 1582 occasionem
1072 1527 1373 1584 ausamque
1400 1512 1668 1585 praebent
1693 1515 1911 1585 peccati

303 1770 410 1807 nus
430 1753 690 1809 coelestia
711 1754 1040 1826 appetentis,
1063 1761 1281 1809 terrena
1304 1770 1433 1808 vero
1452 1760 1507 1808 et
1526 1751 1793 1809 fluxidola
1810 1772 1911 1826 pe-

297 1829 467 1883 tentis
497 1837 552 1883 et
578 1829 1137 1903 inreprehensibilem
1168 1830 1338 1883 vitam
1369 1846 1439 1883 ne
1468 1828 1698 1899 quidem
1727 1830 1791 1883 in
1818 1848 1910 1883 so-

299 1904 446 1958 mnis
486 1905 800 1978 cogitantis.
881 1904 1171 1961 Coloribus
1206 1920 1338 1959 vero
1368 1912 1423 1958 et
1448 1904 1743 1975 saporibus
1768 1904 1910 1959 sub-

296 1978 504 2036 iectum
520 2019 532 2043 ‚
568 1980 777 2050 quibus
797 1997 898 2052 per
915 1996 1135 2034 omnem
1156 1995 1383 2033 sensum
1404 1980 1755 2051 opprimitur.

477 2132 638 2191 Quare
673 2135 821 2186 dixit.-
875 2172 910 2199 ‚‚
933 2136 1095 2185 Vende
1122 2135 1365 2201 primitias
1401 2146 1508 2187 tuas
1543 2137 1739 2187 milam?

412 2254 527 2310 472.
563 2254 675 2307 Hoc
695 2252 907 2307 dictum
926 2254 1151 2308 videtur
1170 2252 1422 2309 fraudem
1442 2255 1745 2319 insinuare,
1771 2256 1909 2311 dum

265 2350 277 2363 ⁴
295 2330 476 2382 minor
493 2329 616 2383 iura
637 2327 866 2381 minoris
890 2326 1016 2397 (leqe
1041 2328 1287 2401 maioris)
1314 2338 1565 2404 usurpat.
1646 2330 1758 2386 Sed
1788 2340 1911 2386 stu-

295 2400 487 2456 diosus
527 2410 582 2457 et
615 2402 986 2473 parsimoniae
1025 2402 1237 2455 amicus
1277 2420 1391 2458 non·
1434 2404 1745 2470 fraudatur,
1807 2407 1911 2463 sed

273 2474 576 2543 ²profectus
603 2478 724 2530 eius
754 2477 814 2531 in
845 2476 948 2529 hoc
976 2476 1289 2541 invenitur,
1330 2480 1513 2534 sciens
1542 2496 1676 2551 opes
1706 2498 1911 2553 parvo-

295 2564 421 2600 rum
450 2558 697 2619 oportere
727 2550 972 2613 succidi‚
1016 2566 1087 2603 ne
1118 2550 1360 2619 amplius
1390 2552 1611 2608 delictis
1634 2555 1912 2627 suppedi-

295 2627 474 2673 tantes
496 2622 777 2694 decipiant
797 2626 1036 2679 animam
1053 2664 1065 2686 ‚
1110 2623 1208 2676 sed
1240 2624 1517 2681 auferatur
1537 2631 1725 2697 potius
1746 2647 1913 2685 occa—

297 2692 380 2745 sio
395 2696 576 2747 omnis
595 2707 777 2754 nostra
798 2698 1096 2760 malorum,
1132 2705 1185 2752 et
1204 2706 1287 2752 est
1308 2700 1645 2758 utilissimus
1664 2722 1768 2775 pro
1788 2724 1915 2761 me-

2094 258 2099 369 l
