2125 3084
163 46 282 76 'V'-

182 198 271 262 [11,
296 194 427 259 296]
542 198 624 243 IN
666 196 1021 244 GENESIN.
1065 199 1317 246 SERMO
1345 201 1430 249 IV.
1698 197 1796 249 413

180 300 569 356 desiderantes
584 338 597 361 ‚
640 298 739 368 qui
760 296 944 353 labore
964 296 1260 369 studioque
1279 316 1478 373 magno
1495 302 1678 373 ipsam
1701 320 1798 358 ac-

178 372 520 447 quirendam
538 379 809 445 satagant.

187 530 321 589 Quid
364 538 437 580 est
479 527 778 593 „Inyressus
822 536 891 577 est
934 526 1051 577 deus
1098 526 1168 577 ad
1206 526 1482 577 Abimelech
1534 532 1584 580 ὑι
1635 548 1794 584 somno

316 604 483 659 nocte,
540 604 587 644 et
622 594 771 645 dixit.-
822 594 952 643 E'cce
994 604 1044 644 tu
1083 595 1279 645 moreris
1305 604 1510 659 propter
1545 598 1790 663 mulierem,

320 680 467 729 quam
504 679 591 711 acc
652 662 756 721 isti,-
811 662 907 711 ista
944 678 1056 712 vero
1095 671 1164 712 est
1200 662 1484 712 cohabitans
1516 665 1618 713 viro
1658 668 1795 731 (pro-

313 730 455 795 prio)
470 732 537 778 “9
614 734 698 790 20,
720 728 795 793 3.)

298 852 388 905 62.
429 848 637 902 Littera
654 844 947 901 manifeste
964 855 1136 918 patet.
1195 846 1280 901 Ad
1301 856 1542 903 mentem
1561 866 1694 905 vero
1713 852 1795 906 sic

182 923 505 995 exponitur.
583 921 692 989 Qui
718 920 859 977 falso
882 921 994 975 sibi
1020 921 1317 993 persuadet
1335 923 1637 995 insipiens,
1677 927 1794 982 vir—

182 1006 303 1053 tute
328 1014 391 1052 se
408 996 723 1069 praeditum
749 1012 897 1060 esse,
929 997 1226 1067 corripitur
1245 997 1314 1051 ab
1334 999 1570 1054 intrante
1590 1000 1648 1053 in
1672 1003 1794 1055 ani-

186 1090 333 1127 mam
354 1073 479 1126 eius
498 1070 671 1126 verbo
688 1068 881 1126 divino
893 1110 906 1134 ‚
950 1070 1102 1141 quod
1127 1072 1483 1142 reprehendit
1503 1080 1556 1127 et
1575 1074 1794 1129 inscru-

187 1155 355 1208 tatur,
370 1162 435 1199 ac
454 1144 603 1215 cogit
624 1143 781 1199 fateri
804 1146 1031 1199 alterius
1045 1162 1167 1199 esse
1188 1145 1343 1199 illam
1363 1147 1790 1217 possessionem,

188 1237 299 1276 non
329 1236 459 1275 vero
485 1218 664 1273 illius.
720 1218 938 1290 Optime
970 1226 1151 1274 autem
1179 1221 1451 1293 scriptum
1479 1227 1593 1275 est:
1626 1225 1686 1274 in
1709 1236 1794 1275 so—

189 1315 309 1351 mno
328 1306 377 1351 et
392 1305 570 1363 nocte;
615 1310 743 1349 nam
772 1294 954 1349 anima
983 1293 1302 1366 insipientis
1328 1294 1606 1349 consumit
1622 1299 1793 1350 vitam

189 1388 345 1427 suam
380 1370 608 1425 omnino
646 1368 937 1424 includens
971 1370 1032 1424 in
1059 1369 1332 1433 tenebris,
1376 1370 1436 1423 in
1463 1378 1622 1425 nocte
1650 1378 1706 1425 et
1732 1372 1789 1424 in

190 1446 296 1501 alto
315 1461 511 1501 somno
525 1486 539 1511 ,
577 1443 729 1516 quod
748 1443 959 1499 nullam
980 1443 1147 1501 habet
1163 1460 1389 1517 prorsus
1409 1453 1622 1516 partem
1641 1446 1793 1518 vigi-

191 1520 414 1577 lantiae.

259 1674 393 1735 Quid
427 1684 498 1725 est
536 1672 851 1738 „Abimeleclt
886 1689 978 1723 non
1012 1674 1234 1739 tetiqerat
1269 1678 1450 1724 eam“?
1505 1678 1612 1735 (20,
1646 1676 1722 1736 4.)

298 1793 388 1844 63.
451 1788 655 1842 Littera
692 1786 987 1857 puritatem
1028 1785 1365 1839 demonstrat
1405 1800 1466 1836 ac
1481 1794 1490 1802 ·
1506 1784 1794 1837 continen-

190 1867 341 1919 tiam.
423 1861 511 1917 Ac}
545 1870 784 1916 mentem
817 1876 951 1915 vero
976 1858 1124 1913 illud
1158 1856 1235 1931 [Ἴ
1265 1856 1592 1941 dicendum,
1645 1858 1792 1925 quod

191 1938 510 2009 insipientis
552 1937 735 1990 anime
763 1951 871 1990 non
898 1943 1154 2006 tangere,
1208 1946 1387 2002 neque
1421 1946 1794 2001 propinquare

191 2013 450 2069 virtutem
478 2012 629 2073 vult,
681 2026 749 2066 eo
778 2008 928 2081 quod
968 2022 1080 2063 non
1123 2006 1304 2063 valeat
1347 2005 1420 2059 ob
1455 2005 1791 2077 peculiarem

192 2088 299 2142 sibi
317 2102 549 2142 merem.

200 2240 324 2299 Quid
366 2252 433 2291 est
475 2241 594 2306 „Et
637 2241 757 2291 dixit
802 2238 1100 2289 Abimelech:
1150 2236 1379 2300 Domine,
1431 2249 1616 2303 yentem
1659 2239 1791 2302 {qno-

527 2317 711 2357 roentem
744 2318 791 2357 et
825 2308 995 2357 iustam
1023 2304 1278 2371 perde-³¹⁶5
1334 2307 1452 2369 (ib.)

299 2412 384 2463 64.
426 2410 645 2473 Nesei0‚
671 2426 740 2463 an
760 2408 1070 2479 ignorantia
1089 2406 1380 2462 concordet
1400 2420 1528 2458 cum
1547 2402 1794 2456 iustitia?

196 2483 332 2538 Sunt
368 2492 555 2538 tamen
598 2484 697 2554 qui
738 2482 951 2545 dicant,
1022 2499 1132 2537 non
1169 2497 1290 2537 esse
1330 2496 1402 2533 ex
1443 2477 1587 2530 serie
1625 2476 1792 2531 nimis

196 2557 552 2622 mundorum,
594 2558 671 2613 ita
699 2565 763 2613 ut
788 2564 956 2628 queat
981 2556 1234 2611 stabilire
1261 2561 1315 2607 et
1341 2550 1640 2605 certificare
1666 2568 1794 2605 sen-

196 2633 419 2686 tentiam
448 2640 613 2703 atque
641 2648 907 2703 seponere
935 2629 996 2685 id
1026 2630 1178 2701 quod
1211 2626 1520 2699 genuinum
1553 2639 1659 2678 non
1690 2632 1794 2678 est.

198 2706 377 2829 Ditlt‘am
422 2708 641 2832 itaqklrfs
693 2723 726 2762 o
760 2720 1051 2779 generose,
1102 2719 1210 2757 non
1247 2701 1391 2820 εἰοιιιῐι
1426 2698 1797 2752 voluntarium

318 2794 489 2831 nino
637 2814 651 2829 .
