2125 3084
1145 175 1193 217 11

372 295 484 365 ptis
512 291 759 347 Philonis
788 290 1011 345 omnino
1037 290 1097 344 in
1127 289 1230 344 hac
1259 289 1498 344 editione
1528 289 1964 361 comprehensiS,

370 400 505 438 num
533 383 716 437 omnia
742 382 854 435 sint
888 397 1029 451 quae
1048 389 1370 452 supersunt,
1412 389 1463 435 et
1491 380 1560 435 de
1589 380 1872 435 indicibus
1907 383 1968 435 in

373 474 521 529 calce
542 473 771 528 adiectis
784 488 925 545 quae
945 474 1185 531 maxime
1199 473 1505 527 necessaria
1525 480 1653 526 sunt
1667 489 1962 543 exponere,

378 566 471 618 vix
492 564 849 635 supersedere
867 579 1183 635 possumus.

480 673 673 727 Libros
704 670 951 725 Philonis
989 670 1057 725 ab
1091 654 1410 725 Auchero¹
1437 670 1611 726 editos
1650 672 1872 725 omnino
1903 672 1964 725 in

378 764 515 818 hanc
562 762 861 818 editionem
916 771 1164 835 receptos
1213 779 1336 817 esse
1390 779 1549 817 nemo
1605 761 1962 833 improbabit.

370 858 627 909 Nostrum
648 855 819 927 igitur
840 852 943 907 hoc
964 852 1082 908 loco
1103 854 1244 909 nihil
1265 863 1373 921 est,
1396 871 1562 925 quam
1581 853 1774 925 paucis
1795 853 1962 909 lineis

364 947 565 1019 partim
606 943 758 999 illius
798 942 1055 998 editionis
1098 954 1377 1001 externam
1415 946 1683 1021 speciem,
1757 946 1960 1015 partim

365 1040 635 1091 internam
665 1039 785 1089 eius
824 1043 1074 1091 naturam
1110 1045 1162 1091 et
1189 1039 1456 1110 originem
1498 1036 1838 1099 describere,
1890 1035 1960 1089 ad

366 1128 514 1203 quod
562 1128 835 1199 posterius
884 1129 1165 1201 negotium
1211 1146 1377 1201 quam
1429 1129 1732 1203 plurimum
1779 1128 1959 1198 ipsius

364 1219 591 1275 editoris
632 1217 817 1273 verbis
856 1219 937 1270 uti
983 1218 1261 1273 volumus,
1338 1216 1522 1272 Editio
1559 1217 1797 1271 Aucheri
1837 1218 1959 1287 ipsa

363 1310 580 1365 duobus
602 1316 856 1363 constans
878 1306 1257 1361 voluminibus
1273 1347 1286 1371 ‚
1330 1323 1565 1379 quorum
1585 1306 1786 1381 integri
1806 1306 1957 1373 tituli

362 1402 422 1455 in
446 1402 612 1455 Tomo
631 1405 813 1453 nostro
834 1404 987 1450 sexto
1006 1396 1083 1468 (p.
1105 1396 1223 1469 279)
1245 1405 1297 1451 et
1324 1405 1512 1451 octavo
1533 1396 1610 1469 (p.
1633 1397 1684 1470 7)
1707 1402 1951 1471 expressi

361 1492 750 1552 inveniuntur,
786 1487 1014 1545 formam
1045 1487 1211 1542 habet
1238 1488 1640 1561 quaternariam
1669 1492 1948 1555 maiorem,

360 1582 521 1637 binas
564 1583 622 1634 in
654 1581 859 1651 quavis
905 1580 1109 1653 pagina
1156 1579 1466 1643 columnas,
1525 1577 1683 1635 cuius
1730 1582 1951 1637 sinistra

360 1673 703 1733 Armeniam,
772 1669 995 1725 dextera
1043 1672 1293 1729 Latinam
1340 1670 1565 1727 exhibet
1612 1674 1944 1743 versionem;

362 1763 469 1818 sub
503 1770 656 1817 textu
686 1770 815 1817 sunt
844 1762 1070 1818 editoris
1100 1771 1258 1819 notae
1287 1761 1366 1837 (in
1385 1772 1567 1818 nostra
1596 1764 1835 1821 editione
1854 1783 1950 1821 ex-

360 1852 595 1927 cerptae)
625 1861 679 1909 et
713 1855 922 1925 passim
960 1863 1170 1921 textUS‚
1231 1855 1329 1910 ubi
1378 1864 1619 1921 exstant,
1679 1856 1944 1927 paralleli.

360 1942 641 2000 volumini
688 1947 865 2015 primo
910 1949 1214 2020 praemissa
1261 1956 1345 2005 est
1401 1946 1673 2003 dedicatio
1731 1947 1944 2001 cuidam

362 2032 769 2099 „Nobilissimo
808 2036 994 2106 Equiti
1033 2038 1345 2097 Alexandro
1373 2038 1614 2112 Raphael
1655 2040 1783 2093 hero
1822 2040 1947 2093 Hai-

358 2143 493 2181 cano
514 2123 761 2199 inclyto“
778 2166 791 2189 ,
821 2123 889 2179 de
907 2126 1146 2181 Aucheri
1168 2146 1328 2202 opere
1351 2140 1404 2187 et
1421 2133 1643 2185 omnino
1664 2129 1731 2183 de
1754 2130 1943 2182 litteris

357 2216 631 2271 Armeniis
652 2216 1003 2272 meritissimo
1018 2260 1031 2283 ,
1055 2220 1341 2292 inscripta.
1402 2220 1538 2294 (Hai
1552 2237 1754 2275 canus
1775 2236 1842 2275 ex
1859 2221 1942 2275 in-

358 2308 683 2383 digenarum
711 2307 901 2383 lingua
930 2316 1013 2364 est
1040 2310 1080 2363 i.
1111 2327 1168 2381 q.
1201 2309 1592 2383 Armenius.)
1667 2310 1940 2367 Praeterea

357 2409 587 2473 uterque
609 2398 808 2457 Tomus
828 2398 1161 2473 praefatione
1183 2403 1481 2456 instructus
1504 2410 1604 2456 est.

465 2510 551 2565 Ex
581 2508 669 2564 his
702 2508 919 2567 duabus
940 2507 1180 2565 Aucheri
1198 2508 1629 2582 praefationibus
1651 2511 1784 2569 haec
1803 2530 1936 2584 quae

357 2611 718 2671 excerpantur
738 2602 907 2675 digna
924 2617 1232 2659 censemus„
1272 2602 1464 2657 Narrat
1483 2604 1541 2659 in
1563 2621 1748 2661 earum
1766 2604 1935 2677 prima

356 2710 414 2747 se
442 2708 584 2763 quae
613 2693 848 2749 ediderit
877 2692 1123 2751 Philonis
1152 2695 1355 2767 scripta
1394 2695 1535 2751 inter
1565 2697 1780 2757 codices
1805 2713 1930 2754 mss.
