2125 3084
344 193 441 244 360
590 196 792 241 PBH..
832 195 980 240 nm.
1022 193 1344 253 QUAEST.
1381 193 1483 240 ET
1523 195 1682 240 son.
1727 191 1957 260 m,514.]

346 314 473 352 vero
495 296 702 351 alarum
724 296 897 352 instar
916 294 1166 350 universi
1185 302 1368 366 partes
1388 294 1710 368 subsignat,
1735 299 1960 371 quippe

342 371 492 443 quod
514 371 754 425 mundus
776 378 990 444 tegatur
1008 387 1108 441 per
1129 370 1435 425 custodiam
1455 371 1746 426 ambarum
1767 375 1957 430 virtu-

342 456 460 502 tum
476 487 488 511 ,
514 463 657 517 quae
674 449 805 500 sunt
818 487 831 510 ,
866 453 925 500 ut
944 445 1156 500 dictum
1175 453 1260 500 est
1273 486 1285 508 ‚
1319 447 1556 500 creativa
1577 454 1632 500 et
1655 448 1834 519 regia.

350 623 444 672 Cur
466 623 632 687 facies
671 619 918 670 Cherubim
954 619 1023 668 ad
1052 635 1104 668 sc
1147 609 1341 668 invicem
1381 618 1653 683 respiciunt,
1713 629 1762 668 et
1805 622 1949 670 ambo

689 687 900 753 (vultus)
935 687 987 736 in
1012 686 1430 752 propitiatorium?
1477 686 1594 750 (ib.)

454 813 541 864 66.
589 807 809 879 Optima
838 814 1001 876 atque
1028 804 1418 860 decentissima
1439 813 1522 860 est
1541 804 1809 860 dictorum
1828 803 1948 860 for-

345 901 461 954 ma;
493 899 621 938 nam
648 882 983 938 conveniens
1013 878 1146 944 fuit,
1181 887 1241 934 ut
1268 881 1503 936 virtutes
1525 881 1762 935 creativa
1781 887 1834 932 et
1851 896 1944 932 re-

344 960 437 1032 gia
459 975 519 1014 se
538 965 731 1012 mutuo
756 957 1094 1028 respicerent
1107 994 1119 1018 ‚
1160 956 1443 1026 propriam
1470 953 1944 1027 pulchritudinem

346 1040 628 1089 cernentes
644 1073 656 1097 ,
691 1040 745 1087 et
762 1031 929 1088 simul
951 1031 1010 1084 in
1028 1029 1325 1084 utilitatem
1344 1029 1614 1086 factorum
1636 1031 1796 1087 ambo
1815 1047 1944 1085 eon-

346 1110 638 1181 spira-rent.
672 1106 927 1164 Secundo
952 1103 1023 1180 [³¹⁵]
1046 1105 1182 1176 quia
1203 1104 1342 1162 deus
1359 1122 1506 1160 unus
1529 1115 1630 1170 est,
1652 1115 1772 1162 tum
1791 1123 1945 1160 crea-

344 1193 429 1240 tor
466 1193 586 1240 tum
628 1199 753 1246 rex,
809 1184 933 1238 iure
968 1179 1288 1236 distinctam
1324 1181 1590 1239 virtutem
1625 1199 1938 1254 sumpsere3

347 1259 641 1316 distinctae
662 1266 843 1314 autem
864 1255 1019 1314 fuere
1038 1253 1249 1312 utiliter
1263 1296 1278 1320 ,
1308 1263 1370 1310 ut
1390 1273 1501 1312 una
1521 1255 1754 1322 faceret,
1781 1257 1947 1312 altera

347 1335 659 1404 imperaret.
738 1331 879 1398 Quia
916 1349 1045 1386 vero
1083 1338 1363 1404 separatae
1391 1339 1548 1396 sunt,
1593 1333 1948 1390 concinnatae

346 1424 567 1478 quoque
600 1405 827 1463 fuerunt
864 1406 971 1462 alio
1010 1406 1175 1463 modo
1203 1424 1329 1463 cum
1357 1405 1679 1463 nominibus
1693 1448 1707 1472 ,
1749 1424 1949 1482 perpe-

346 1491 497 1538 tuam
514 1483 656 1538 inter
674 1498 736 1536 se
758 1481 1023 1540 habentes
1046 1484 1462 1546 connexionem,
1485 1482 1560 1540 ita
1582 1489 1643 1538 ut
1663 1491 1777 1540 tam
1798 1500 1948 1538 crea-

346 1559 463 1612 tiva
482 1558 782 1632 spectatrix
800 1557 873 1612 sit
888 1557 1292 1630 principativae
1306 1599 1319 1622 ,
1344 1565 1454 1614 tam
1477 1557 1754 1615 creativae
1774 1559 1944 1632 regia.

346 1632 505 1688 Sicut
524 1639 707 1686 autem
726 1650 787 1688 se
806 1641 996 1693 mutuo
1013 1627 1350 1704 respiciunt,
1391 1632 1464 1688 ita
1493 1633 1660 1690 etiam
1681 1633 1804 1690 iure
1821 1651 1948 1706 pro-

346 1708 715 1781 pitiatorium:
777 1708 1039 1781 quoniam
1069 1708 1120 1766 si
1147 1726 1258 1765 non
1286 1717 1400 1764 erat
1421 1708 1587 1766 simul
1611 1709 1948 1768 convenien-

346 1785 487 1840 tium
508 1785 782 1857 propitius
802 1784 969 1850 deus,
992 1800 1095 1842 nec
1117 1782 1338 1842 fecisset
1356 1783 1658 1856 quicquam
1677 1802 1778 1856 per
1799 1802 1948 1842 crea-

346 1862 519 1916 tivam
538 1877 719 1933 neque
737 1860 1104 1933 disposuisset
1121 1877 1222 1932 per
1241 1859 1472 1934 regiam.

504 2025 633 2083 Quid
666 2037 733 2076 est
767 2026 1116 2090 „Innotescam
1149 2025 1282 2076 vobis
1313 2025 1506 2075 inde“?
1541 2031 1648 2090 (25,
1684 2029 1795 2088 22.)

457 2130 542 2181 672
595 2128 897 2184 Scientiam
924 2137 977 2183 et
1005 2127 1431 2200 intelligentiam
1459 2131 1640 2201 magis
1667 2127 1855 2183 lucida
1883 2143 1945 2181 ac

345 2203 665 2275 prophetica
677 2203 729 2276 *)
752 2221 905 2257 mens
928 2203 1126 2275 recipit
1155 2203 1295 2258 entis
1311 2245 1323 2268 ,
1365 2221 1474 2260 non
1497 2203 1566 2258 ab
1588 2205 1710 2274 ipso
1731 2202 1946 2276 (imme-

348 2277 513 2350 diate)
536 2287 659 2333 ente
678 2309 753 2318 —
773 2279 871 2333 vix
890 2279 1036 2332 enim
1066 2278 1305 2350 portabit
1331 2279 1673 2334 maiestatem
1703 2309 1804 2343 —.-‚
1846 2275 1944 2332 sed

348 2369 418 2406 ex
438 2354 633 2422 primis
656 2354 775 2408 eius
799 2353 1202 2408 ministralibus
1235 2353 1556 2409 virtutibus.
1636 2353 1818 2408 Placet
1845 2349 1947 2407 au‘-

348 2434 457 2478 tem
480 2427 610 2480 inde
632 2427 701 2481 ad
732 2429 941 2482 animas
972 2430 1262 2499 pervenire
1290 2429 1640 2500 splendoreS,
1682 2437 1746 2484 ut
1768 2429 1946 2500 possit

348 2515 445 2582 per
474 2501 744 2555 secundos
775 2502 1097 2573 splendores
1125 2505 1390 2558 maiorem
1419 2512 1582 2578 atque
1601 2503 1949 2576 splendidis·

348 2587 551 2624 srmum
578 2590 818 2630 cernere.

450 2733 492 2779 ¹)
518 2745 554 2772 ⁸·
582 2739 763 2782 lucidam
788 2755 839 2784 ac
857 2747 1160 2795 propheticam.
1209 2747 1370 2790 Auen.
