2125 3084
158 168 243 232 [11‚
272 163 390 228 soa]
422 209 431 220 f
524 167 603 214 IN
640 169 980 216 EXODUM.
1024 171 1288 240 ⁸sERMo
1327 175 1390 218 11.
1655 167 1754 222 347

159 279 340 326 autem
360 269 623 340 consequi
652 286 683 323 a
714 267 815 324 deo
842 268 934 323 cui
962 269 1059 324 alii
1087 268 1358 325 familiare
1383 273 1483 337 sit,
1523 275 1634 328 nisi
1665 275 1754 330 in-

158 347 393 418 spiratae
432 345 645 398 animae
685 351 739 398 et
774 341 992 398 inflatae
1028 345 1138 415 ipsi
1176 346 1599 420 prophetiae*)?
1663 349 1754 404 Si-

160 420 385 492 quidem
427 427 478 474 et
514 419 737 473 vivente
775 417 981 491 (Mose)
1019 421 1368 492 praepositus
1398 430 1514 477 erat
1543 422 1752 497 (Iosue)

161 493 529 567 prinpicibus,
554 502 609 548 et
630 491 876 548 defuncti
898 511 1182 548 successor
1200 496 1431 550 exstitit.
1479 497 1604 552 Iure
1627 515 1756 571 ergo

160 569 404 626 ascendit
432 569 501 624 ad
528 568 695 623 fidem
721 567 1029 624 faciendam
1050 569 1268 624 duabus
1287 570 1453 625 rebus
1471 589 1640 643 quam
1658 589 1756 627 ne—

158 645 440 700 cessariis:
492 645 619 708 uni,
652 643 926 698 theoricae
946 645 1129 718 gentis
1149 645 1431 714 electioni3
1496 654 1550 702 et
1576 647 1750 712 alteri,

156 738 223 775 ne
255 720 349 774 lex
377 718 648 774 humanae
683 719 881 773 mentis
910 719 1158 774 inventio
1186 728 1496 792 putaretur,
1537 721 1637 776 sed
1663 722 1755 777 dei
1834 736 1838 741 ·

156 795 476 850 mandatum
516 794 883 864 divinumque
921 793 1178 849 verbum.
1266 796 1535 850 Fortassis
1571 805 1753 852 tamen

153 871 262 926 sub
282 870 503 924 silentio
520 869 949 942 intelligendum
975 870 1034 923 in
1065 869 1259 934 dictis,
1301 870 1452 941 quod
1480 861 1645 926 etiam
1671 873 1756 928 Ie-

152 963 251 1000 sus
262 944 352 1017 *ἢ
372 961 591 1000 sursum
613 945 907 999 accersitus
928 942 1107 1000 fuerat
1126 943 1443 1015 manifeste3
1488 955 1543 1000 at
1563 964 1756 1002 ascen-

151 1023 369 1076 sionem
390 1021 521 1090 eius·
540 1037 648 1074 non
674 1021 749 1074 ita
784 1015 857 1094 [*]
889 1019 1047 1091 prius
1083 1021 1259 1074 notari
1291 1037 1527 1093 aequum
1556 1020 1748 1096 fuit†)‚

148 1103 378 1168 propter
403 1095 867 1168 praerogativam,
908 1111 1018 1166 qua
1048 1093 1254 1168 dignus
1282 1103 1364 1150 est
1382 1095 1605 1153 effectus
1624 1115 1754 1170 pro-

149 1172 343 1244 pheta.

201 1318 367 1376 Quare
398 1317 635 1369 Aaronem
670 1329 717 1370 et
747 1318 860 1370 Hor
891 1320 1113 1384 relinquit
1145 1321 1276 1386 inst-a
1311 1339 1412 1371 cum
1455 1323 1714 1374 senioribus

672 1387 933 1438 iudicibus?
976 1389 1082 1454 (24,
1126 1391 1232 1455 14.)

266 1491 351 1544 44.
402 1489 559 1545 Sicut
589 1490 720 1545 navi
750 1491 1039 1555 classicae,
1082 1508 1257 1564 quum
1282 1510 1392 1548 non
1424 1495 1528 1551 erit
1549 1495 1632 1550 ibi
1652 1513 1753 1551 na·

149 1565 412 1631 vax-chus,
436 1582 577 1638 opus
597 1564 832 1620 habetur
852 1565 1091 1620 subinde
1112 1568 1511 1624 navarchorum
1533 1570 1602 1626 ad
1622 1589 1752 1644 pro-

150 1641 491 1696 curationem
512 1639 1032 1713 adornationemque
1053 1643 1345 1698 universae
1372 1644 1594 1713 classis;
1657 1647 1753 1701 iti-

149 1717 361 1770 demin
384 1715 630 1770 exercitu
645 1755 658 1779 ‚
681 1717 731 1770 si
750 1734 859 1771 non
880 1717 1025 1771 adsit
1043 1716 1188 1782 dux,
1218 1718 1449 1773 secundi
1468 1721 1750 1790 principes

148 1789 382 1862 choragi
420 1797 474 1844 et
510 1789 771 1860 praefecti
807 1791 989 1847 ordini
1032 1800 1348 1864 praesentes
1395 1793 1753 1864 suppeditant

147 1865 467 1921 necessaria
504 1864 798 1936 utiliaqu03
857 1875 1021 1938 atque
1067 1865 1326 1937 gentibus
1363 1866 1605 1922 subditis
1645 1869 1750 1923 sub

145 1939 469 1998 obedientia
486 1956 719 2012 magnus
738 1958 835 1996 rex
861 1941 1114 1996 concedit
1140 1939 1470 2010 plurimum,
1513 1941 1584 1996 ob
1613 1958 1751 2013 qua-

145 2018 502 2087 lemcumque
522 2015 827 2088 legitimam
846 2033 1068 2072 causam
1097 2015 1402 2086 dispertitis
1429 2016 1750 2074 civitatibus

145 2090 475 2166 praeficiens
504 2099 767 2157 rectorem
810 2109 950 2164 quos
976 2091 1153 2146 solent
1180 2088 1484 2163 praefectos
1523 2109 1745 2150 vocare:

145 2167 255 2222 hoc
284 2174 469 2221 tenore
494 2167 701 2239 optime
727 2167 959 2239 iureque
980 2166 1354 2221 sollicitudine
1374 2165 1562 2222 habita
1579 2167 1639 2222 in
1659 2186 1752 2223 ae-

144 2243 305 2297 thera
346 2242 749 2314 caelestemque
787 2243 939 2297 viam
976 2242 1156 2296 iturus
1194 2240 1459 2313 propheta
1486 2259 1586 2314 per
1616 2241 1750 2298 dili-

143 2317 393 2390 gentiam
414 2317 503 2371 sui
524 2317 642 2373 loco
669 2317 898 2389 reliquit
927 2318 1264 2389 inspectores
1294 2334 1357 2371 ac
1384 2319 1744 2390 praepositos,

248 2489 295 2537 ⁸⁵)
330 2500 366 2530 s.
399 2492 483 2530 nisi
514 2493 573 2538 ei,
612 2493 679 2531 cui
712 2493 937 2540 spiraverit
968 2494 1414 2543 cpio-tmlflavemque
1445 2495 1490 2533 in
1523 2505 1615 2534 eum
1644 2503 1746 2544 pro·-

136 2541 313 2592 phetia?
362 2539 523 2580 Auch.

247 2607 319 2655 m¹⁸)
348 2618 383 2647 s.
412 2617 459 2648 eo
484 2609 577 2656 ipso
604 2612 717 2658 quoa
742 2610 857 2649 Iesus
886 2611 1114 2650 dicebatur.
1166 2611 1326 2650 Anch-

247 2675 289 2722 ἦ)
319 2672 570 2716 Obscuritaa
604 2681 698 2716 erat
728 2679 775 2716 in
801 2678 867 2716 his
894 2677 1039 2726 dictis,
1075 2688 1184 2727 quae
1209 2679 1354 2718 nescio
1381 2689 1436 2718 an
1461 2681 1540 2720 rlte
1560 2682 1744 2721 elucida-

140 2728 297 2766 verim.
352 2727 508 2766 Aaou.

1921 2859 2098 3010 Α
